PokerStars Zoom Hand #255373806590:  Hold'em No Limit ($0.05/$0.10) - 2025/03/20 20:04:08 CET [2025/03/20 15:04:08 ET]
Table 'Aludra' 6-max Seat #1 is the button
Seat 1: JJAApageTTi ($62.57 in chips) 
Seat 2: dogpoker1 ($11.78 in chips) 
Seat 3: Mahu2021 ($10 in chips) 
Seat 4: josephaaas ($8.24 in chips) 
Seat 5: Smdpair77 ($22.96 in chips) 
Seat 6: nakajeeee ($32.50 in chips) 
dogpoker1: posts small blind $0.05
Mahu2021: posts big blind $0.10
*** HOLE CARDS ***
Dealt to Mahu2021 [2d 7d]
josephaaas: folds 
Smdpair77: raises $0.25 to $0.35
nakajeeee: folds 
JJAApageTTi: folds 
dogpoker1: folds 
Mahu2021: folds 
Uncalled bet ($0.25) returned to Smdpair77
Smdpair77 collected $0.25 from pot
Smdpair77: doesn't show hand 
*** SUMMARY ***
Total pot $0.25 | Rake $0 
Seat 1: JJAApageTTi (button) folded before Flop (didn't bet)
Seat 2: dogpoker1 (small blind) folded before Flop
Seat 3: Mahu2021 (big blind) folded before Flop
Seat 4: josephaaas folded before Flop (didn't bet)
Seat 5: Smdpair77 collected ($0.25)
Seat 6: nakajeeee folded before Flop (didn't bet)



PokerStars Zoom Hand #255373808270:  Hold'em No Limit ($0.05/$0.10) - 2025/03/20 20:04:15 CET [2025/03/20 15:04:15 ET]
Table 'Aludra' 6-max Seat #1 is the button
Seat 1: Mahu2021 ($9.90 in chips) 
Seat 2: EdgarYY ($10 in chips) 
Seat 3: Mr sat4n ($10 in chips) 
Seat 4: Dulvagan ($16.87 in chips) 
Seat 5: ddoctah ($10 in chips) 
Seat 6: COVEIROANCAP ($21.34 in chips) 
EdgarYY: posts small blind $0.05
Mr sat4n: posts big blind $0.10
*** HOLE CARDS ***
Dealt to Mahu2021 [As 6s]
Dulvagan: folds 
ddoctah: folds 
COVEIROANCAP: raises $0.15 to $0.25
Mahu2021: calls $0.25
EdgarYY: folds 
Mr sat4n: calls $0.15
*** FLOP *** [7d 9h 7s]
Mr sat4n: checks 
COVEIROANCAP: checks 
Mahu2021: checks 
*** TURN *** [7d 9h 7s] [6h]
Mr sat4n: bets $0.57
COVEIROANCAP: folds 
Mahu2021: calls $0.57
*** RIVER *** [7d 9h 7s 6h] [Qd]
Mr sat4n: bets $3
Mahu2021: folds 
Uncalled bet ($3) returned to Mr sat4n
Mr sat4n collected $1.85 from pot
Mr sat4n: doesn't show hand 
*** SUMMARY ***
Total pot $1.94 | Rake $0.09 
Board [7d 9h 7s 6h Qd]
Seat 1: Mahu2021 (button) folded on the River
Seat 2: EdgarYY (small blind) folded before Flop
Seat 3: Mr sat4n (big blind) collected ($1.85)
Seat 4: Dulvagan folded before Flop (didn't bet)
Seat 5: ddoctah folded before Flop (didn't bet)
Seat 6: COVEIROANCAP folded on the Turn



PokerStars Zoom Hand #255373821209:  Hold'em No Limit ($0.05/$0.10) - 2025/03/20 20:05:05 CET [2025/03/20 15:05:05 ET]
Table 'Aludra' 6-max Seat #1 is the button
Seat 1: Hawborn ($12.71 in chips) 
Seat 2: Mahu2021 ($9.08 in chips) 
Seat 3: glamaindor ($9.60 in chips) 
Seat 4: ziomekek ($19.63 in chips) 
Seat 5: jksgoodgz ($14.13 in chips) 
Seat 6: Inc-Zra ($21.85 in chips) 
Mahu2021: posts small blind $0.05
glamaindor: posts big blind $0.10
*** HOLE CARDS ***
Dealt to Mahu2021 [Js 7c]
ziomekek: folds 
jksgoodgz: folds 
Inc-Zra: folds 
Hawborn: folds 
Mahu2021: folds 
Uncalled bet ($0.05) returned to glamaindor
glamaindor collected $0.10 from pot
glamaindor: doesn't show hand 
*** SUMMARY ***
Total pot $0.10 | Rake $0 
Seat 1: Hawborn (button) folded before Flop (didn't bet)
Seat 2: Mahu2021 (small blind) folded before Flop
Seat 3: glamaindor (big blind) collected ($0.10)
Seat 4: ziomekek folded before Flop (didn't bet)
Seat 5: jksgoodgz folded before Flop (didn't bet)
Seat 6: Inc-Zra folded before Flop (didn't bet)



PokerStars Zoom Hand #255373822497:  Hold'em No Limit ($0.05/$0.10) - 2025/03/20 20:05:10 CET [2025/03/20 15:05:10 ET]
Table 'Aludra' 6-max Seat #1 is the button
Seat 1: Hoe_Jyland69 ($10.15 in chips) 
Seat 2: Gto_gtfo ($10 in chips) 
Seat 3: KingRaise93 ($19.17 in chips) 
Seat 4: Mahu2021 ($9.03 in chips) 
Seat 5: J.A. Thelot ($10.19 in chips) 
Seat 6: gresscrack ($18.08 in chips) 
Gto_gtfo: posts small blind $0.05
KingRaise93: posts big blind $0.10
*** HOLE CARDS ***
Dealt to Mahu2021 [6s Kc]
Mahu2021: folds 
J.A. Thelot: raises $0.10 to $0.20
gresscrack: folds 
Hoe_Jyland69: calls $0.20
Gto_gtfo: folds 
KingRaise93: calls $0.10
*** FLOP *** [8d Ad Qc]
KingRaise93: checks 
J.A. Thelot: bets $0.30
Hoe_Jyland69: folds 
KingRaise93: folds 
Uncalled bet ($0.30) returned to J.A. Thelot
J.A. Thelot collected $0.61 from pot
J.A. Thelot: doesn't show hand 
*** SUMMARY ***
Total pot $0.65 | Rake $0.04 
Board [8d Ad Qc]
Seat 1: Hoe_Jyland69 (button) folded on the Flop
Seat 2: Gto_gtfo (small blind) folded before Flop
Seat 3: KingRaise93 (big blind) folded on the Flop
Seat 4: Mahu2021 folded before Flop (didn't bet)
Seat 5: J.A. Thelot collected ($0.61)
Seat 6: gresscrack folded before Flop (didn't bet)



PokerStars Zoom Hand #255373825361:  Hold'em No Limit ($0.05/$0.10) - 2025/03/20 20:05:21 CET [2025/03/20 15:05:21 ET]
Table 'Aludra' 6-max Seat #1 is the button
Seat 1: HARIT81 ($4.55 in chips) 
Seat 2: b0ll ($17.44 in chips) 
Seat 3: JJAApageTTi ($8.35 in chips) 
Seat 4: TeeAssä ($19.35 in chips) 
Seat 5: Mahu2021 ($9.03 in chips) 
Seat 6: Ozias01 ($12.53 in chips) 
b0ll: posts small blind $0.05
JJAApageTTi: posts big blind $0.10
*** HOLE CARDS ***
Dealt to Mahu2021 [7s Qh]
TeeAssä: folds 
Mahu2021: folds 
Ozias01: raises $0.20 to $0.30
HARIT81: folds 
b0ll: folds 
JJAApageTTi: folds 
Uncalled bet ($0.20) returned to Ozias01
Ozias01 collected $0.25 from pot
Ozias01: doesn't show hand 
*** SUMMARY ***
Total pot $0.25 | Rake $0 
Seat 1: HARIT81 (button) folded before Flop (didn't bet)
Seat 2: b0ll (small blind) folded before Flop
Seat 3: JJAApageTTi (big blind) folded before Flop
Seat 4: TeeAssä folded before Flop (didn't bet)
Seat 5: Mahu2021 folded before Flop (didn't bet)
Seat 6: Ozias01 collected ($0.25)



PokerStars Zoom Hand #255373826410:  Hold'em No Limit ($0.05/$0.10) - 2025/03/20 20:05:25 CET [2025/03/20 15:05:25 ET]
Table 'Aludra' 6-max Seat #1 is the button
Seat 1: Luffy V ($10.38 in chips) 
Seat 2: Dulvagan ($20.17 in chips) 
Seat 3: Mahu2021 ($9.03 in chips) 
Seat 4: Inc-Zra ($15.35 in chips) 
Seat 5: HARIT81 ($4.55 in chips) 
Seat 6: pjoliveira1 ($9.85 in chips) 
Dulvagan: posts small blind $0.05
Mahu2021: posts big blind $0.10
*** HOLE CARDS ***
Dealt to Mahu2021 [2h Jh]
Inc-Zra: folds 
HARIT81: folds 
pjoliveira1: folds 
Luffy V: raises $0.15 to $0.25
Dulvagan: folds 
Mahu2021: folds 
Uncalled bet ($0.15) returned to Luffy V
Luffy V collected $0.25 from pot
Luffy V: doesn't show hand 
*** SUMMARY ***
Total pot $0.25 | Rake $0 
Seat 1: Luffy V (button) collected ($0.25)
Seat 2: Dulvagan (small blind) folded before Flop
Seat 3: Mahu2021 (big blind) folded before Flop
Seat 4: Inc-Zra folded before Flop (didn't bet)
Seat 5: HARIT81 folded before Flop (didn't bet)
Seat 6: pjoliveira1 folded before Flop (didn't bet)



PokerStars Zoom Hand #255373823533:  Hold'em No Limit ($0.05/$0.10) - 2025/03/20 20:05:14 CET [2025/03/20 15:05:14 ET]
Table 'Aludra' 6-max Seat #1 is the button
Seat 1: Gabitochan ($10.30 in chips) 
Seat 2: HARIT81 ($4.60 in chips) 
Seat 3: ziomekek ($10.45 in chips) 
Seat 4: alex656570 ($4.05 in chips) 
Seat 5: EdgarYY ($10 in chips) 
Seat 6: Mahu2021 ($9.03 in chips) 
HARIT81: posts small blind $0.05
ziomekek: posts big blind $0.10
*** HOLE CARDS ***
Dealt to Mahu2021 [2h Qd]
alex656570: folds 
EdgarYY: folds 
Mahu2021: folds 
Gabitochan: raises $0.10 to $0.20
HARIT81: folds 
ziomekek: calls $0.10
*** FLOP *** [Qc 3d 3h]
ziomekek: checks 
Gabitochan: bets $0.13
ziomekek: folds 
Uncalled bet ($0.13) returned to Gabitochan
Gabitochan collected $0.43 from pot
Gabitochan: doesn't show hand 
*** SUMMARY ***
Total pot $0.45 | Rake $0.02 
Board [Qc 3d 3h]
Seat 1: Gabitochan (button) collected ($0.43)
Seat 2: HARIT81 (small blind) folded before Flop
Seat 3: ziomekek (big blind) folded on the Flop
Seat 4: alex656570 folded before Flop (didn't bet)
Seat 5: EdgarYY folded before Flop (didn't bet)
Seat 6: Mahu2021 folded before Flop (didn't bet)



PokerStars Zoom Hand #255373824571:  Hold'em No Limit ($0.05/$0.10) - 2025/03/20 20:05:18 CET [2025/03/20 15:05:18 ET]
Table 'Aludra' 6-max Seat #1 is the button
Seat 1: stelio83 ($33.34 in chips) 
Seat 2: alex6255 ($15.29 in chips) 
Seat 3: saljam23 ($10 in chips) 
Seat 4: gresscrack ($18.08 in chips) 
Seat 5: Mahu2021 ($9.03 in chips) 
Seat 6: jksgoodgz ($14.08 in chips) 
alex6255: posts small blind $0.05
saljam23: posts big blind $0.10
*** HOLE CARDS ***
Dealt to Mahu2021 [Jd 4s]
gresscrack: raises $0.20 to $0.30
Mahu2021: folds 
jksgoodgz: folds 
stelio83: folds 
alex6255: folds 
saljam23: calls $0.20
*** FLOP *** [3d Qh 9c]
saljam23: checks 
gresscrack: bets $0.30
saljam23: calls $0.30
*** TURN *** [3d Qh 9c] [Qc]
saljam23: checks 
gresscrack: checks 
*** RIVER *** [3d Qh 9c Qc] [3s]
saljam23: checks 
gresscrack: bets $0.89
saljam23: folds 
Uncalled bet ($0.89) returned to gresscrack
gresscrack collected $1.19 from pot
gresscrack: doesn't show hand 
*** SUMMARY ***
Total pot $1.25 | Rake $0.06 
Board [3d Qh 9c Qc 3s]
Seat 1: stelio83 (button) folded before Flop (didn't bet)
Seat 2: alex6255 (small blind) folded before Flop
Seat 3: saljam23 (big blind) folded on the River
Seat 4: gresscrack collected ($1.19)
Seat 5: Mahu2021 folded before Flop (didn't bet)
Seat 6: jksgoodgz folded before Flop (didn't bet)



PokerStars Zoom Hand #255373830465:  Hold'em No Limit ($0.05/$0.10) - 2025/03/20 20:05:41 CET [2025/03/20 15:05:41 ET]
Table 'Aludra' 6-max Seat #1 is the button
Seat 1: Gregory.M23 ($22.73 in chips) 
Seat 2: Rafael lig ($5.12 in chips) 
Seat 3: 1block1 ($12.51 in chips) 
Seat 4: JJAApageTTi ($9.32 in chips) 
Seat 5: Hoyer55 ($9.95 in chips) 
Seat 6: Mahu2021 ($8.93 in chips) 
Rafael lig: posts small blind $0.05
1block1: posts big blind $0.10
*** HOLE CARDS ***
Dealt to Mahu2021 [Jc Ac]
JJAApageTTi: folds 
Hoyer55: calls $0.10
Mahu2021: raises $0.50 to $0.60
Gregory.M23: folds 
Rafael lig: folds 
1block1: folds 
Hoyer55: calls $0.50
*** FLOP *** [3d 5h 4s]
Hoyer55: checks 
Mahu2021: bets $1.29
Hoyer55: folds 
Uncalled bet ($1.29) returned to Mahu2021
Mahu2021 collected $1.29 from pot
Mahu2021: doesn't show hand 
*** SUMMARY ***
Total pot $1.35 | Rake $0.06 
Board [3d 5h 4s]
Seat 1: Gregory.M23 (button) folded before Flop (didn't bet)
Seat 2: Rafael lig (small blind) folded before Flop
Seat 3: 1block1 (big blind) folded before Flop
Seat 4: JJAApageTTi folded before Flop (didn't bet)
Seat 5: Hoyer55 folded on the Flop
Seat 6: Mahu2021 collected ($1.29)



PokerStars Zoom Hand #255373837511:  Hold'em No Limit ($0.05/$0.10) - 2025/03/20 20:06:08 CET [2025/03/20 15:06:08 ET]
Table 'Aludra' 6-max Seat #1 is the button
Seat 1: alpharfn ($17.26 in chips) 
Seat 2: Mahu2021 ($9.62 in chips) 
Seat 3: Rafael lig ($4.51 in chips) 
Seat 4: Vicktorio ($12.83 in chips) 
Seat 5: Gabitochan ($10.68 in chips) 
Seat 6: COVEIROANCAP ($19.02 in chips) 
Mahu2021: posts small blind $0.05
Rafael lig: posts big blind $0.10
*** HOLE CARDS ***
Dealt to Mahu2021 [7h 7d]
Vicktorio: raises $0.15 to $0.25
Gabitochan: folds 
COVEIROANCAP: folds 
alpharfn: folds 
Mahu2021: calls $0.20
Rafael lig: folds 
*** FLOP *** [Kd 8d 6h]
Mahu2021: checks 
Vicktorio: checks 
*** TURN *** [Kd 8d 6h] [3c]
Mahu2021: checks 
Vicktorio: checks 
*** RIVER *** [Kd 8d 6h 3c] [Js]
Mahu2021: checks 
Vicktorio: bets $0.46
Mahu2021: calls $0.46
*** SHOW DOWN ***
Vicktorio: shows [Jh Ac] (a pair of Jacks)
Mahu2021: mucks hand 
Vicktorio collected $1.45 from pot
*** SUMMARY ***
Total pot $1.52 | Rake $0.07 
Board [Kd 8d 6h 3c Js]
Seat 1: alpharfn (button) folded before Flop (didn't bet)
Seat 2: Mahu2021 (small blind) mucked [7h 7d]
Seat 3: Rafael lig (big blind) folded before Flop
Seat 4: Vicktorio showed [Jh Ac] and won ($1.45) with a pair of Jacks
Seat 5: Gabitochan folded before Flop (didn't bet)
Seat 6: COVEIROANCAP folded before Flop (didn't bet)



PokerStars Zoom Hand #255373844838:  Hold'em No Limit ($0.05/$0.10) - 2025/03/20 20:06:36 CET [2025/03/20 15:06:36 ET]
Table 'Aludra' 6-max Seat #1 is the button
Seat 1: Mahu2021 ($8.91 in chips) 
Seat 2: Vicktorio ($13.57 in chips) 
Seat 3: b0ll ($17.67 in chips) 
Seat 4: tobieski ($10.97 in chips) 
Seat 5: iAmSon9I ($7.70 in chips) 
Seat 6: susan1985 ($7.78 in chips) 
Vicktorio: posts small blind $0.05
b0ll: posts big blind $0.10
*** HOLE CARDS ***
Dealt to Mahu2021 [Td 4h]
tobieski: raises $0.12 to $0.22
iAmSon9I: folds 
susan1985: folds 
Mahu2021: folds 
Vicktorio: folds 
b0ll: folds 
Uncalled bet ($0.12) returned to tobieski
tobieski collected $0.25 from pot
tobieski: doesn't show hand 
*** SUMMARY ***
Total pot $0.25 | Rake $0 
Seat 1: Mahu2021 (button) folded before Flop (didn't bet)
Seat 2: Vicktorio (small blind) folded before Flop
Seat 3: b0ll (big blind) folded before Flop
Seat 4: tobieski collected ($0.25)
Seat 5: iAmSon9I folded before Flop (didn't bet)
Seat 6: susan1985 folded before Flop (didn't bet)



PokerStars Zoom Hand #255373847172:  Hold'em No Limit ($0.05/$0.10) - 2025/03/20 20:06:45 CET [2025/03/20 15:06:45 ET]
Table 'Aludra' 6-max Seat #1 is the button
Seat 1: rk_ito7 ($10.04 in chips) 
Seat 2: PavanaTTo23 ($10 in chips) 
Seat 3: pjoliveira1 ($10.21 in chips) 
Seat 4: Mahu2021 ($8.91 in chips) 
Seat 5: Luffy V ($15.60 in chips) 
Seat 6: zogecmarogec ($3.67 in chips) 
PavanaTTo23: posts small blind $0.05
pjoliveira1: posts big blind $0.10
*** HOLE CARDS ***
Dealt to Mahu2021 [Jd Qd]
Mahu2021: raises $0.14 to $0.24
Luffy V: folds 
zogecmarogec: folds 
rk_ito7: folds 
PavanaTTo23: folds 
pjoliveira1: folds 
Uncalled bet ($0.14) returned to Mahu2021
Mahu2021 collected $0.25 from pot
Mahu2021: doesn't show hand 
*** SUMMARY ***
Total pot $0.25 | Rake $0 
Seat 1: rk_ito7 (button) folded before Flop (didn't bet)
Seat 2: PavanaTTo23 (small blind) folded before Flop
Seat 3: pjoliveira1 (big blind) folded before Flop
Seat 4: Mahu2021 collected ($0.25)
Seat 5: Luffy V folded before Flop (didn't bet)
Seat 6: zogecmarogec folded before Flop (didn't bet)



PokerStars Zoom Hand #255373849957:  Hold'em No Limit ($0.05/$0.10) - 2025/03/20 20:06:56 CET [2025/03/20 15:06:56 ET]
Table 'Aludra' 6-max Seat #1 is the button
Seat 1: PICCOLI0803 ($5.94 in chips) 
Seat 2: kinit100 ($20.43 in chips) 
Seat 3: Mahu2021 ($9.06 in chips) 
Seat 4: b0ll ($58.97 in chips) 
Seat 5: Rafael lig ($4.36 in chips) 
Seat 6: iAmSon9I ($7.55 in chips) 
kinit100: posts small blind $0.05
Mahu2021: posts big blind $0.10
*** HOLE CARDS ***
Dealt to Mahu2021 [Ks Qs]
b0ll: folds 
Rafael lig: folds 
iAmSon9I: folds 
PICCOLI0803: raises $0.10 to $0.20
kinit100: folds 
Mahu2021: calls $0.10
*** FLOP *** [6d 4h 2s]
Mahu2021: checks 
PICCOLI0803: bets $0.20
Mahu2021: calls $0.20
*** TURN *** [6d 4h 2s] [Qc]
Mahu2021: checks 
PICCOLI0803: checks 
*** RIVER *** [6d 4h 2s Qc] [9s]
Mahu2021: bets $0.81
PICCOLI0803: folds 
Uncalled bet ($0.81) returned to Mahu2021
Mahu2021 collected $0.81 from pot
Mahu2021: doesn't show hand 
*** SUMMARY ***
Total pot $0.85 | Rake $0.04 
Board [6d 4h 2s Qc 9s]
Seat 1: PICCOLI0803 (button) folded on the River
Seat 2: kinit100 (small blind) folded before Flop
Seat 3: Mahu2021 (big blind) collected ($0.81)
Seat 4: b0ll folded before Flop (didn't bet)
Seat 5: Rafael lig folded before Flop (didn't bet)
Seat 6: iAmSon9I folded before Flop (didn't bet)



PokerStars Zoom Hand #255373856768:  Hold'em No Limit ($0.05/$0.10) - 2025/03/20 20:07:23 CET [2025/03/20 15:07:23 ET]
Table 'Aludra' 6-max Seat #1 is the button
Seat 1: Gregory.M23 ($10.23 in chips) 
Seat 2: Mahu2021 ($9.47 in chips) 
Seat 3: PICCOLI0803 ($5.54 in chips) 
Seat 4: jksgoodgz ($12.42 in chips) 
Seat 5: PavanaTTo23 ($37.88 in chips) 
Seat 6: Dulvagan ($56.55 in chips) 
Mahu2021: posts small blind $0.05
PICCOLI0803: posts big blind $0.10
*** HOLE CARDS ***
Dealt to Mahu2021 [6h Jd]
jksgoodgz: folds 
PavanaTTo23: raises $0.15 to $0.25
Dulvagan: folds 
Gregory.M23: folds 
Mahu2021: folds 
PICCOLI0803: folds 
Uncalled bet ($0.15) returned to PavanaTTo23
PavanaTTo23 collected $0.25 from pot
PavanaTTo23: doesn't show hand 
*** SUMMARY ***
Total pot $0.25 | Rake $0 
Seat 1: Gregory.M23 (button) folded before Flop (didn't bet)
Seat 2: Mahu2021 (small blind) folded before Flop
Seat 3: PICCOLI0803 (big blind) folded before Flop
Seat 4: jksgoodgz folded before Flop (didn't bet)
Seat 5: PavanaTTo23 collected ($0.25)
Seat 6: Dulvagan folded before Flop (didn't bet)



PokerStars Zoom Hand #255373859392:  Hold'em No Limit ($0.05/$0.10) - 2025/03/20 20:07:32 CET [2025/03/20 15:07:32 ET]
Table 'Aludra' 6-max Seat #1 is the button
Seat 1: Mahu2021 ($9.42 in chips) 
Seat 2: Inc-Zra ($10.19 in chips) 
Seat 3: Dulvagan ($34.87 in chips) 
Seat 4: DAVEDOUGHNUT ($6.04 in chips) 
Seat 5: gresscrack ($19.12 in chips) 
Seat 6: AlvinoD ($27.34 in chips) 
Inc-Zra: posts small blind $0.05
Dulvagan: posts big blind $0.10
*** HOLE CARDS ***
Dealt to Mahu2021 [Qs 8d]
DAVEDOUGHNUT: folds 
gresscrack: folds 
AlvinoD: folds 
Mahu2021: folds 
Inc-Zra: folds 
Uncalled bet ($0.05) returned to Dulvagan
Dulvagan collected $0.10 from pot
Dulvagan: doesn't show hand 
*** SUMMARY ***
Total pot $0.10 | Rake $0 
Seat 1: Mahu2021 (button) folded before Flop (didn't bet)
Seat 2: Inc-Zra (small blind) folded before Flop
Seat 3: Dulvagan (big blind) collected ($0.10)
Seat 4: DAVEDOUGHNUT folded before Flop (didn't bet)
Seat 5: gresscrack folded before Flop (didn't bet)
Seat 6: AlvinoD folded before Flop (didn't bet)



PokerStars Zoom Hand #255373860881:  Hold'em No Limit ($0.05/$0.10) - 2025/03/20 20:07:38 CET [2025/03/20 15:07:38 ET]
Table 'Aludra' 6-max Seat #1 is the button
Seat 1: susan1985 ($6.12 in chips) 
Seat 2: Caozi ($12.92 in chips) 
Seat 3: PavanaTTo23 ($38.03 in chips) 
Seat 4: Hoyer55 ($10.13 in chips) 
Seat 5: Gregory.M23 ($10.23 in chips) 
Seat 6: Mahu2021 ($9.42 in chips) 
Caozi: posts small blind $0.05
PavanaTTo23: posts big blind $0.10
*** HOLE CARDS ***
Dealt to Mahu2021 [4c Ad]
Hoyer55: folds 
Gregory.M23: folds 
Mahu2021: folds 
susan1985: calls $0.10
Caozi: folds 
PavanaTTo23: checks 
*** FLOP *** [7d 7h Jh]
PavanaTTo23: checks 
susan1985: checks 
*** TURN *** [7d 7h Jh] [3c]
PavanaTTo23: bets $0.18
susan1985: folds 
Uncalled bet ($0.18) returned to PavanaTTo23
PavanaTTo23 collected $0.24 from pot
PavanaTTo23: doesn't show hand 
*** SUMMARY ***
Total pot $0.25 | Rake $0.01 
Board [7d 7h Jh 3c]
Seat 1: susan1985 (button) folded on the Turn
Seat 2: Caozi (small blind) folded before Flop
Seat 3: PavanaTTo23 (big blind) collected ($0.24)
Seat 4: Hoyer55 folded before Flop (didn't bet)
Seat 5: Gregory.M23 folded before Flop (didn't bet)
Seat 6: Mahu2021 folded before Flop (didn't bet)



PokerStars Zoom Hand #255373863172:  Hold'em No Limit ($0.05/$0.10) - 2025/03/20 20:07:48 CET [2025/03/20 15:07:48 ET]
Table 'Aludra' 6-max Seat #1 is the button
Seat 1: DAVEDOUGHNUT ($5.99 in chips) 
Seat 2: Inc-Zra ($11.56 in chips) 
Seat 3: jksgoodgz ($12.37 in chips) 
Seat 4: dzerzy1 ($11.30 in chips) 
Seat 5: Mahu2021 ($9.42 in chips) 
Seat 6: looser00091 ($26.15 in chips) 
Inc-Zra: posts small blind $0.05
jksgoodgz: posts big blind $0.10
*** HOLE CARDS ***
Dealt to Mahu2021 [6h 4d]
dzerzy1: raises $0.10 to $0.20
Mahu2021: folds 
looser00091: folds 
DAVEDOUGHNUT: folds 
Inc-Zra: raises $0.80 to $1
jksgoodgz: raises $1.30 to $2.30
dzerzy1: folds 
Inc-Zra: folds 
Uncalled bet ($1.30) returned to jksgoodgz
jksgoodgz collected $2.20 from pot
jksgoodgz: doesn't show hand 
*** SUMMARY ***
Total pot $2.20 | Rake $0 
Seat 1: DAVEDOUGHNUT (button) folded before Flop (didn't bet)
Seat 2: Inc-Zra (small blind) folded before Flop
Seat 3: jksgoodgz (big blind) collected ($2.20)
Seat 4: dzerzy1 folded before Flop
Seat 5: Mahu2021 folded before Flop (didn't bet)
Seat 6: looser00091 folded before Flop (didn't bet)



PokerStars Zoom Hand #255373871934:  Hold'em No Limit ($0.05/$0.10) - 2025/03/20 20:08:22 CET [2025/03/20 15:08:22 ET]
Table 'Aludra' 6-max Seat #1 is the button
Seat 1: pjoliveira1 ($9.91 in chips) 
Seat 2: rk_ito7 ($10.05 in chips) 
Seat 3: Mahu2021 ($9.42 in chips) 
Seat 4: tobieski ($10.68 in chips) 
Seat 5: JJAApageTTi ($37.73 in chips) 
Seat 6: alex6255 ($12.18 in chips) 
rk_ito7: posts small blind $0.05
Mahu2021: posts big blind $0.10
*** HOLE CARDS ***
Dealt to Mahu2021 [3d 2h]
tobieski: folds 
JJAApageTTi: folds 
alex6255: raises $0.15 to $0.25
pjoliveira1: folds 
rk_ito7: raises $0.75 to $1
Mahu2021: folds 
alex6255: folds 
Uncalled bet ($0.75) returned to rk_ito7
rk_ito7 collected $0.60 from pot
rk_ito7: doesn't show hand 
*** SUMMARY ***
Total pot $0.60 | Rake $0 
Seat 1: pjoliveira1 (button) folded before Flop (didn't bet)
Seat 2: rk_ito7 (small blind) collected ($0.60)
Seat 3: Mahu2021 (big blind) folded before Flop
Seat 4: tobieski folded before Flop (didn't bet)
Seat 5: JJAApageTTi folded before Flop (didn't bet)
Seat 6: alex6255 folded before Flop



PokerStars Zoom Hand #255373870663:  Hold'em No Limit ($0.05/$0.10) - 2025/03/20 20:08:17 CET [2025/03/20 15:08:17 ET]
Table 'Aludra' 6-max Seat #1 is the button
Seat 1: alex6255 ($12.18 in chips) 
Seat 2: jksgoodgz ($14.83 in chips) 
Seat 3: Luffy V ($10.81 in chips) 
Seat 4: Mahu2021 ($9.42 in chips) 
Seat 5: ziomekek ($19.74 in chips) 
Seat 6: alexbuzatu ($17.97 in chips) 
jksgoodgz: posts small blind $0.05
Luffy V: posts big blind $0.10
*** HOLE CARDS ***
Dealt to Mahu2021 [Qh 6d]
Mahu2021: folds 
ziomekek: raises $0.10 to $0.20
alexbuzatu: calls $0.20
alex6255: folds 
jksgoodgz: folds 
Luffy V: calls $0.10
*** FLOP *** [5d Qd 4c]
Luffy V: checks 
ziomekek: checks 
alexbuzatu: bets $0.52
Luffy V: folds 
ziomekek: folds 
Uncalled bet ($0.52) returned to alexbuzatu
alexbuzatu collected $0.62 from pot
alexbuzatu: doesn't show hand 
*** SUMMARY ***
Total pot $0.65 | Rake $0.03 
Board [5d Qd 4c]
Seat 1: alex6255 (button) folded before Flop (didn't bet)
Seat 2: jksgoodgz (small blind) folded before Flop
Seat 3: Luffy V (big blind) folded on the Flop
Seat 4: Mahu2021 folded before Flop (didn't bet)
Seat 5: ziomekek folded on the Flop
Seat 6: alexbuzatu collected ($0.62)



PokerStars Zoom Hand #255373874717:  Hold'em No Limit ($0.05/$0.10) - 2025/03/20 20:08:33 CET [2025/03/20 15:08:33 ET]
Table 'Aludra' 6-max Seat #1 is the button
Seat 1: chueko148 ($5.72 in chips) 
Seat 2: Mahu2021 ($9.32 in chips) 
Seat 3: davidshell ($14.50 in chips) 
Seat 4: Rafael lig ($4.77 in chips) 
Seat 5: anna-grach ($4.91 in chips) 
Seat 6: PavanaTTo23 ($38.12 in chips) 
Mahu2021: posts small blind $0.05
davidshell: posts big blind $0.10
*** HOLE CARDS ***
Dealt to Mahu2021 [Js Td]
Rafael lig: raises $0.10 to $0.20
anna-grach: folds 
PavanaTTo23: folds 
chueko148: folds 
Mahu2021: folds 
davidshell: folds 
Uncalled bet ($0.10) returned to Rafael lig
Rafael lig collected $0.25 from pot
Rafael lig: doesn't show hand 
*** SUMMARY ***
Total pot $0.25 | Rake $0 
Seat 1: chueko148 (button) folded before Flop (didn't bet)
Seat 2: Mahu2021 (small blind) folded before Flop
Seat 3: davidshell (big blind) folded before Flop
Seat 4: Rafael lig collected ($0.25)
Seat 5: anna-grach folded before Flop (didn't bet)
Seat 6: PavanaTTo23 folded before Flop (didn't bet)



PokerStars Zoom Hand #255373867648:  Hold'em No Limit ($0.05/$0.10) - 2025/03/20 20:08:05 CET [2025/03/20 15:08:05 ET]
Table 'Aludra' 6-max Seat #1 is the button
Seat 1: Bur1k ($5 in chips) 
Seat 2: alexbuzatu ($18.02 in chips) 
Seat 3: Windows 21xp ($10 in chips) 
Seat 4: Mr sat4n ($10.34 in chips) 
Seat 5: sup what ($7.53 in chips) 
Seat 6: Mahu2021 ($9.42 in chips) 
alexbuzatu: posts small blind $0.05
Windows 21xp: posts big blind $0.10
*** HOLE CARDS ***
Dealt to Mahu2021 [Tc 6d]
Mr sat4n: raises $0.20 to $0.30
sup what: calls $0.30
Mahu2021: folds 
Bur1k: folds 
alexbuzatu: folds 
Windows 21xp: folds 
*** FLOP *** [Kd Qd 8h]
Mr sat4n: bets $0.54
sup what: folds 
Uncalled bet ($0.54) returned to Mr sat4n
Mr sat4n collected $0.72 from pot
Mr sat4n: doesn't show hand 
*** SUMMARY ***
Total pot $0.75 | Rake $0.03 
Board [Kd Qd 8h]
Seat 1: Bur1k (button) folded before Flop (didn't bet)
Seat 2: alexbuzatu (small blind) folded before Flop
Seat 3: Windows 21xp (big blind) folded before Flop
Seat 4: Mr sat4n collected ($0.72)
Seat 5: sup what folded on the Flop
Seat 6: Mahu2021 folded before Flop (didn't bet)



PokerStars Zoom Hand #255373876489:  Hold'em No Limit ($0.05/$0.10) - 2025/03/20 20:08:40 CET [2025/03/20 15:08:40 ET]
Table 'Aludra' 6-max Seat #1 is the button
Seat 1: Mahu2021 ($9.27 in chips) 
Seat 2: ziomekek ($14.64 in chips) 
Seat 3: iAmSon9I ($9.57 in chips) 
Seat 4: tobieski ($10.63 in chips) 
Seat 5: augtoth ($10.91 in chips) 
Seat 6: pjoliveira1 ($10.06 in chips) 
ziomekek: posts small blind $0.05
iAmSon9I: posts big blind $0.10
*** HOLE CARDS ***
Dealt to Mahu2021 [6s Jh]
tobieski: folds 
augtoth: folds 
pjoliveira1: folds 
Mahu2021: folds 
ziomekek: folds 
Uncalled bet ($0.05) returned to iAmSon9I
iAmSon9I collected $0.10 from pot
iAmSon9I: doesn't show hand 
*** SUMMARY ***
Total pot $0.10 | Rake $0 
Seat 1: Mahu2021 (button) folded before Flop (didn't bet)
Seat 2: ziomekek (small blind) folded before Flop
Seat 3: iAmSon9I (big blind) collected ($0.10)
Seat 4: tobieski folded before Flop (didn't bet)
Seat 5: augtoth folded before Flop (didn't bet)
Seat 6: pjoliveira1 folded before Flop (didn't bet)



PokerStars Zoom Hand #255373878585:  Hold'em No Limit ($0.05/$0.10) - 2025/03/20 20:08:48 CET [2025/03/20 15:08:48 ET]
Table 'Aludra' 6-max Seat #1 is the button
Seat 1: augtoth ($11.91 in chips) 
Seat 2: alpharfn ($17.11 in chips) 
Seat 3: glamaindor ($9.65 in chips) 
Seat 4: Mahu2021 ($9.27 in chips) 
Seat 5: PICCOLI0803 ($4.99 in chips) 
Seat 6: gonzatocho77 ($10 in chips) 
alpharfn: posts small blind $0.05
glamaindor: posts big blind $0.10
*** HOLE CARDS ***
Dealt to Mahu2021 [3c Ts]
Mahu2021: folds 
PICCOLI0803: raises $0.10 to $0.20
gonzatocho77: folds 
augtoth: folds 
alpharfn: folds 
glamaindor: folds 
Uncalled bet ($0.10) returned to PICCOLI0803
PICCOLI0803 collected $0.25 from pot
PICCOLI0803: doesn't show hand 
*** SUMMARY ***
Total pot $0.25 | Rake $0 
Seat 1: augtoth (button) folded before Flop (didn't bet)
Seat 2: alpharfn (small blind) folded before Flop
Seat 3: glamaindor (big blind) folded before Flop
Seat 4: Mahu2021 folded before Flop (didn't bet)
Seat 5: PICCOLI0803 collected ($0.25)
Seat 6: gonzatocho77 folded before Flop (didn't bet)



PokerStars Zoom Hand #255373879364:  Hold'em No Limit ($0.05/$0.10) - 2025/03/20 20:08:51 CET [2025/03/20 15:08:51 ET]
Table 'Aludra' 6-max Seat #1 is the button
Seat 1: angelosan201 ($9.45 in chips) 
Seat 2: Windows 21xp ($12.10 in chips) 
Seat 3: tobieski ($10.63 in chips) 
Seat 4: Mahu2021 ($9.27 in chips) 
Seat 5: lassen22 ($15.26 in chips) 
Seat 6: Don Patato's ($13.71 in chips) 
Windows 21xp: posts small blind $0.05
tobieski: posts big blind $0.10
*** HOLE CARDS ***
Dealt to Mahu2021 [6s Ac]
Mahu2021: folds 
lassen22: folds 
Don Patato's: raises $0.20 to $0.30
angelosan201: folds 
Windows 21xp: folds 
tobieski: folds 
Uncalled bet ($0.20) returned to Don Patato's
Don Patato's collected $0.25 from pot
Don Patato's: doesn't show hand 
*** SUMMARY ***
Total pot $0.25 | Rake $0 
Seat 1: angelosan201 (button) folded before Flop (didn't bet)
Seat 2: Windows 21xp (small blind) folded before Flop
Seat 3: tobieski (big blind) folded before Flop
Seat 4: Mahu2021 folded before Flop (didn't bet)
Seat 5: lassen22 folded before Flop (didn't bet)
Seat 6: Don Patato's collected ($0.25)



PokerStars Zoom Hand #255373880141:  Hold'em No Limit ($0.05/$0.10) - 2025/03/20 20:08:54 CET [2025/03/20 15:08:54 ET]
Table 'Aludra' 6-max Seat #1 is the button
Seat 1: Mahu2021 ($9.27 in chips) 
Seat 2: Rafael lig ($4.82 in chips) 
Seat 3: nakajeeee ($11.86 in chips) 
Seat 4: petrov14 ($10 in chips) 
Seat 5: glamaindor ($9.55 in chips) 
Seat 6: Luffy V ($15.01 in chips) 
Rafael lig: posts small blind $0.05
nakajeeee: posts big blind $0.10
*** HOLE CARDS ***
Dealt to Mahu2021 [Ks 9h]
petrov14: folds 
glamaindor: raises $0.10 to $0.20
Luffy V: folds 
Mahu2021: folds 
Rafael lig: folds 
nakajeeee: calls $0.10
*** FLOP *** [Kh Tc 3s]
nakajeeee: checks 
glamaindor: checks 
*** TURN *** [Kh Tc 3s] [2c]
nakajeeee: bets $0.30
glamaindor: calls $0.30
*** RIVER *** [Kh Tc 3s 2c] [8s]
nakajeeee: bets $0.80
glamaindor: folds 
Uncalled bet ($0.80) returned to nakajeeee
nakajeeee collected $1 from pot
nakajeeee: doesn't show hand 
*** SUMMARY ***
Total pot $1.05 | Rake $0.05 
Board [Kh Tc 3s 2c 8s]
Seat 1: Mahu2021 (button) folded before Flop (didn't bet)
Seat 2: Rafael lig (small blind) folded before Flop
Seat 3: nakajeeee (big blind) collected ($1)
Seat 4: petrov14 folded before Flop (didn't bet)
Seat 5: glamaindor folded on the River
Seat 6: Luffy V folded before Flop (didn't bet)



PokerStars Zoom Hand #255373881182:  Hold'em No Limit ($0.05/$0.10) - 2025/03/20 20:08:58 CET [2025/03/20 15:08:58 ET]
Table 'Aludra' 6-max Seat #1 is the button
Seat 1: petrov14 ($10 in chips) 
Seat 2: Mahu2021 ($9.27 in chips) 
Seat 3: PavanaTTo23 ($38.07 in chips) 
Seat 4: 1block1 ($16.09 in chips) 
Seat 5: Hoyer55 ($9.83 in chips) 
Seat 6: gresscrack ($19.07 in chips) 
Mahu2021: posts small blind $0.05
PavanaTTo23: posts big blind $0.10
*** HOLE CARDS ***
Dealt to Mahu2021 [Kd Js]
1block1: folds 
Hoyer55: folds 
gresscrack: folds 
petrov14: raises $0.20 to $0.30
Mahu2021: calls $0.25
PavanaTTo23: folds 
*** FLOP *** [Ah 5d 4c]
Mahu2021: checks 
petrov14: checks 
*** TURN *** [Ah 5d 4c] [Ks]
Mahu2021: checks 
petrov14: checks 
*** RIVER *** [Ah 5d 4c Ks] [Qd]
Mahu2021: bets $0.67
petrov14: calls $0.67
*** SHOW DOWN ***
Mahu2021: shows [Kd Js] (a pair of Kings)
petrov14: shows [Jh Kh] (a pair of Kings)
Mahu2021 collected $0.98 from pot
petrov14 collected $0.97 from pot
*** SUMMARY ***
Total pot $2.04 | Rake $0.09 
Board [Ah 5d 4c Ks Qd]
Seat 1: petrov14 (button) showed [Jh Kh] and won ($0.97) with a pair of Kings
Seat 2: Mahu2021 (small blind) showed [Kd Js] and won ($0.98) with a pair of Kings
Seat 3: PavanaTTo23 (big blind) folded before Flop
Seat 4: 1block1 folded before Flop (didn't bet)
Seat 5: Hoyer55 folded before Flop (didn't bet)
Seat 6: gresscrack folded before Flop (didn't bet)



PokerStars Zoom Hand #255373877825:  Hold'em No Limit ($0.05/$0.10) - 2025/03/20 20:08:45 CET [2025/03/20 15:08:45 ET]
Table 'Aludra' 6-max Seat #1 is the button
Seat 1: ddoctah ($10 in chips) 
Seat 2: looser00091 ($26.05 in chips) 
Seat 3: rk_ito7 ($17.07 in chips) 
Seat 4: Gabitochan ($9.68 in chips) 
Seat 5: Mahu2021 ($9.27 in chips) 
Seat 6: Arachnid56 ($10 in chips) 
looser00091: posts small blind $0.05
rk_ito7: posts big blind $0.10
*** HOLE CARDS ***
Dealt to Mahu2021 [3d 6s]
Gabitochan: folds 
Mahu2021: folds 
Arachnid56 has timed out
Arachnid56: folds 
ddoctah: raises $0.15 to $0.25
looser00091: raises $0.95 to $1.20
rk_ito7: folds 
ddoctah: raises $1.50 to $2.70
looser00091: raises $8.80 to $11.50
ddoctah: calls $7.30 and is all-in
Uncalled bet ($1.50) returned to looser00091
*** FIRST FLOP *** [9d Qs 7s]
*** FIRST TURN *** [9d Qs 7s] [7c]
*** FIRST RIVER *** [9d Qs 7s 7c] [3h]
*** SECOND FLOP *** [5h Qc 6d]
*** SECOND TURN *** [5h Qc 6d] [3c]
*** SECOND RIVER *** [5h Qc 6d 3c] [4c]
*** FIRST SHOW DOWN ***
looser00091: shows [Td Th] (two pair, Tens and Sevens)
ddoctah: shows [Kc Ks] (two pair, Kings and Sevens)
ddoctah collected $9.60 from pot
*** SECOND SHOW DOWN ***
looser00091: shows [Td Th] (a pair of Tens)
ddoctah: shows [Kc Ks] (a pair of Kings)
ddoctah collected $9.60 from pot
*** SUMMARY ***
Total pot $20.10 | Rake $0.90 
Hand was run twice
FIRST Board [9d Qs 7s 7c 3h]
SECOND Board [5h Qc 6d 3c 4c]
Seat 1: ddoctah (button) showed [Kc Ks] and won ($9.60) with two pair, Kings and Sevens, and won ($9.60) with a pair of Kings
Seat 2: looser00091 (small blind) showed [Td Th] and lost with two pair, Tens and Sevens, and lost with a pair of Tens
Seat 3: rk_ito7 (big blind) folded before Flop
Seat 4: Gabitochan folded before Flop (didn't bet)
Seat 5: Mahu2021 folded before Flop (didn't bet)
Seat 6: Arachnid56 folded before Flop (didn't bet)



PokerStars Zoom Hand #255373893800:  Hold'em No Limit ($0.05/$0.10) - 2025/03/20 20:09:47 CET [2025/03/20 15:09:47 ET]
Table 'Aludra' 6-max Seat #1 is the button
Seat 1: Dulvagan ($10.53 in chips) 
Seat 2: ingenfantasi ($10.27 in chips) 
Seat 3: Mahu2021 ($9.28 in chips) 
Seat 4: Gto_gtfo ($16.20 in chips) 
Seat 5: gresscrack ($18.97 in chips) 
Seat 6: SwishTiroCerto ($12.61 in chips) 
ingenfantasi: posts small blind $0.05
Mahu2021: posts big blind $0.10
*** HOLE CARDS ***
Dealt to Mahu2021 [7d 9c]
Gto_gtfo: folds 
gresscrack: folds 
SwishTiroCerto: folds 
Dulvagan: folds 
ingenfantasi: folds 
Uncalled bet ($0.05) returned to Mahu2021
Mahu2021 collected $0.10 from pot
Mahu2021: doesn't show hand 
*** SUMMARY ***
Total pot $0.10 | Rake $0 
Seat 1: Dulvagan (button) folded before Flop (didn't bet)
Seat 2: ingenfantasi (small blind) folded before Flop
Seat 3: Mahu2021 (big blind) collected ($0.10)
Seat 4: Gto_gtfo folded before Flop (didn't bet)
Seat 5: gresscrack folded before Flop (didn't bet)
Seat 6: SwishTiroCerto folded before Flop (didn't bet)



PokerStars Zoom Hand #255373895835:  Hold'em No Limit ($0.05/$0.10) - 2025/03/20 20:09:55 CET [2025/03/20 15:09:55 ET]
Table 'Aludra' 6-max Seat #1 is the button
Seat 1: sigu0540 ($21.19 in chips) 
Seat 2: EdgarYY ($10.45 in chips) 
Seat 3: rk_ito7 ($17.07 in chips) 
Seat 4: COVEIROANCAP ($16.95 in chips) 
Seat 5: calpex777 ($10 in chips) 
Seat 6: Mahu2021 ($9.33 in chips) 
EdgarYY: posts small blind $0.05
rk_ito7: posts big blind $0.10
*** HOLE CARDS ***
Dealt to Mahu2021 [2h 3h]
COVEIROANCAP: raises $0.15 to $0.25
calpex777: folds 
Mahu2021: folds 
sigu0540: folds 
EdgarYY: folds 
rk_ito7: folds 
Uncalled bet ($0.15) returned to COVEIROANCAP
COVEIROANCAP collected $0.25 from pot
COVEIROANCAP: doesn't show hand 
*** SUMMARY ***
Total pot $0.25 | Rake $0 
Seat 1: sigu0540 (button) folded before Flop (didn't bet)
Seat 2: EdgarYY (small blind) folded before Flop
Seat 3: rk_ito7 (big blind) folded before Flop
Seat 4: COVEIROANCAP collected ($0.25)
Seat 5: calpex777 folded before Flop (didn't bet)
Seat 6: Mahu2021 folded before Flop (didn't bet)



PokerStars Zoom Hand #255373897209:  Hold'em No Limit ($0.05/$0.10) - 2025/03/20 20:10:00 CET [2025/03/20 15:10:00 ET]
Table 'Aludra' 6-max Seat #1 is the button
Seat 1: Luffy V ($15.51 in chips) 
Seat 2: RedxBull18 ($17.42 in chips) 
Seat 3: Gordo Maicon ($10 in chips) 
Seat 4: alex656570 ($3.45 in chips) 
Seat 5: Mahu2021 ($9.33 in chips) 
Seat 6: ddoctah ($19.15 in chips) 
RedxBull18: posts small blind $0.05
Gordo Maicon: posts big blind $0.10
*** HOLE CARDS ***
Dealt to Mahu2021 [3d 8c]
alex656570: folds 
Mahu2021: folds 
ddoctah: folds 
Luffy V: folds 
RedxBull18: calls $0.05
Gordo Maicon: checks 
*** FLOP *** [8s Jc 8d]
RedxBull18: bets $0.30
Gordo Maicon: folds 
Uncalled bet ($0.30) returned to RedxBull18
RedxBull18 collected $0.19 from pot
RedxBull18: doesn't show hand 
*** SUMMARY ***
Total pot $0.20 | Rake $0.01 
Board [8s Jc 8d]
Seat 1: Luffy V (button) folded before Flop (didn't bet)
Seat 2: RedxBull18 (small blind) collected ($0.19)
Seat 3: Gordo Maicon (big blind) folded on the Flop
Seat 4: alex656570 folded before Flop (didn't bet)
Seat 5: Mahu2021 folded before Flop (didn't bet)
Seat 6: ddoctah folded before Flop (didn't bet)



PokerStars Zoom Hand #255373898460:  Hold'em No Limit ($0.05/$0.10) - 2025/03/20 20:10:05 CET [2025/03/20 15:10:05 ET]
Table 'Aludra' 6-max Seat #1 is the button
Seat 1: SwishTiroCerto ($12.61 in chips) 
Seat 2: zolly12 ($23.93 in chips) 
Seat 3: camposiza ($17.94 in chips) 
Seat 4: J.A. Thelot ($8.07 in chips) 
Seat 5: Mahu2021 ($9.33 in chips) 
Seat 6: AlvinoD ($11.36 in chips) 
zolly12: posts small blind $0.05
camposiza: posts big blind $0.10
*** HOLE CARDS ***
Dealt to Mahu2021 [9s 9h]
J.A. Thelot: calls $0.10
Mahu2021: calls $0.10
AlvinoD: folds 
SwishTiroCerto: raises $0.10 to $0.20
zolly12: raises $0.80 to $1
camposiza: folds 
J.A. Thelot: folds 
Mahu2021: calls $0.90
SwishTiroCerto: folds 
*** FLOP *** [7d Ac 4c]
zolly12: bets $1.26
Mahu2021: folds 
Uncalled bet ($1.26) returned to zolly12
zolly12 collected $2.29 from pot
zolly12: doesn't show hand 
*** SUMMARY ***
Total pot $2.40 | Rake $0.11 
Board [7d Ac 4c]
Seat 1: SwishTiroCerto (button) folded before Flop
Seat 2: zolly12 (small blind) collected ($2.29)
Seat 3: camposiza (big blind) folded before Flop
Seat 4: J.A. Thelot folded before Flop
Seat 5: Mahu2021 folded on the Flop
Seat 6: AlvinoD folded before Flop (didn't bet)



PokerStars Zoom Hand #255373909350:  Hold'em No Limit ($0.05/$0.10) - 2025/03/20 20:10:47 CET [2025/03/20 15:10:47 ET]
Table 'Aludra' 6-max Seat #1 is the button
Seat 1: Windows 21xp ($40.02 in chips) 
Seat 2: 1block1 ($15.04 in chips) 
Seat 3: KingRaise93 ($21.10 in chips) 
Seat 4: Mahu2021 ($8.33 in chips) 
Seat 5: rk_ito7 ($10.25 in chips) 
Seat 6: jksgoodgz ($11.45 in chips) 
1block1: posts small blind $0.05
KingRaise93: posts big blind $0.10
*** HOLE CARDS ***
Dealt to Mahu2021 [Kh Qs]
Mahu2021: raises $0.13 to $0.23
rk_ito7: folds 
jksgoodgz: folds 
Windows 21xp: folds 
1block1: folds 
KingRaise93: folds 
Uncalled bet ($0.13) returned to Mahu2021
Mahu2021 collected $0.25 from pot
Mahu2021: doesn't show hand 
*** SUMMARY ***
Total pot $0.25 | Rake $0 
Seat 1: Windows 21xp (button) folded before Flop (didn't bet)
Seat 2: 1block1 (small blind) folded before Flop
Seat 3: KingRaise93 (big blind) folded before Flop
Seat 4: Mahu2021 collected ($0.25)
Seat 5: rk_ito7 folded before Flop (didn't bet)
Seat 6: jksgoodgz folded before Flop (didn't bet)



PokerStars Zoom Hand #255373918577:  Hold'em No Limit ($0.05/$0.10) - 2025/03/20 20:11:22 CET [2025/03/20 15:11:22 ET]
Table 'Aludra' 6-max Seat #1 is the button
Seat 1: Hawborn ($10.23 in chips) 
Seat 2: EdgarYY ($12.45 in chips) 
Seat 3: Mahu2021 ($8.48 in chips) 
Seat 4: augtoth ($10.31 in chips) 
Seat 5: East_Zoo ($18.63 in chips) 
Seat 6: Gto_gtfo ($15.57 in chips) 
EdgarYY: posts small blind $0.05
Mahu2021: posts big blind $0.10
*** HOLE CARDS ***
Dealt to Mahu2021 [7h Jc]
augtoth: folds 
East_Zoo: folds 
Gto_gtfo: folds 
Hawborn: folds 
EdgarYY: raises $0.20 to $0.30
Mahu2021: folds 
Uncalled bet ($0.20) returned to EdgarYY
EdgarYY collected $0.20 from pot
EdgarYY: doesn't show hand 
*** SUMMARY ***
Total pot $0.20 | Rake $0 
Seat 1: Hawborn (button) folded before Flop (didn't bet)
Seat 2: EdgarYY (small blind) collected ($0.20)
Seat 3: Mahu2021 (big blind) folded before Flop
Seat 4: augtoth folded before Flop (didn't bet)
Seat 5: East_Zoo folded before Flop (didn't bet)
Seat 6: Gto_gtfo folded before Flop (didn't bet)



PokerStars Zoom Hand #255373922143:  Hold'em No Limit ($0.05/$0.10) - 2025/03/20 20:11:36 CET [2025/03/20 15:11:36 ET]
Table 'Aludra' 6-max Seat #1 is the button
Seat 1: Mahu2021 ($8.33 in chips) 
Seat 2: Luffy V ($15.76 in chips) 
Seat 3: alex6255 ($10.52 in chips) 
Seat 4: ziomekek ($14.14 in chips) 
Seat 5: Dulvagan ($56.28 in chips) 
Seat 6: COVEIROANCAP ($19.57 in chips) 
Luffy V: posts small blind $0.05
alex6255: posts big blind $0.10
*** HOLE CARDS ***
Dealt to Mahu2021 [8h 7d]
ziomekek: raises $0.10 to $0.20
Dulvagan: folds 
COVEIROANCAP: folds 
Mahu2021: folds 
Luffy V: folds 
alex6255: folds 
Uncalled bet ($0.10) returned to ziomekek
ziomekek collected $0.25 from pot
ziomekek: doesn't show hand 
*** SUMMARY ***
Total pot $0.25 | Rake $0 
Seat 1: Mahu2021 (button) folded before Flop (didn't bet)
Seat 2: Luffy V (small blind) folded before Flop
Seat 3: alex6255 (big blind) folded before Flop
Seat 4: ziomekek collected ($0.25)
Seat 5: Dulvagan folded before Flop (didn't bet)
Seat 6: COVEIROANCAP folded before Flop (didn't bet)



PokerStars Zoom Hand #255373921109:  Hold'em No Limit ($0.05/$0.10) - 2025/03/20 20:11:32 CET [2025/03/20 15:11:32 ET]
Table 'Aludra' 6-max Seat #1 is the button
Seat 1: Arachnid56 ($14.56 in chips) 
Seat 2: Mahu2021 ($8.38 in chips) 
Seat 3: kinit100 ($18.79 in chips) 
Seat 4: Shrig471 ($20.22 in chips) 
Seat 5: davidshell ($22.86 in chips) 
Seat 6: jksgoodgz ($13.93 in chips) 
Mahu2021: posts small blind $0.05
kinit100: posts big blind $0.10
*** HOLE CARDS ***
Dealt to Mahu2021 [7d 6d]
Shrig471: folds 
davidshell: folds 
jksgoodgz: raises $0.13 to $0.23
Arachnid56: folds 
Mahu2021: folds 
kinit100: raises $0.71 to $0.94
jksgoodgz: raises $1.36 to $2.30
kinit100: raises $16.49 to $18.79 and is all-in
jksgoodgz: calls $11.63 and is all-in
Uncalled bet ($4.86) returned to kinit100
*** FLOP *** [9c 3d 5d]
*** TURN *** [9c 3d 5d] [Qh]
*** RIVER *** [9c 3d 5d Qh] [Jd]
*** SHOW DOWN ***
kinit100: shows [Ks Kc] (a pair of Kings)
jksgoodgz: shows [Qd Qc] (three of a kind, Queens)
jksgoodgz collected $26.65 from pot
kinit100 cashed out the hand for $21.40 | Cash Out Fee $0.44
*** SUMMARY ***
Total pot $27.91 | Rake $1.26 
Board [9c 3d 5d Qh Jd]
Seat 1: Arachnid56 (button) folded before Flop (didn't bet)
Seat 2: Mahu2021 (small blind) folded before Flop
Seat 3: kinit100 (big blind) showed [Ks Kc] and lost with a pair of Kings (cashed out).
Seat 4: Shrig471 folded before Flop (didn't bet)
Seat 5: davidshell folded before Flop (didn't bet)
Seat 6: jksgoodgz showed [Qd Qc] and won ($26.65) with three of a kind, Queens



PokerStars Zoom Hand #255373923258:  Hold'em No Limit ($0.05/$0.10) - 2025/03/20 20:11:40 CET [2025/03/20 15:11:40 ET]
Table 'Aludra' 6-max Seat #1 is the button
Seat 1: AlvinoD ($10.57 in chips) 
Seat 2: Mahu2021 ($8.33 in chips) 
Seat 3: Windows 21xp ($11.52 in chips) 
Seat 4: Gregory.M23 ($24.79 in chips) 
Seat 5: swooperstar ($12.29 in chips) 
Seat 6: fredinhovn ($16.98 in chips) 
Mahu2021: posts small blind $0.05
Windows 21xp: posts big blind $0.10
*** HOLE CARDS ***
Dealt to Mahu2021 [Qd Qh]
Gregory.M23: folds 
swooperstar: folds 
fredinhovn: raises $0.40 to $0.50
AlvinoD: folds 
Mahu2021: calls $0.45
Windows 21xp: folds 
*** FLOP *** [4h Qc 3s]
Mahu2021: checks 
fredinhovn: checks 
*** TURN *** [4h Qc 3s] [4c]
Mahu2021: checks 
fredinhovn: checks 
*** RIVER *** [4h Qc 3s 4c] [6h]
Mahu2021: bets $1.90
fredinhovn: folds 
Uncalled bet ($1.90) returned to Mahu2021
Mahu2021 collected $1.05 from pot
Mahu2021: doesn't show hand 
*** SUMMARY ***
Total pot $1.10 | Rake $0.05 
Board [4h Qc 3s 4c 6h]
Seat 1: AlvinoD (button) folded before Flop (didn't bet)
Seat 2: Mahu2021 (small blind) collected ($1.05)
Seat 3: Windows 21xp (big blind) folded before Flop
Seat 4: Gregory.M23 folded before Flop (didn't bet)
Seat 5: swooperstar folded before Flop (didn't bet)
Seat 6: fredinhovn folded on the River



PokerStars Zoom Hand #255373937237:  Hold'em No Limit ($0.05/$0.10) - 2025/03/20 20:12:34 CET [2025/03/20 15:12:34 ET]
Table 'Aludra' 6-max Seat #1 is the button
Seat 1: JJAApageTTi ($16.75 in chips) 
Seat 2: TeeAssä ($17.98 in chips) 
Seat 3: timothyriddle ($11.82 in chips) 
Seat 4: kinit100 ($26.21 in chips) 
Seat 5: tobieski ($11.24 in chips) 
Seat 6: Mahu2021 ($8.88 in chips) 
TeeAssä: posts small blind $0.05
timothyriddle: posts big blind $0.10
*** HOLE CARDS ***
Dealt to Mahu2021 [8d Jc]
kinit100: folds 
tobieski: folds 
Mahu2021: folds 
JJAApageTTi: folds 
TeeAssä: folds 
Uncalled bet ($0.05) returned to timothyriddle
timothyriddle collected $0.10 from pot
timothyriddle: doesn't show hand 
*** SUMMARY ***
Total pot $0.10 | Rake $0 
Seat 1: JJAApageTTi (button) folded before Flop (didn't bet)
Seat 2: TeeAssä (small blind) folded before Flop
Seat 3: timothyriddle (big blind) collected ($0.10)
Seat 4: kinit100 folded before Flop (didn't bet)
Seat 5: tobieski folded before Flop (didn't bet)
Seat 6: Mahu2021 folded before Flop (didn't bet)



PokerStars Zoom Hand #255373941894:  Hold'em No Limit ($0.05/$0.10) - 2025/03/20 20:12:52 CET [2025/03/20 15:12:52 ET]
Table 'Aludra' 6-max Seat #1 is the button
Seat 1: Inc-Zra ($19.25 in chips) 
Seat 2: Hoe_Jyland69 ($8.50 in chips) 
Seat 3: Mahu2021 ($8.88 in chips) 
Seat 4: sup what ($13.30 in chips) 
Seat 5: b0ll ($33.76 in chips) 
Seat 6: kinit100 ($26.21 in chips) 
Hoe_Jyland69: posts small blind $0.05
Mahu2021: posts big blind $0.10
*** HOLE CARDS ***
Dealt to Mahu2021 [8d 3d]
sup what: folds 
b0ll: folds 
kinit100: raises $0.15 to $0.25
Inc-Zra: folds 
Hoe_Jyland69: folds 
Mahu2021: folds 
Uncalled bet ($0.15) returned to kinit100
kinit100 collected $0.25 from pot
kinit100: doesn't show hand 
*** SUMMARY ***
Total pot $0.25 | Rake $0 
Seat 1: Inc-Zra (button) folded before Flop (didn't bet)
Seat 2: Hoe_Jyland69 (small blind) folded before Flop
Seat 3: Mahu2021 (big blind) folded before Flop
Seat 4: sup what folded before Flop (didn't bet)
Seat 5: b0ll folded before Flop (didn't bet)
Seat 6: kinit100 collected ($0.25)



PokerStars Zoom Hand #255373938503:  Hold'em No Limit ($0.05/$0.10) - 2025/03/20 20:12:39 CET [2025/03/20 15:12:39 ET]
Table 'Aludra' 6-max Seat #1 is the button
Seat 1: Dastan19.01.90 ($12.44 in chips) 
Seat 2: pjoliveira1 ($9.02 in chips) 
Seat 3: East_Zoo ($16.59 in chips) 
Seat 4: jksgoodgz ($26.45 in chips) 
Seat 5: Mahu2021 ($8.88 in chips) 
Seat 6: Luffy V ($15.46 in chips) 
pjoliveira1: posts small blind $0.05
East_Zoo: posts big blind $0.10
*** HOLE CARDS ***
Dealt to Mahu2021 [7h 3c]
jksgoodgz: folds 
Mahu2021: folds 
Luffy V: folds 
Dastan19.01.90: raises $0.10 to $0.20
pjoliveira1: folds 
East_Zoo: calls $0.10
*** FLOP *** [9h 3d Ts]
East_Zoo: checks 
Dastan19.01.90: bets $0.22
East_Zoo: folds 
Uncalled bet ($0.22) returned to Dastan19.01.90
Dastan19.01.90 collected $0.43 from pot
Dastan19.01.90: doesn't show hand 
*** SUMMARY ***
Total pot $0.45 | Rake $0.02 
Board [9h 3d Ts]
Seat 1: Dastan19.01.90 (button) collected ($0.43)
Seat 2: pjoliveira1 (small blind) folded before Flop
Seat 3: East_Zoo (big blind) folded on the Flop
Seat 4: jksgoodgz folded before Flop (didn't bet)
Seat 5: Mahu2021 folded before Flop (didn't bet)
Seat 6: Luffy V folded before Flop (didn't bet)



PokerStars Zoom Hand #255373945513:  Hold'em No Limit ($0.05/$0.10) - 2025/03/20 20:13:06 CET [2025/03/20 15:13:06 ET]
Table 'Aludra' 6-max Seat #1 is the button
Seat 1: Mahu2021 ($8.78 in chips) 
Seat 2: JJAApageTTi ($37.73 in chips) 
Seat 3: COVEIROANCAP ($17.78 in chips) 
Seat 4: davidshell ($12.72 in chips) 
Seat 5: parrudson ($9.90 in chips) 
Seat 6: Gto_gtfo ($18.68 in chips) 
JJAApageTTi: posts small blind $0.05
COVEIROANCAP: posts big blind $0.10
*** HOLE CARDS ***
Dealt to Mahu2021 [Ac 6h]
davidshell: folds 
parrudson: folds 
Gto_gtfo: folds 
Mahu2021: folds 
JJAApageTTi: folds 
Uncalled bet ($0.05) returned to COVEIROANCAP
COVEIROANCAP collected $0.10 from pot
COVEIROANCAP: doesn't show hand 
*** SUMMARY ***
Total pot $0.10 | Rake $0 
Seat 1: Mahu2021 (button) folded before Flop (didn't bet)
Seat 2: JJAApageTTi (small blind) folded before Flop
Seat 3: COVEIROANCAP (big blind) collected ($0.10)
Seat 4: davidshell folded before Flop (didn't bet)
Seat 5: parrudson folded before Flop (didn't bet)
Seat 6: Gto_gtfo folded before Flop (didn't bet)



PokerStars Zoom Hand #255373947627:  Hold'em No Limit ($0.05/$0.10) - 2025/03/20 20:13:14 CET [2025/03/20 15:13:14 ET]
Table 'Aludra' 6-max Seat #1 is the button
Seat 1: PICCOLI0803 ($10.19 in chips) 
Seat 2: jksgoodgz ($11.40 in chips) 
Seat 3: chueko148 ($7.90 in chips) 
Seat 4: Gto_gtfo ($13.18 in chips) 
Seat 5: Mr sat4n ($11.57 in chips) 
Seat 6: Mahu2021 ($8.78 in chips) 
jksgoodgz: posts small blind $0.05
chueko148: posts big blind $0.10
*** HOLE CARDS ***
Dealt to Mahu2021 [3s Ts]
Gto_gtfo: folds 
Mr sat4n: folds 
Mahu2021: folds 
PICCOLI0803: folds 
jksgoodgz: raises $0.20 to $0.30
chueko148: folds 
Uncalled bet ($0.20) returned to jksgoodgz
jksgoodgz collected $0.20 from pot
jksgoodgz: doesn't show hand 
*** SUMMARY ***
Total pot $0.20 | Rake $0 
Seat 1: PICCOLI0803 (button) folded before Flop (didn't bet)
Seat 2: jksgoodgz (small blind) collected ($0.20)
Seat 3: chueko148 (big blind) folded before Flop
Seat 4: Gto_gtfo folded before Flop (didn't bet)
Seat 5: Mr sat4n folded before Flop (didn't bet)
Seat 6: Mahu2021 folded before Flop (didn't bet)



PokerStars Zoom Hand #255373948633:  Hold'em No Limit ($0.05/$0.10) - 2025/03/20 20:13:18 CET [2025/03/20 15:13:18 ET]
Table 'Aludra' 6-max Seat #1 is the button
Seat 1: JJAApageTTi ($37.68 in chips) 
Seat 2: stelio83 ($33.63 in chips) 
Seat 3: nakajeeee ($12.19 in chips) 
Seat 4: Mahu2021 ($8.78 in chips) 
Seat 5: Gto_gtfo ($13.18 in chips) 
Seat 6: J.A. Thelot ($9.85 in chips) 
stelio83: posts small blind $0.05
nakajeeee: posts big blind $0.10
*** HOLE CARDS ***
Dealt to Mahu2021 [2c 9c]
Mahu2021: folds 
Gto_gtfo: raises $0.12 to $0.22
J.A. Thelot: raises $0.42 to $0.64
JJAApageTTi: folds 
stelio83: folds 
nakajeeee: folds 
Gto_gtfo: folds 
Uncalled bet ($0.42) returned to J.A. Thelot
J.A. Thelot collected $0.59 from pot
J.A. Thelot: doesn't show hand 
*** SUMMARY ***
Total pot $0.59 | Rake $0 
Seat 1: JJAApageTTi (button) folded before Flop (didn't bet)
Seat 2: stelio83 (small blind) folded before Flop
Seat 3: nakajeeee (big blind) folded before Flop
Seat 4: Mahu2021 folded before Flop (didn't bet)
Seat 5: Gto_gtfo folded before Flop
Seat 6: J.A. Thelot collected ($0.59)



PokerStars Zoom Hand #255373949689:  Hold'em No Limit ($0.05/$0.10) - 2025/03/20 20:13:22 CET [2025/03/20 15:13:22 ET]
Table 'Aludra' 6-max Seat #1 is the button
Seat 1: PRace13 ($10 in chips) 
Seat 2: looser00091 ($24.26 in chips) 
Seat 3: Mahu2021 ($8.78 in chips) 
Seat 4: saljam23 ($11.49 in chips) 
Seat 5: PICCOLI0803 ($10.19 in chips) 
Seat 6: Mr sat4n ($11.53 in chips) 
looser00091: posts small blind $0.05
Mahu2021: posts big blind $0.10
*** HOLE CARDS ***
Dealt to Mahu2021 [Qs 8d]
saljam23: folds 
PICCOLI0803: folds 
Mr sat4n: raises $0.20 to $0.30
PRace13: folds 
looser00091: folds 
Mahu2021: folds 
Uncalled bet ($0.20) returned to Mr sat4n
Mr sat4n collected $0.25 from pot
Mr sat4n: doesn't show hand 
*** SUMMARY ***
Total pot $0.25 | Rake $0 
Seat 1: PRace13 (button) folded before Flop (didn't bet)
Seat 2: looser00091 (small blind) folded before Flop
Seat 3: Mahu2021 (big blind) folded before Flop
Seat 4: saljam23 folded before Flop (didn't bet)
Seat 5: PICCOLI0803 folded before Flop (didn't bet)
Seat 6: Mr sat4n collected ($0.25)



PokerStars Zoom Hand #255373946592:  Hold'em No Limit ($0.05/$0.10) - 2025/03/20 20:13:10 CET [2025/03/20 15:13:10 ET]
Table 'Aludra' 6-max Seat #1 is the button
Seat 1: gonzatocho77 ($10.38 in chips) 
Seat 2: Hoyer55 ($9.91 in chips) 
Seat 3: looser00091 ($17.31 in chips) 
Seat 4: Mahu2021 ($8.78 in chips) 
Seat 5: Dastan19.01.90 ($12.67 in chips) 
Seat 6: allrauneR ($4.85 in chips) 
Hoyer55: posts small blind $0.05
looser00091: posts big blind $0.10
*** HOLE CARDS ***
Dealt to Mahu2021 [9s 8c]
Mahu2021: folds 
Dastan19.01.90: folds 
allrauneR: raises $0.20 to $0.30
gonzatocho77: folds 
Hoyer55: folds 
looser00091: folds 
Uncalled bet ($0.20) returned to allrauneR
allrauneR collected $0.25 from pot
allrauneR: doesn't show hand 
*** SUMMARY ***
Total pot $0.25 | Rake $0 
Seat 1: gonzatocho77 (button) folded before Flop (didn't bet)
Seat 2: Hoyer55 (small blind) folded before Flop
Seat 3: looser00091 (big blind) folded before Flop
Seat 4: Mahu2021 folded before Flop (didn't bet)
Seat 5: Dastan19.01.90 folded before Flop (didn't bet)
Seat 6: allrauneR collected ($0.25)



PokerStars Zoom Hand #255373955345:  Hold'em No Limit ($0.05/$0.10) - 2025/03/20 20:13:44 CET [2025/03/20 15:13:44 ET]
Table 'Aludra' 6-max Seat #1 is the button
Seat 1: Smdpair77 ($37.31 in chips) 
Seat 2: 09883 ($9.85 in chips) 
Seat 3: Ozias01 ($15.83 in chips) 
Seat 4: ComplyOrDie8 ($10.62 in chips) 
Seat 5: Anbru666 ($9.38 in chips) 
Seat 6: Mahu2021 ($8.63 in chips) 
09883: posts small blind $0.05
Ozias01: posts big blind $0.10
*** HOLE CARDS ***
Dealt to Mahu2021 [Ts 6d]
ComplyOrDie8: folds 
Anbru666: folds 
Mahu2021: folds 
Smdpair77: folds 
09883: folds 
Uncalled bet ($0.05) returned to Ozias01
Ozias01 collected $0.10 from pot
Ozias01: doesn't show hand 
*** SUMMARY ***
Total pot $0.10 | Rake $0 
Seat 1: Smdpair77 (button) folded before Flop (didn't bet)
Seat 2: 09883 (small blind) folded before Flop
Seat 3: Ozias01 (big blind) collected ($0.10)
Seat 4: ComplyOrDie8 folded before Flop (didn't bet)
Seat 5: Anbru666 folded before Flop (didn't bet)
Seat 6: Mahu2021 folded before Flop (didn't bet)



PokerStars Zoom Hand #255373956392:  Hold'em No Limit ($0.05/$0.10) - 2025/03/20 20:13:48 CET [2025/03/20 15:13:48 ET]
Table 'Aludra' 6-max Seat #1 is the button
Seat 1: rk_ito7 ($31.31 in chips) 
Seat 2: ComplyOrDie8 ($10.62 in chips) 
Seat 3: geo2411 ($12.51 in chips) 
Seat 4: Smdpair77 ($37.31 in chips) 
Seat 5: Mahu2021 ($8.63 in chips) 
Seat 6: thorindorf ($17.76 in chips) 
ComplyOrDie8: posts small blind $0.05
geo2411: posts big blind $0.10
*** HOLE CARDS ***
Dealt to Mahu2021 [6d Ts]
Smdpair77: raises $0.20 to $0.30
Mahu2021: folds 
thorindorf: folds 
rk_ito7: folds 
ComplyOrDie8: folds 
geo2411: folds 
Uncalled bet ($0.20) returned to Smdpair77
Smdpair77 collected $0.25 from pot
Smdpair77: doesn't show hand 
*** SUMMARY ***
Total pot $0.25 | Rake $0 
Seat 1: rk_ito7 (button) folded before Flop (didn't bet)
Seat 2: ComplyOrDie8 (small blind) folded before Flop
Seat 3: geo2411 (big blind) folded before Flop
Seat 4: Smdpair77 collected ($0.25)
Seat 5: Mahu2021 folded before Flop (didn't bet)
Seat 6: thorindorf folded before Flop (didn't bet)



PokerStars Zoom Hand #255373953539:  Hold'em No Limit ($0.05/$0.10) - 2025/03/20 20:13:37 CET [2025/03/20 15:13:37 ET]
Table 'Aludra' 6-max Seat #1 is the button
Seat 1: Mahu2021 ($8.63 in chips) 
Seat 2: PRace13 ($10 in chips) 
Seat 3: tov.Suhov1 ($10.15 in chips) 
Seat 4: Profesor_Rev ($10.82 in chips) 
Seat 5: jksgoodgz ($11.50 in chips) 
Seat 6: Patrol90uk ($11.03 in chips) 
PRace13: posts small blind $0.05
tov.Suhov1: posts big blind $0.10
*** HOLE CARDS ***
Dealt to Mahu2021 [5c 7c]
Profesor_Rev: raises $0.14 to $0.24
jksgoodgz: folds 
Patrol90uk: folds 
Mahu2021: folds 
PRace13: raises $0.76 to $1
tov.Suhov1: folds 
Profesor_Rev: folds 
Uncalled bet ($0.76) returned to PRace13
PRace13 collected $0.58 from pot
PRace13: doesn't show hand 
*** SUMMARY ***
Total pot $0.58 | Rake $0 
Seat 1: Mahu2021 (button) folded before Flop (didn't bet)
Seat 2: PRace13 (small blind) collected ($0.58)
Seat 3: tov.Suhov1 (big blind) folded before Flop
Seat 4: Profesor_Rev folded before Flop
Seat 5: jksgoodgz folded before Flop (didn't bet)
Seat 6: Patrol90uk folded before Flop (didn't bet)



PokerStars Zoom Hand #255373957175:  Hold'em No Limit ($0.05/$0.10) - 2025/03/20 20:13:51 CET [2025/03/20 15:13:51 ET]
Table 'Aludra' 6-max Seat #1 is the button
Seat 1: Gregory.M23 ($24.09 in chips) 
Seat 2: jksgoodgz ($25.16 in chips) 
Seat 3: EdgarYY ($10.08 in chips) 
Seat 4: Mahu2021 ($8.63 in chips) 
Seat 5: sup what ($13.35 in chips) 
Seat 6: fredinhovn ($16.18 in chips) 
jksgoodgz: posts small blind $0.05
EdgarYY: posts big blind $0.10
*** HOLE CARDS ***
Dealt to Mahu2021 [4h 9s]
Mahu2021: folds 
sup what: folds 
fredinhovn: folds 
Gregory.M23: folds 
jksgoodgz: raises $0.20 to $0.30
EdgarYY: raises $0.60 to $0.90
jksgoodgz: folds 
Uncalled bet ($0.60) returned to EdgarYY
EdgarYY collected $0.60 from pot
EdgarYY: doesn't show hand 
*** SUMMARY ***
Total pot $0.60 | Rake $0 
Seat 1: Gregory.M23 (button) folded before Flop (didn't bet)
Seat 2: jksgoodgz (small blind) folded before Flop
Seat 3: EdgarYY (big blind) collected ($0.60)
Seat 4: Mahu2021 folded before Flop (didn't bet)
Seat 5: sup what folded before Flop (didn't bet)
Seat 6: fredinhovn folded before Flop (didn't bet)



PokerStars Zoom Hand #255373957936:  Hold'em No Limit ($0.05/$0.10) - 2025/03/20 20:13:54 CET [2025/03/20 15:13:54 ET]
Table 'Aludra' 6-max Seat #1 is the button
Seat 1: TeeAssä ($18.18 in chips) 
Seat 2: tov.Suhov1 ($10.05 in chips) 
Seat 3: Mahu2021 ($8.63 in chips) 
Seat 4: nakajeeee ($12.04 in chips) 
Seat 5: COVEIROANCAP ($11.98 in chips) 
Seat 6: AlvinoD ($10.15 in chips) 
tov.Suhov1: posts small blind $0.05
Mahu2021: posts big blind $0.10
*** HOLE CARDS ***
Dealt to Mahu2021 [Kh Ts]
nakajeeee: folds 
COVEIROANCAP: folds 
AlvinoD: folds 
TeeAssä: folds 
tov.Suhov1: raises $0.20 to $0.30
Mahu2021: raises $0.80 to $1.10
tov.Suhov1: folds 
Uncalled bet ($0.80) returned to Mahu2021
Mahu2021 collected $0.60 from pot
Mahu2021: doesn't show hand 
*** SUMMARY ***
Total pot $0.60 | Rake $0 
Seat 1: TeeAssä (button) folded before Flop (didn't bet)
Seat 2: tov.Suhov1 (small blind) folded before Flop
Seat 3: Mahu2021 (big blind) collected ($0.60)
Seat 4: nakajeeee folded before Flop (didn't bet)
Seat 5: COVEIROANCAP folded before Flop (didn't bet)
Seat 6: AlvinoD folded before Flop (didn't bet)



PokerStars Zoom Hand #255373964915:  Hold'em No Limit ($0.05/$0.10) - 2025/03/20 20:14:21 CET [2025/03/20 15:14:21 ET]
Table 'Aludra' 6-max Seat #1 is the button
Seat 1: gonzatocho77 ($10.05 in chips) 
Seat 2: Mahu2021 ($8.93 in chips) 
Seat 3: Magoya8 ($10 in chips) 
Seat 4: Taxxman505 ($10.73 in chips) 
Seat 5: dreexxar ($13.78 in chips) 
Seat 6: b0ll ($15.72 in chips) 
Mahu2021: posts small blind $0.05
Magoya8: posts big blind $0.10
*** HOLE CARDS ***
Dealt to Mahu2021 [5c Qd]
Taxxman505: folds 
dreexxar: folds 
b0ll: folds 
gonzatocho77: folds 
Mahu2021: folds 
Uncalled bet ($0.05) returned to Magoya8
Magoya8 collected $0.10 from pot
Magoya8: doesn't show hand 
*** SUMMARY ***
Total pot $0.10 | Rake $0 
Seat 1: gonzatocho77 (button) folded before Flop (didn't bet)
Seat 2: Mahu2021 (small blind) folded before Flop
Seat 3: Magoya8 (big blind) collected ($0.10)
Seat 4: Taxxman505 folded before Flop (didn't bet)
Seat 5: dreexxar folded before Flop (didn't bet)
Seat 6: b0ll folded before Flop (didn't bet)



PokerStars Zoom Hand #255373952277:  Hold'em No Limit ($0.05/$0.10) - 2025/03/20 20:13:32 CET [2025/03/20 15:13:32 ET]
Table 'Aludra' 6-max Seat #1 is the button
Seat 1: schwanski409 ($11.68 in chips) 
Seat 2: Mahu2021 ($8.68 in chips) 
Seat 3: Windows 21xp ($37.19 in chips) 
Seat 4: nakajeeee ($12.09 in chips) 
Seat 5: zolly12 ($25.07 in chips) 
Seat 6: alex6255 ($13.83 in chips) 
Mahu2021: posts small blind $0.05
Windows 21xp: posts big blind $0.10
*** HOLE CARDS ***
Dealt to Mahu2021 [5s Ac]
nakajeeee: folds 
zolly12: folds 
alex6255: raises $0.15 to $0.25
schwanski409: folds 
Mahu2021: folds 
Windows 21xp: calls $0.15
*** FLOP *** [Ah 7d Kd]
Windows 21xp: checks 
alex6255: bets $0.27
Windows 21xp: calls $0.27
*** TURN *** [Ah 7d Kd] [Qh]
Windows 21xp: checks 
alex6255: checks 
*** RIVER *** [Ah 7d Kd Qh] [3s]
Windows 21xp: bets $1.50
alex6255: calls $1.50
*** SHOW DOWN ***
Windows 21xp: shows [8d 8s] (a pair of Eights)
alex6255: shows [Ad Th] (a pair of Aces)
alex6255 collected $3.91 from pot
*** SUMMARY ***
Total pot $4.09 | Rake $0.18 
Board [Ah 7d Kd Qh 3s]
Seat 1: schwanski409 (button) folded before Flop (didn't bet)
Seat 2: Mahu2021 (small blind) folded before Flop
Seat 3: Windows 21xp (big blind) showed [8d 8s] and lost with a pair of Eights
Seat 4: nakajeeee folded before Flop (didn't bet)
Seat 5: zolly12 folded before Flop (didn't bet)
Seat 6: alex6255 showed [Ad Th] and won ($3.91) with a pair of Aces



PokerStars Zoom Hand #255373967134:  Hold'em No Limit ($0.05/$0.10) - 2025/03/20 20:14:30 CET [2025/03/20 15:14:30 ET]
Table 'Aludra' 6-max Seat #1 is the button
Seat 1: Inc-Zra ($15.33 in chips) 
Seat 2: ddoctah ($10 in chips) 
Seat 3: ComplyOrDie8 ($10 in chips) 
Seat 4: davidshell ($22.86 in chips) 
Seat 5: Mahu2021 ($8.88 in chips) 
Seat 6: PRace13 ($10 in chips) 
ddoctah: posts small blind $0.05
ComplyOrDie8: posts big blind $0.10
*** HOLE CARDS ***
Dealt to Mahu2021 [Jh 5s]
davidshell: folds 
Mahu2021: folds 
PRace13: folds 
Inc-Zra: folds 
ddoctah: folds 
Uncalled bet ($0.05) returned to ComplyOrDie8
ComplyOrDie8 collected $0.10 from pot
ComplyOrDie8: doesn't show hand 
*** SUMMARY ***
Total pot $0.10 | Rake $0 
Seat 1: Inc-Zra (button) folded before Flop (didn't bet)
Seat 2: ddoctah (small blind) folded before Flop
Seat 3: ComplyOrDie8 (big blind) collected ($0.10)
Seat 4: davidshell folded before Flop (didn't bet)
Seat 5: Mahu2021 folded before Flop (didn't bet)
Seat 6: PRace13 folded before Flop (didn't bet)



PokerStars Zoom Hand #255373963904:  Hold'em No Limit ($0.05/$0.10) - 2025/03/20 20:14:17 CET [2025/03/20 15:14:17 ET]
Table 'Aludra' 6-max Seat #1 is the button
Seat 1: Mahu2021 ($8.93 in chips) 
Seat 2: AlvinoD ($10.05 in chips) 
Seat 3: jksgoodgz ($24.86 in chips) 
Seat 4: camposiza ($16.44 in chips) 
Seat 5: ComplyOrDie8 ($10.77 in chips) 
Seat 6: sup what ($25.40 in chips) 
AlvinoD: posts small blind $0.05
jksgoodgz: posts big blind $0.10
*** HOLE CARDS ***
Dealt to Mahu2021 [9c 2s]
camposiza: folds 
ComplyOrDie8: folds 
sup what: folds 
Mahu2021: folds 
AlvinoD: raises $0.20 to $0.30
jksgoodgz: calls $0.20
*** FLOP *** [Qs 9d 7h]
AlvinoD: bets $0.14
jksgoodgz: folds 
Uncalled bet ($0.14) returned to AlvinoD
AlvinoD collected $0.57 from pot
AlvinoD: doesn't show hand 
*** SUMMARY ***
Total pot $0.60 | Rake $0.03 
Board [Qs 9d 7h]
Seat 1: Mahu2021 (button) folded before Flop (didn't bet)
Seat 2: AlvinoD (small blind) collected ($0.57)
Seat 3: jksgoodgz (big blind) folded on the Flop
Seat 4: camposiza folded before Flop (didn't bet)
Seat 5: ComplyOrDie8 folded before Flop (didn't bet)
Seat 6: sup what folded before Flop (didn't bet)



PokerStars Zoom Hand #255373965950:  Hold'em No Limit ($0.05/$0.10) - 2025/03/20 20:14:25 CET [2025/03/20 15:14:25 ET]
Table 'Aludra' 6-max Seat #1 is the button
Seat 1: lassen22 ($8.48 in chips) 
Seat 2: augtoth ($10.72 in chips) 
Seat 3: demion13 ($8.90 in chips) 
Seat 4: PRace13 ($10.24 in chips) 
Seat 5: Gregory.M23 ($23.99 in chips) 
Seat 6: Mahu2021 ($8.88 in chips) 
augtoth: posts small blind $0.05
demion13: posts big blind $0.10
*** HOLE CARDS ***
Dealt to Mahu2021 [5s Kc]
PRace13: folds 
Gregory.M23: folds 
Mahu2021: folds 
lassen22: folds 
augtoth: raises $0.20 to $0.30
demion13: calls $0.20
*** FLOP *** [Js 2h 7s]
augtoth: bets $0.19
demion13: calls $0.19
*** TURN *** [Js 2h 7s] [Kd]
augtoth: checks 
demion13: checks 
*** RIVER *** [Js 2h 7s Kd] [Jh]
augtoth: checks 
demion13: checks 
*** SHOW DOWN ***
augtoth: shows [8d 8c] (two pair, Jacks and Eights)
demion13: mucks hand 
augtoth collected $0.94 from pot
*** SUMMARY ***
Total pot $0.98 | Rake $0.04 
Board [Js 2h 7s Kd Jh]
Seat 1: lassen22 (button) folded before Flop (didn't bet)
Seat 2: augtoth (small blind) showed [8d 8c] and won ($0.94) with two pair, Jacks and Eights
Seat 3: demion13 (big blind) mucked [6c 7c]
Seat 4: PRace13 folded before Flop (didn't bet)
Seat 5: Gregory.M23 folded before Flop (didn't bet)
Seat 6: Mahu2021 folded before Flop (didn't bet)



PokerStars Zoom Hand #255373969311:  Hold'em No Limit ($0.05/$0.10) - 2025/03/20 20:14:38 CET [2025/03/20 15:14:38 ET]
Table 'Aludra' 6-max Seat #1 is the button
Seat 1: t88mesilane ($4.77 in chips) 
Seat 2: Call me Alex97 ($10.05 in chips) 
Seat 3: Mahu2021 ($8.88 in chips) 
Seat 4: anakondo87 ($7.31 in chips) 
Seat 5: lassen22 ($8.48 in chips) 
Seat 6: Dulvagan ($14.01 in chips) 
Call me Alex97: posts small blind $0.05
Mahu2021: posts big blind $0.10
*** HOLE CARDS ***
Dealt to Mahu2021 [Th Jh]
anakondo87: folds 
lassen22: raises $0.20 to $0.30
Dulvagan: folds 
t88mesilane: calls $0.30
Call me Alex97: folds 
Mahu2021: calls $0.20
*** FLOP *** [3h 6d As]
Mahu2021: checks 
lassen22: checks 
t88mesilane: checks 
*** TURN *** [3h 6d As] [Ac]
Mahu2021: checks 
lassen22: checks 
t88mesilane: bets $0.46
Mahu2021: folds 
lassen22: calls $0.46
*** RIVER *** [3h 6d As Ac] [5h]
lassen22: checks 
t88mesilane: bets $1
lassen22: calls $1
*** SHOW DOWN ***
t88mesilane: shows [Jc Kd] (a pair of Aces)
lassen22: shows [Qs Qd] (two pair, Aces and Queens)
lassen22 collected $3.70 from pot
*** SUMMARY ***
Total pot $3.87 | Rake $0.17 
Board [3h 6d As Ac 5h]
Seat 1: t88mesilane (button) showed [Jc Kd] and lost with a pair of Aces
Seat 2: Call me Alex97 (small blind) folded before Flop
Seat 3: Mahu2021 (big blind) folded on the Turn
Seat 4: anakondo87 folded before Flop (didn't bet)
Seat 5: lassen22 showed [Qs Qd] and won ($3.70) with two pair, Aces and Queens
Seat 6: Dulvagan folded before Flop (didn't bet)



PokerStars Zoom Hand #255373976876:  Hold'em No Limit ($0.05/$0.10) - 2025/03/20 20:15:07 CET [2025/03/20 15:15:07 ET]
Table 'Aludra' 6-max Seat #1 is the button
Seat 1: Mahu2021 ($8.53 in chips) 
Seat 2: Mr sat4n ($11.32 in chips) 
Seat 3: PICCOLI0803 ($10.39 in chips) 
Seat 4: Luffy V ($26.03 in chips) 
Seat 5: Hoe_Jyland69 ($5.63 in chips) 
Seat 6: Call me Alex97 ($10 in chips) 
Mr sat4n: posts small blind $0.05
PICCOLI0803: posts big blind $0.10
*** HOLE CARDS ***
Dealt to Mahu2021 [3c 3d]
Luffy V: folds 
Hoe_Jyland69: folds 
Call me Alex97: folds 
Mahu2021: folds 
Mr sat4n: folds 
Uncalled bet ($0.05) returned to PICCOLI0803
PICCOLI0803 collected $0.10 from pot
PICCOLI0803: doesn't show hand 
*** SUMMARY ***
Total pot $0.10 | Rake $0 
Seat 1: Mahu2021 (button) folded before Flop (didn't bet)
Seat 2: Mr sat4n (small blind) folded before Flop
Seat 3: PICCOLI0803 (big blind) collected ($0.10)
Seat 4: Luffy V folded before Flop (didn't bet)
Seat 5: Hoe_Jyland69 folded before Flop (didn't bet)
Seat 6: Call me Alex97 folded before Flop (didn't bet)



PokerStars Zoom Hand #255373979898:  Hold'em No Limit ($0.05/$0.10) - 2025/03/20 20:15:19 CET [2025/03/20 15:15:19 ET]
Table 'Aludra' 6-max Seat #1 is the button
Seat 1: DAVEDOUGHNUT ($6.39 in chips) 
Seat 2: Dulvagan ($55.28 in chips) 
Seat 3: dzerzy1 ($7.54 in chips) 
Seat 4: EdgarYY ($11.68 in chips) 
Seat 5: tov.Suhov1 ($10 in chips) 
Seat 6: Mahu2021 ($8.48 in chips) 
Dulvagan: posts small blind $0.05
dzerzy1: posts big blind $0.10
*** HOLE CARDS ***
Dealt to Mahu2021 [4h 9c]
EdgarYY: folds 
tov.Suhov1: folds 
Mahu2021: folds 
DAVEDOUGHNUT: folds 
Dulvagan: folds 
Uncalled bet ($0.05) returned to dzerzy1
dzerzy1 collected $0.10 from pot
dzerzy1: doesn't show hand 
*** SUMMARY ***
Total pot $0.10 | Rake $0 
Seat 1: DAVEDOUGHNUT (button) folded before Flop (didn't bet)
Seat 2: Dulvagan (small blind) folded before Flop
Seat 3: dzerzy1 (big blind) collected ($0.10)
Seat 4: EdgarYY folded before Flop (didn't bet)
Seat 5: tov.Suhov1 folded before Flop (didn't bet)
Seat 6: Mahu2021 folded before Flop (didn't bet)



PokerStars Zoom Hand #255373979277:  Hold'em No Limit ($0.05/$0.10) - 2025/03/20 20:15:16 CET [2025/03/20 15:15:16 ET]
Table 'Aludra' 6-max Seat #1 is the button
Seat 1: Inc-Zra ($20.55 in chips) 
Seat 2: Mahu2021 ($8.53 in chips) 
Seat 3: nakajeeee ($11.74 in chips) 
Seat 4: kimonozygo ($10 in chips) 
Seat 5: wilson1874 ($9.23 in chips) 
Seat 6: tov.Suhov1 ($10 in chips) 
Mahu2021: posts small blind $0.05
nakajeeee: posts big blind $0.10
*** HOLE CARDS ***
Dealt to Mahu2021 [8c 3s]
kimonozygo: folds 
wilson1874: folds 
tov.Suhov1: folds 
Inc-Zra: folds 
Mahu2021: folds 
Uncalled bet ($0.05) returned to nakajeeee
nakajeeee collected $0.10 from pot
nakajeeee: doesn't show hand 
*** SUMMARY ***
Total pot $0.10 | Rake $0 
Seat 1: Inc-Zra (button) folded before Flop (didn't bet)
Seat 2: Mahu2021 (small blind) folded before Flop
Seat 3: nakajeeee (big blind) collected ($0.10)
Seat 4: kimonozygo folded before Flop (didn't bet)
Seat 5: wilson1874 folded before Flop (didn't bet)
Seat 6: tov.Suhov1 folded before Flop (didn't bet)



PokerStars Zoom Hand #255373968224:  Hold'em No Limit ($0.05/$0.10) - 2025/03/20 20:14:34 CET [2025/03/20 15:14:34 ET]
Table 'Aludra' 6-max Seat #1 is the button
Seat 1: karimby1 ($4.84 in chips) 
Seat 2: angelosan201 ($11.54 in chips) 
Seat 3: calpex777 ($10 in chips) 
Seat 4: Mahu2021 ($8.88 in chips) 
Seat 5: Luffy V ($10 in chips) 
Seat 6: lassen22 ($8.48 in chips) 
angelosan201: posts small blind $0.05
calpex777: posts big blind $0.10
*** HOLE CARDS ***
Dealt to Mahu2021 [Kh 2s]
Mahu2021: folds 
Luffy V: folds 
lassen22: folds 
karimby1: calls $0.10
angelosan201: folds 
calpex777: checks 
*** FLOP *** [4s 9s Qs]
calpex777: checks 
karimby1: checks 
*** TURN *** [4s 9s Qs] [Td]
calpex777: checks 
karimby1: bets $0.24
calpex777: calls $0.24
*** RIVER *** [4s 9s Qs Td] [4h]
calpex777: checks 
karimby1: bets $0.35
calpex777: folds 
Uncalled bet ($0.35) returned to karimby1
karimby1 collected $0.70 from pot
karimby1: doesn't show hand 
*** SUMMARY ***
Total pot $0.73 | Rake $0.03 
Board [4s 9s Qs Td 4h]
Seat 1: karimby1 (button) collected ($0.70)
Seat 2: angelosan201 (small blind) folded before Flop
Seat 3: calpex777 (big blind) folded on the River
Seat 4: Mahu2021 folded before Flop (didn't bet)
Seat 5: Luffy V folded before Flop (didn't bet)
Seat 6: lassen22 folded before Flop (didn't bet)



PokerStars Zoom Hand #255373977578:  Hold'em No Limit ($0.05/$0.10) - 2025/03/20 20:15:10 CET [2025/03/20 15:15:10 ET]
Table 'Aludra' 6-max Seat #1 is the button
Seat 1: EdgarYY ($10.48 in chips) 
Seat 2: AlvinoD ($10.32 in chips) 
Seat 3: sup what ($17.98 in chips) 
Seat 4: COVEIROANCAP ($18.68 in chips) 
Seat 5: Caozi ($9.02 in chips) 
Seat 6: Mahu2021 ($8.53 in chips) 
AlvinoD: posts small blind $0.05
sup what: posts big blind $0.10
*** HOLE CARDS ***
Dealt to Mahu2021 [6s Qd]
COVEIROANCAP: folds 
Caozi: folds 
Mahu2021: folds 
EdgarYY: raises $0.15 to $0.25
AlvinoD: raises $0.95 to $1.20
sup what: folds 
EdgarYY: folds 
Uncalled bet ($0.95) returned to AlvinoD
AlvinoD collected $0.60 from pot
AlvinoD: doesn't show hand 
*** SUMMARY ***
Total pot $0.60 | Rake $0 
Seat 1: EdgarYY (button) folded before Flop
Seat 2: AlvinoD (small blind) collected ($0.60)
Seat 3: sup what (big blind) folded before Flop
Seat 4: COVEIROANCAP folded before Flop (didn't bet)
Seat 5: Caozi folded before Flop (didn't bet)
Seat 6: Mahu2021 folded before Flop (didn't bet)



PokerStars Zoom Hand #255373976182:  Hold'em No Limit ($0.05/$0.10) - 2025/03/20 20:15:04 CET [2025/03/20 15:15:04 ET]
Table 'Aludra' 6-max Seat #1 is the button
Seat 1: JJAApageTTi ($40.20 in chips) 
Seat 2: Mahu2021 ($8.58 in chips) 
Seat 3: aalewee56 ($6.35 in chips) 
Seat 4: jksgoodgz ($24.51 in chips) 
Seat 5: Gabitochan ($11 in chips) 
Seat 6: sup what ($13.34 in chips) 
Mahu2021: posts small blind $0.05
aalewee56: posts big blind $0.10
*** HOLE CARDS ***
Dealt to Mahu2021 [3d Qc]
jksgoodgz: folds 
Gabitochan: raises $0.10 to $0.20
sup what: folds 
JJAApageTTi: raises $0.40 to $0.60
Mahu2021: folds 
aalewee56: folds 
Gabitochan: calls $0.40
*** FLOP *** [4h Ad 9h]
Gabitochan: checks 
JJAApageTTi: bets $0.43
Gabitochan: folds 
Uncalled bet ($0.43) returned to JJAApageTTi
JJAApageTTi collected $1.29 from pot
JJAApageTTi: doesn't show hand 
*** SUMMARY ***
Total pot $1.35 | Rake $0.06 
Board [4h Ad 9h]
Seat 1: JJAApageTTi (button) collected ($1.29)
Seat 2: Mahu2021 (small blind) folded before Flop
Seat 3: aalewee56 (big blind) folded before Flop
Seat 4: jksgoodgz folded before Flop (didn't bet)
Seat 5: Gabitochan folded on the Flop
Seat 6: sup what folded before Flop (didn't bet)



PokerStars Zoom Hand #255373978486:  Hold'em No Limit ($0.05/$0.10) - 2025/03/20 20:15:13 CET [2025/03/20 15:15:13 ET]
Table 'Aludra' 6-max Seat #1 is the button
Seat 1: PavanaTTo23 ($10.62 in chips) 
Seat 2: b0ll ($34.53 in chips) 
Seat 3: Windows 21xp ($10.70 in chips) 
Seat 4: Magoya8 ($10.56 in chips) 
Seat 5: Mahu2021 ($8.53 in chips) 
Seat 6: looser00091 ($24.96 in chips) 
b0ll: posts small blind $0.05
Windows 21xp: posts big blind $0.10
*** HOLE CARDS ***
Dealt to Mahu2021 [6s 3h]
Magoya8: raises $0.15 to $0.25
Mahu2021: folds 
looser00091: folds 
PavanaTTo23: raises $0.60 to $0.85
b0ll: folds 
Windows 21xp: folds 
Magoya8: folds 
Uncalled bet ($0.60) returned to PavanaTTo23
PavanaTTo23 collected $0.65 from pot
PavanaTTo23: doesn't show hand 
*** SUMMARY ***
Total pot $0.65 | Rake $0 
Seat 1: PavanaTTo23 (button) collected ($0.65)
Seat 2: b0ll (small blind) folded before Flop
Seat 3: Windows 21xp (big blind) folded before Flop
Seat 4: Magoya8 folded before Flop
Seat 5: Mahu2021 folded before Flop (didn't bet)
Seat 6: looser00091 folded before Flop (didn't bet)



PokerStars Zoom Hand #255373975119:  Hold'em No Limit ($0.05/$0.10) - 2025/03/20 20:15:00 CET [2025/03/20 15:15:00 ET]
Table 'Aludra' 6-max Seat #1 is the button
Seat 1: b0ll ($24.36 in chips) 
Seat 2: AlvinoD ($26.28 in chips) 
Seat 3: KingRaise93 ($20.06 in chips) 
Seat 4: Mahu2021 ($8.58 in chips) 
Seat 5: Gordo Maicon ($10 in chips) 
Seat 6: jksgoodgz ($24.51 in chips) 
AlvinoD: posts small blind $0.05
KingRaise93: posts big blind $0.10
*** HOLE CARDS ***
Dealt to Mahu2021 [3h Qd]
Mahu2021: folds 
Gordo Maicon: folds 
jksgoodgz: folds 
b0ll: folds 
AlvinoD: raises $0.20 to $0.30
KingRaise93: calls $0.20
*** FLOP *** [6d 3c 6c]
AlvinoD: bets $0.20
KingRaise93: calls $0.20
*** TURN *** [6d 3c 6c] [Js]
AlvinoD: checks 
KingRaise93: bets $0.68
AlvinoD: folds 
Uncalled bet ($0.68) returned to KingRaise93
KingRaise93 collected $0.96 from pot
KingRaise93: doesn't show hand 
*** SUMMARY ***
Total pot $1 | Rake $0.04 
Board [6d 3c 6c Js]
Seat 1: b0ll (button) folded before Flop (didn't bet)
Seat 2: AlvinoD (small blind) folded on the Turn
Seat 3: KingRaise93 (big blind) collected ($0.96)
Seat 4: Mahu2021 folded before Flop (didn't bet)
Seat 5: Gordo Maicon folded before Flop (didn't bet)
Seat 6: jksgoodgz folded before Flop (didn't bet)



PokerStars Zoom Hand #255373980889:  Hold'em No Limit ($0.05/$0.10) - 2025/03/20 20:15:22 CET [2025/03/20 15:15:22 ET]
Table 'Aludra' 6-max Seat #1 is the button
Seat 1: parrudson ($10.51 in chips) 
Seat 2: Mr sat4n ($11.43 in chips) 
Seat 3: Mahu2021 ($8.48 in chips) 
Seat 4: EdgarYY ($11.68 in chips) 
Seat 5: chueko148 ($8.56 in chips) 
Seat 6: jksgoodgz ($15.62 in chips) 
Mr sat4n: posts small blind $0.05
Mahu2021: posts big blind $0.10
*** HOLE CARDS ***
Dealt to Mahu2021 [9h 6c]
EdgarYY: folds 
chueko148: folds 
jksgoodgz: raises $0.13 to $0.23
parrudson: calls $0.23
Mr sat4n: raises $1.07 to $1.30
Mahu2021: folds 
jksgoodgz: folds 
parrudson: calls $1.07
*** FLOP *** [7h 7d 3d]
Mr sat4n: checks 
parrudson: bets $2.90
Mr sat4n: folds 
Uncalled bet ($2.90) returned to parrudson
parrudson collected $2.80 from pot
parrudson: doesn't show hand 
*** SUMMARY ***
Total pot $2.93 | Rake $0.13 
Board [7h 7d 3d]
Seat 1: parrudson (button) collected ($2.80)
Seat 2: Mr sat4n (small blind) folded on the Flop
Seat 3: Mahu2021 (big blind) folded before Flop
Seat 4: EdgarYY folded before Flop (didn't bet)
Seat 5: chueko148 folded before Flop (didn't bet)
Seat 6: jksgoodgz folded before Flop



PokerStars Zoom Hand #255373982478:  Hold'em No Limit ($0.05/$0.10) - 2025/03/20 20:15:28 CET [2025/03/20 15:15:28 ET]
Table 'Aludra' 6-max Seat #1 is the button
Seat 1: Mahu2021 ($8.38 in chips) 
Seat 2: calpex777 ($12.08 in chips) 
Seat 3: elvenu ($11.88 in chips) 
Seat 4: PRace13 ($10.20 in chips) 
Seat 5: pjoliveira1 ($9.72 in chips) 
Seat 6: Luffy V ($25.98 in chips) 
calpex777: posts small blind $0.05
elvenu: posts big blind $0.10
*** HOLE CARDS ***
Dealt to Mahu2021 [8s As]
PRace13: folds 
pjoliveira1: folds 
Luffy V: raises $0.15 to $0.25
Mahu2021: calls $0.25
calpex777: calls $0.20
elvenu: folds 
*** FLOP *** [3h 6c 3c]
calpex777: checks 
Luffy V: checks 
Mahu2021: checks 
*** TURN *** [3h 6c 3c] [Ah]
calpex777: bets $0.45
Luffy V: calls $0.45
Mahu2021: calls $0.45
*** RIVER *** [3h 6c 3c Ah] [Kd]
calpex777: bets $1.75
Luffy V: calls $1.75
Mahu2021: folds 
*** SHOW DOWN ***
calpex777: shows [6h 6s] (a full house, Sixes full of Threes)
Luffy V: mucks hand 
calpex777 collected $5.44 from pot
*** SUMMARY ***
Total pot $5.70 | Rake $0.26 
Board [3h 6c 3c Ah Kd]
Seat 1: Mahu2021 (button) folded on the River
Seat 2: calpex777 (small blind) showed [6h 6s] and won ($5.44) with a full house, Sixes full of Threes
Seat 3: elvenu (big blind) folded before Flop
Seat 4: PRace13 folded before Flop (didn't bet)
Seat 5: pjoliveira1 folded before Flop (didn't bet)
Seat 6: Luffy V mucked [Ac 5c]



PokerStars Zoom Hand #255373999273:  Hold'em No Limit ($0.05/$0.10) - 2025/03/20 20:16:32 CET [2025/03/20 15:16:32 ET]
Table 'Aludra' 6-max Seat #1 is the button
Seat 1: looser00091 ($24.71 in chips) 
Seat 2: ComplyOrDie8 ($10.47 in chips) 
Seat 3: calpex777 ($10.15 in chips) 
Seat 4: EdgarYY ($10.30 in chips) 
Seat 5: Mahu2021 ($7.68 in chips) 
Seat 6: COVEIROANCAP ($10.85 in chips) 
ComplyOrDie8: posts small blind $0.05
calpex777: posts big blind $0.10
*** HOLE CARDS ***
Dealt to Mahu2021 [2d Jd]
EdgarYY: folds 
Mahu2021: folds 
COVEIROANCAP: folds 
looser00091: folds 
ComplyOrDie8: folds 
Uncalled bet ($0.05) returned to calpex777
calpex777 collected $0.10 from pot
calpex777: doesn't show hand 
*** SUMMARY ***
Total pot $0.10 | Rake $0 
Seat 1: looser00091 (button) folded before Flop (didn't bet)
Seat 2: ComplyOrDie8 (small blind) folded before Flop
Seat 3: calpex777 (big blind) collected ($0.10)
Seat 4: EdgarYY folded before Flop (didn't bet)
Seat 5: Mahu2021 folded before Flop (didn't bet)
Seat 6: COVEIROANCAP folded before Flop (didn't bet)



PokerStars Zoom Hand #255374002665:  Hold'em No Limit ($0.05/$0.10) - 2025/03/20 20:16:45 CET [2025/03/20 15:16:45 ET]
Table 'Aludra' 6-max Seat #1 is the button
Seat 1: EdgarYY ($12.50 in chips) 
Seat 2: ddoctah ($10 in chips) 
Seat 3: Mahu2021 ($7.68 in chips) 
Seat 4: fredinhovn ($10.91 in chips) 
Seat 5: AlvinoD ($10.42 in chips) 
Seat 6: sup what ($13.29 in chips) 
ddoctah: posts small blind $0.05
Mahu2021: posts big blind $0.10
*** HOLE CARDS ***
Dealt to Mahu2021 [9d 3d]
fredinhovn: folds 
AlvinoD: folds 
sup what: folds 
EdgarYY: raises $0.15 to $0.25
ddoctah: folds 
Mahu2021: folds 
Uncalled bet ($0.15) returned to EdgarYY
EdgarYY collected $0.25 from pot
EdgarYY: doesn't show hand 
*** SUMMARY ***
Total pot $0.25 | Rake $0 
Seat 1: EdgarYY (button) collected ($0.25)
Seat 2: ddoctah (small blind) folded before Flop
Seat 3: Mahu2021 (big blind) folded before Flop
Seat 4: fredinhovn folded before Flop (didn't bet)
Seat 5: AlvinoD folded before Flop (didn't bet)
Seat 6: sup what folded before Flop (didn't bet)



PokerStars Zoom Hand #255373997981:  Hold'em No Limit ($0.05/$0.10) - 2025/03/20 20:16:27 CET [2025/03/20 15:16:27 ET]
Table 'Aludra' 6-max Seat #1 is the button
Seat 1: Ozias01 ($15.24 in chips) 
Seat 2: Gabitochan ($10.40 in chips) 
Seat 3: ddoctah ($18.29 in chips) 
Seat 4: Mahu2021 ($7.68 in chips) 
Seat 5: D_Kwal ($29.08 in chips) 
Seat 6: Taxxman505 ($10.23 in chips) 
Gabitochan: posts small blind $0.05
ddoctah: posts big blind $0.10
*** HOLE CARDS ***
Dealt to Mahu2021 [3c 2h]
Mahu2021: folds 
D_Kwal: raises $0.10 to $0.20
Taxxman505: folds 
Ozias01: raises $0.40 to $0.60
Gabitochan: folds 
ddoctah: folds 
D_Kwal: raises $1.30 to $1.90
Ozias01: folds 
Uncalled bet ($1.30) returned to D_Kwal
D_Kwal collected $1.35 from pot
D_Kwal: doesn't show hand 
*** SUMMARY ***
Total pot $1.35 | Rake $0 
Seat 1: Ozias01 (button) folded before Flop
Seat 2: Gabitochan (small blind) folded before Flop
Seat 3: ddoctah (big blind) folded before Flop
Seat 4: Mahu2021 folded before Flop (didn't bet)
Seat 5: D_Kwal collected ($1.35)
Seat 6: Taxxman505 folded before Flop (didn't bet)



PokerStars Zoom Hand #255374005405:  Hold'em No Limit ($0.05/$0.10) - 2025/03/20 20:16:56 CET [2025/03/20 15:16:56 ET]
Table 'Aludra' 6-max Seat #1 is the button
Seat 1: gonzatocho77 ($15.19 in chips) 
Seat 2: Mahu2021 ($7.58 in chips) 
Seat 3: camposiza ($15.13 in chips) 
Seat 4: ingenfantasi ($5.82 in chips) 
Seat 5: dreexxar ($10.25 in chips) 
Seat 6: swooperstar ($11.99 in chips) 
Mahu2021: posts small blind $0.05
camposiza: posts big blind $0.10
*** HOLE CARDS ***
Dealt to Mahu2021 [8c 8s]
ingenfantasi: raises $0.10 to $0.20
dreexxar: folds 
swooperstar: folds 
gonzatocho77: folds 
Mahu2021: calls $0.15
camposiza: folds 
*** FLOP *** [2c 6c 5h]
Mahu2021: bets $0.48
ingenfantasi: calls $0.48
*** TURN *** [2c 6c 5h] [3c]
Mahu2021: bets $1.39
ingenfantasi: raises $3.75 to $5.14 and is all-in
Mahu2021: calls $3.75
*** RIVER *** [2c 6c 5h 3c] [9h]
*** SHOW DOWN ***
Mahu2021: shows [8c 8s] (a pair of Eights)
ingenfantasi: shows [Qc Ad] (high card Ace)
Mahu2021 collected $11.21 from pot
*** SUMMARY ***
Total pot $11.74 | Rake $0.53 
Board [2c 6c 5h 3c 9h]
Seat 1: gonzatocho77 (button) folded before Flop (didn't bet)
Seat 2: Mahu2021 (small blind) showed [8c 8s] and won ($11.21) with a pair of Eights
Seat 3: camposiza (big blind) folded before Flop
Seat 4: ingenfantasi showed [Qc Ad] and lost with high card Ace
Seat 5: dreexxar folded before Flop (didn't bet)
Seat 6: swooperstar folded before Flop (didn't bet)



PokerStars Zoom Hand #255374001631:  Hold'em No Limit ($0.05/$0.10) - 2025/03/20 20:16:41 CET [2025/03/20 15:16:41 ET]
Table 'Aludra' 6-max Seat #1 is the button
Seat 1: AlvinoD ($25.63 in chips) 
Seat 2: sup what ($25.05 in chips) 
Seat 3: Gregory.M23 ($31.17 in chips) 
Seat 4: Mahu2021 ($7.68 in chips) 
Seat 5: ddoctah ($10 in chips) 
Seat 6: looser00091 ($24.71 in chips) 
sup what: posts small blind $0.05
Gregory.M23: posts big blind $0.10
*** HOLE CARDS ***
Dealt to Mahu2021 [Td 2c]
Mahu2021: folds 
ddoctah: folds 
looser00091: folds 
AlvinoD: folds 
sup what: calls $0.05
Gregory.M23: checks 
*** FLOP *** [Th Qd 5d]
sup what: checks 
Gregory.M23: bets $0.10
sup what: folds 
Uncalled bet ($0.10) returned to Gregory.M23
Gregory.M23 collected $0.19 from pot
Gregory.M23: doesn't show hand 
*** SUMMARY ***
Total pot $0.20 | Rake $0.01 
Board [Th Qd 5d]
Seat 1: AlvinoD (button) folded before Flop (didn't bet)
Seat 2: sup what (small blind) folded on the Flop
Seat 3: Gregory.M23 (big blind) collected ($0.19)
Seat 4: Mahu2021 folded before Flop (didn't bet)
Seat 5: ddoctah folded before Flop (didn't bet)
Seat 6: looser00091 folded before Flop (didn't bet)



PokerStars Zoom Hand #255374015455:  Hold'em No Limit ($0.05/$0.10) - 2025/03/20 20:17:33 CET [2025/03/20 15:17:33 ET]
Table 'Aludra' 6-max Seat #1 is the button
Seat 1: aalewee56 ($5.48 in chips) 
Seat 2: elvenu ($10.78 in chips) 
Seat 3: PRace13 ($11.01 in chips) 
Seat 4: COVEIROANCAP ($17.50 in chips) 
Seat 5: Mahu2021 ($12.97 in chips) 
Seat 6: Call me Alex97 ($10 in chips) 
elvenu: posts small blind $0.05
PRace13: posts big blind $0.10
*** HOLE CARDS ***
Dealt to Mahu2021 [9d Kh]
COVEIROANCAP: folds 
Mahu2021: folds 
Call me Alex97: folds 
aalewee56: folds 
elvenu: raises $0.20 to $0.30
PRace13: folds 
Uncalled bet ($0.20) returned to elvenu
elvenu collected $0.20 from pot
elvenu: doesn't show hand 
*** SUMMARY ***
Total pot $0.20 | Rake $0 
Seat 1: aalewee56 (button) folded before Flop (didn't bet)
Seat 2: elvenu (small blind) collected ($0.20)
Seat 3: PRace13 (big blind) folded before Flop
Seat 4: COVEIROANCAP folded before Flop (didn't bet)
Seat 5: Mahu2021 folded before Flop (didn't bet)
Seat 6: Call me Alex97 folded before Flop (didn't bet)



PokerStars Zoom Hand #255374021050:  Hold'em No Limit ($0.05/$0.10) - 2025/03/20 20:17:54 CET [2025/03/20 15:17:54 ET]
Table 'Aludra' 6-max Seat #1 is the button
Seat 1: tobieski ($10.95 in chips) 
Seat 2: augtoth ($10.43 in chips) 
Seat 3: Taxxman505 ($13.28 in chips) 
Seat 4: Mr sat4n ($10 in chips) 
Seat 5: J.A. Thelot ($9.41 in chips) 
Seat 6: Mahu2021 ($12.97 in chips) 
augtoth: posts small blind $0.05
Taxxman505: posts big blind $0.10
*** HOLE CARDS ***
Dealt to Mahu2021 [Th 5c]
Mr sat4n: folds 
J.A. Thelot: raises $0.10 to $0.20
Mahu2021: folds 
tobieski: folds 
augtoth: folds 
Taxxman505: calls $0.10
*** FLOP *** [6h 3s Kd]
Taxxman505: checks 
J.A. Thelot: checks 
*** TURN *** [6h 3s Kd] [2s]
Taxxman505: bets $0.10
J.A. Thelot: raises $0.30 to $0.40
Taxxman505: folds 
Uncalled bet ($0.30) returned to J.A. Thelot
J.A. Thelot collected $0.61 from pot
J.A. Thelot: doesn't show hand 
*** SUMMARY ***
Total pot $0.65 | Rake $0.04 
Board [6h 3s Kd 2s]
Seat 1: tobieski (button) folded before Flop (didn't bet)
Seat 2: augtoth (small blind) folded before Flop
Seat 3: Taxxman505 (big blind) folded on the Turn
Seat 4: Mr sat4n folded before Flop (didn't bet)
Seat 5: J.A. Thelot collected ($0.61)
Seat 6: Mahu2021 folded before Flop (didn't bet)



PokerStars Zoom Hand #255374023462:  Hold'em No Limit ($0.05/$0.10) - 2025/03/20 20:18:04 CET [2025/03/20 15:18:04 ET]
Table 'Aludra' 6-max Seat #1 is the button
Seat 1: Gregory.M23 ($31.21 in chips) 
Seat 2: JJAApageTTi ($10.68 in chips) 
Seat 3: Mahu2021 ($12.97 in chips) 
Seat 4: Gto_gtfo ($10.42 in chips) 
Seat 5: Mr sat4n ($11.63 in chips) 
Seat 6: EdgarYY ($11.60 in chips) 
JJAApageTTi: posts small blind $0.05
Mahu2021: posts big blind $0.10
*** HOLE CARDS ***
Dealt to Mahu2021 [Qh 3c]
Gto_gtfo: folds 
Mr sat4n: folds 
EdgarYY: raises $0.12 to $0.22
Gregory.M23: folds 
JJAApageTTi: folds 
Mahu2021: folds 
Uncalled bet ($0.12) returned to EdgarYY
EdgarYY collected $0.25 from pot
EdgarYY: doesn't show hand 
*** SUMMARY ***
Total pot $0.25 | Rake $0 
Seat 1: Gregory.M23 (button) folded before Flop (didn't bet)
Seat 2: JJAApageTTi (small blind) folded before Flop
Seat 3: Mahu2021 (big blind) folded before Flop
Seat 4: Gto_gtfo folded before Flop (didn't bet)
Seat 5: Mr sat4n folded before Flop (didn't bet)
Seat 6: EdgarYY collected ($0.25)



PokerStars Zoom Hand #255374018672:  Hold'em No Limit ($0.05/$0.10) - 2025/03/20 20:17:46 CET [2025/03/20 15:17:46 ET]
Table 'Aludra' 6-max Seat #1 is the button
Seat 1: Mahu2021 ($12.97 in chips) 
Seat 2: COVEIROANCAP ($17.43 in chips) 
Seat 3: sup what ($17.63 in chips) 
Seat 4: Gto_gtfo ($15.24 in chips) 
Seat 5: vViolator13 ($9.62 in chips) 
Seat 6: EdgarYY ($11.59 in chips) 
COVEIROANCAP: posts small blind $0.05
sup what: posts big blind $0.10
*** HOLE CARDS ***
Dealt to Mahu2021 [Kd 9s]
Gto_gtfo: folds 
vViolator13: raises $0.20 to $0.30
EdgarYY: raises $0.60 to $0.90
Mahu2021: folds 
COVEIROANCAP: folds 
sup what: folds 
vViolator13: raises $1.95 to $2.85
EdgarYY: folds 
Uncalled bet ($1.95) returned to vViolator13
vViolator13 collected $1.95 from pot
vViolator13: doesn't show hand 
*** SUMMARY ***
Total pot $1.95 | Rake $0 
Seat 1: Mahu2021 (button) folded before Flop (didn't bet)
Seat 2: COVEIROANCAP (small blind) folded before Flop
Seat 3: sup what (big blind) folded before Flop
Seat 4: Gto_gtfo folded before Flop (didn't bet)
Seat 5: vViolator13 collected ($1.95)
Seat 6: EdgarYY folded before Flop



PokerStars Zoom Hand #255374022445:  Hold'em No Limit ($0.05/$0.10) - 2025/03/20 20:17:59 CET [2025/03/20 15:17:59 ET]
Table 'Aludra' 6-max Seat #1 is the button
Seat 1: ddoctah ($18.99 in chips) 
Seat 2: jksgoodgz ($24.11 in chips) 
Seat 3: ComplyOrDie8 ($10.47 in chips) 
Seat 4: rk_ito7 ($18.98 in chips) 
Seat 5: Mahu2021 ($12.97 in chips) 
Seat 6: nakajeeee ($14.05 in chips) 
jksgoodgz: posts small blind $0.05
ComplyOrDie8: posts big blind $0.10
*** HOLE CARDS ***
Dealt to Mahu2021 [2d Js]
rk_ito7: raises $0.10 to $0.20
Mahu2021: folds 
nakajeeee: folds 
ddoctah: folds 
jksgoodgz: folds 
ComplyOrDie8: calls $0.10
*** FLOP *** [Ah 5s 2s]
ComplyOrDie8: checks 
rk_ito7: checks 
*** TURN *** [Ah 5s 2s] [9s]
ComplyOrDie8: checks 
rk_ito7: bets $0.14
ComplyOrDie8: folds 
Uncalled bet ($0.14) returned to rk_ito7
rk_ito7 collected $0.43 from pot
rk_ito7: doesn't show hand 
*** SUMMARY ***
Total pot $0.45 | Rake $0.02 
Board [Ah 5s 2s 9s]
Seat 1: ddoctah (button) folded before Flop (didn't bet)
Seat 2: jksgoodgz (small blind) folded before Flop
Seat 3: ComplyOrDie8 (big blind) folded on the Turn
Seat 4: rk_ito7 collected ($0.43)
Seat 5: Mahu2021 folded before Flop (didn't bet)
Seat 6: nakajeeee folded before Flop (didn't bet)



PokerStars Zoom Hand #255374026366:  Hold'em No Limit ($0.05/$0.10) - 2025/03/20 20:18:15 CET [2025/03/20 15:18:15 ET]
Table 'Aludra' 6-max Seat #1 is the button
Seat 1: Mahu2021 ($12.82 in chips) 
Seat 2: Taxxman505 ($12.98 in chips) 
Seat 3: JJAApageTTi ($10.63 in chips) 
Seat 4: Gto_gtfo ($15.02 in chips) 
Seat 5: fredinhovn ($11.16 in chips) 
Seat 6: KidMamba ($9.72 in chips) 
Taxxman505: posts small blind $0.05
JJAApageTTi: posts big blind $0.10
*** HOLE CARDS ***
Dealt to Mahu2021 [7d Ad]
Gto_gtfo: folds 
fredinhovn: folds 
KidMamba: folds 
Mahu2021: raises $0.20 to $0.30
Taxxman505: folds 
JJAApageTTi: folds 
Uncalled bet ($0.20) returned to Mahu2021
Mahu2021 collected $0.25 from pot
Mahu2021: doesn't show hand 
*** SUMMARY ***
Total pot $0.25 | Rake $0 
Seat 1: Mahu2021 (button) collected ($0.25)
Seat 2: Taxxman505 (small blind) folded before Flop
Seat 3: JJAApageTTi (big blind) folded before Flop
Seat 4: Gto_gtfo folded before Flop (didn't bet)
Seat 5: fredinhovn folded before Flop (didn't bet)
Seat 6: KidMamba folded before Flop (didn't bet)



PokerStars Zoom Hand #255374025505:  Hold'em No Limit ($0.05/$0.10) - 2025/03/20 20:18:11 CET [2025/03/20 15:18:11 ET]
Table 'Aludra' 6-max Seat #1 is the button
Seat 1: Mr sat4n ($13.57 in chips) 
Seat 2: Mahu2021 ($12.87 in chips) 
Seat 3: geo2411 ($13.65 in chips) 
Seat 4: COVEIROANCAP ($21.47 in chips) 
Seat 5: Rezzotto0208 ($10.80 in chips) 
Seat 6: evroplast ($10.10 in chips) 
Mahu2021: posts small blind $0.05
geo2411: posts big blind $0.10
*** HOLE CARDS ***
Dealt to Mahu2021 [5d Ks]
COVEIROANCAP: folds 
Rezzotto0208: folds 
evroplast: raises $0.15 to $0.25
Mr sat4n: folds 
Mahu2021: folds 
geo2411: calls $0.15
*** FLOP *** [3s 3h 2c]
geo2411: checks 
evroplast: checks 
*** TURN *** [3s 3h 2c] [Kh]
geo2411: checks 
evroplast: bets $0.39
geo2411: folds 
Uncalled bet ($0.39) returned to evroplast
evroplast collected $0.53 from pot
evroplast: doesn't show hand 
*** SUMMARY ***
Total pot $0.55 | Rake $0.02 
Board [3s 3h 2c Kh]
Seat 1: Mr sat4n (button) folded before Flop (didn't bet)
Seat 2: Mahu2021 (small blind) folded before Flop
Seat 3: geo2411 (big blind) folded on the Turn
Seat 4: COVEIROANCAP folded before Flop (didn't bet)
Seat 5: Rezzotto0208 folded before Flop (didn't bet)
Seat 6: evroplast collected ($0.53)



PokerStars Zoom Hand #255374033252:  Hold'em No Limit ($0.05/$0.10) - 2025/03/20 20:18:41 CET [2025/03/20 15:18:41 ET]
Table 'Aludra' 6-max Seat #1 is the button
Seat 1: Gto_gtfo ($10.27 in chips) 
Seat 2: gonzatocho77 ($10 in chips) 
Seat 3: PRace13 ($10 in chips) 
Seat 4: JJAApageTTi ($40.83 in chips) 
Seat 5: Hoyer55 ($9.73 in chips) 
Seat 6: Mahu2021 ($12.97 in chips) 
gonzatocho77: posts small blind $0.05
PRace13: posts big blind $0.10
*** HOLE CARDS ***
Dealt to Mahu2021 [7s 9c]
JJAApageTTi: folds 
Hoyer55: folds 
Mahu2021: folds 
Gto_gtfo: folds 
gonzatocho77: raises $0.20 to $0.30
PRace13: calls $0.20
*** FLOP *** [2h Qc 5s]
gonzatocho77: bets $0.19
PRace13: calls $0.19
*** TURN *** [2h Qc 5s] [4h]
gonzatocho77: checks 
PRace13: bets $0.47
gonzatocho77: folds 
Uncalled bet ($0.47) returned to PRace13
PRace13 collected $0.94 from pot
PRace13: doesn't show hand 
*** SUMMARY ***
Total pot $0.98 | Rake $0.04 
Board [2h Qc 5s 4h]
Seat 1: Gto_gtfo (button) folded before Flop (didn't bet)
Seat 2: gonzatocho77 (small blind) folded on the Turn
Seat 3: PRace13 (big blind) collected ($0.94)
Seat 4: JJAApageTTi folded before Flop (didn't bet)
Seat 5: Hoyer55 folded before Flop (didn't bet)
Seat 6: Mahu2021 folded before Flop (didn't bet)



PokerStars Zoom Hand #255374040115:  Hold'em No Limit ($0.05/$0.10) - 2025/03/20 20:19:07 CET [2025/03/20 15:19:07 ET]
Table 'Aludra' 6-max Seat #1 is the button
Seat 1: evroplast ($10.15 in chips) 
Seat 2: Losimas(LT) ($10.40 in chips) 
Seat 3: Mahu2021 ($12.92 in chips) 
Seat 4: PRace13 ($11.44 in chips) 
Seat 5: gonzatocho77 ($15.21 in chips) 
Seat 6: pjoliveira1 ($11.34 in chips) 
Losimas(LT): posts small blind $0.05
Mahu2021: posts big blind $0.10
*** HOLE CARDS ***
Dealt to Mahu2021 [Qh 2s]
PRace13: folds 
gonzatocho77: raises $0.20 to $0.30
pjoliveira1: folds 
evroplast: folds 
Losimas(LT): folds 
Mahu2021: folds 
Uncalled bet ($0.20) returned to gonzatocho77
gonzatocho77 collected $0.25 from pot
gonzatocho77: doesn't show hand 
*** SUMMARY ***
Total pot $0.25 | Rake $0 
Seat 1: evroplast (button) folded before Flop (didn't bet)
Seat 2: Losimas(LT) (small blind) folded before Flop
Seat 3: Mahu2021 (big blind) folded before Flop
Seat 4: PRace13 folded before Flop (didn't bet)
Seat 5: gonzatocho77 collected ($0.25)
Seat 6: pjoliveira1 folded before Flop (didn't bet)



PokerStars Zoom Hand #255374034255:  Hold'em No Limit ($0.05/$0.10) - 2025/03/20 20:18:44 CET [2025/03/20 15:18:44 ET]
Table 'Aludra' 6-max Seat #1 is the button
Seat 1: PRace13 ($11.54 in chips) 
Seat 2: Losimas(LT) ($10 in chips) 
Seat 3: EdgarYY ($10.52 in chips) 
Seat 4: Mahu2021 ($12.97 in chips) 
Seat 5: PoProfession ($10.42 in chips) 
Seat 6: wilson1874 ($8.62 in chips) 
Losimas(LT): posts small blind $0.05
EdgarYY: posts big blind $0.10
*** HOLE CARDS ***
Dealt to Mahu2021 [Ts 4h]
Mahu2021: folds 
PoProfession: raises $0.20 to $0.30
wilson1874: folds 
PRace13: folds 
Losimas(LT): calls $0.25
EdgarYY: folds 
*** FLOP *** [7d Qd 3d]
Losimas(LT): checks 
PoProfession: checks 
*** TURN *** [7d Qd 3d] [Kd]
Losimas(LT): checks 
PoProfession: checks 
*** RIVER *** [7d Qd 3d Kd] [4s]
Losimas(LT): checks 
PoProfession: checks 
*** SHOW DOWN ***
Losimas(LT): shows [9s 9h] (a pair of Nines)
PoProfession: shows [5d 5c] (a flush, King high)
PoProfession collected $0.67 from pot
*** SUMMARY ***
Total pot $0.70 | Rake $0.03 
Board [7d Qd 3d Kd 4s]
Seat 1: PRace13 (button) folded before Flop (didn't bet)
Seat 2: Losimas(LT) (small blind) showed [9s 9h] and lost with a pair of Nines
Seat 3: EdgarYY (big blind) folded before Flop
Seat 4: Mahu2021 folded before Flop (didn't bet)
Seat 5: PoProfession showed [5d 5c] and won ($0.67) with a flush, King high
Seat 6: wilson1874 folded before Flop (didn't bet)



PokerStars Zoom Hand #255374045178:  Hold'em No Limit ($0.05/$0.10) - 2025/03/20 20:19:26 CET [2025/03/20 15:19:26 ET]
Table 'Aludra' 6-max Seat #1 is the button
Seat 1: kimonozygo ($10.29 in chips) 
Seat 2: PRace13 ($10 in chips) 
Seat 3: Mahu2021 ($12.82 in chips) 
Seat 4: gonzatocho77 ($15.41 in chips) 
Seat 5: sup what ($15.34 in chips) 
Seat 6: Leadbone ($18.80 in chips) 
PRace13: posts small blind $0.05
Mahu2021: posts big blind $0.10
*** HOLE CARDS ***
Dealt to Mahu2021 [Ac 3h]
gonzatocho77: folds 
sup what: folds 
Leadbone: folds 
kimonozygo: folds 
PRace13: folds 
Uncalled bet ($0.05) returned to Mahu2021
Mahu2021 collected $0.10 from pot
Mahu2021: doesn't show hand 
*** SUMMARY ***
Total pot $0.10 | Rake $0 
Seat 1: kimonozygo (button) folded before Flop (didn't bet)
Seat 2: PRace13 (small blind) folded before Flop
Seat 3: Mahu2021 (big blind) collected ($0.10)
Seat 4: gonzatocho77 folded before Flop (didn't bet)
Seat 5: sup what folded before Flop (didn't bet)
Seat 6: Leadbone folded before Flop (didn't bet)



PokerStars Zoom Hand #255374036110:  Hold'em No Limit ($0.05/$0.10) - 2025/03/20 20:18:51 CET [2025/03/20 15:18:51 ET]
Table 'Aludra' 6-max Seat #1 is the button
Seat 1: Mahu2021 ($12.92 in chips) 
Seat 2: EdgarYY ($10.42 in chips) 
Seat 3: alpharfn ($22.58 in chips) 
Seat 4: anakondo87 ($16.89 in chips) 
Seat 5: rk_ito7 ($11.19 in chips) 
Seat 6: Gto_gtfo ($15.17 in chips) 
EdgarYY: posts small blind $0.05
alpharfn: posts big blind $0.10
*** HOLE CARDS ***
Dealt to Mahu2021 [Kc Td]
anakondo87: calls $0.10
rk_ito7: folds 
Gto_gtfo: raises $0.22 to $0.32
Mahu2021: folds 
EdgarYY: folds 
alpharfn: calls $0.22
anakondo87: calls $0.22
*** FLOP *** [4s 4c Qd]
alpharfn: checks 
anakondo87: checks 
Gto_gtfo: checks 
*** TURN *** [4s 4c Qd] [5d]
alpharfn: checks 
anakondo87: bets $0.30
Gto_gtfo: folds 
alpharfn: folds 
Uncalled bet ($0.30) returned to anakondo87
anakondo87 collected $0.95 from pot
anakondo87: doesn't show hand 
*** SUMMARY ***
Total pot $1.01 | Rake $0.06 
Board [4s 4c Qd 5d]
Seat 1: Mahu2021 (button) folded before Flop (didn't bet)
Seat 2: EdgarYY (small blind) folded before Flop
Seat 3: alpharfn (big blind) folded on the Turn
Seat 4: anakondo87 collected ($0.95)
Seat 5: rk_ito7 folded before Flop (didn't bet)
Seat 6: Gto_gtfo folded on the Turn



PokerStars Zoom Hand #255374042256:  Hold'em No Limit ($0.05/$0.10) - 2025/03/20 20:19:15 CET [2025/03/20 15:19:15 ET]
Table 'Aludra' 6-max Seat #1 is the button
Seat 1: allrauneR ($8.92 in chips) 
Seat 2: kimonozygo ($10.34 in chips) 
Seat 3: rk_ito7 ($41.21 in chips) 
Seat 4: Stephan61 ($10.73 in chips) 
Seat 5: saljam23 ($10.05 in chips) 
Seat 6: Mahu2021 ($12.82 in chips) 
kimonozygo: posts small blind $0.05
rk_ito7: posts big blind $0.10
*** HOLE CARDS ***
Dealt to Mahu2021 [3h 7d]
Stephan61: calls $0.10
saljam23: raises $0.35 to $0.45
Mahu2021: folds 
allrauneR: folds 
kimonozygo: folds 
rk_ito7: calls $0.35
Stephan61: folds 
*** FLOP *** [4s 3c 6d]
rk_ito7: checks 
saljam23: bets $0.60
rk_ito7: folds 
Uncalled bet ($0.60) returned to saljam23
saljam23 collected $1 from pot
saljam23: doesn't show hand 
*** SUMMARY ***
Total pot $1.05 | Rake $0.05 
Board [4s 3c 6d]
Seat 1: allrauneR (button) folded before Flop (didn't bet)
Seat 2: kimonozygo (small blind) folded before Flop
Seat 3: rk_ito7 (big blind) folded on the Flop
Seat 4: Stephan61 folded before Flop
Seat 5: saljam23 collected ($1)
Seat 6: Mahu2021 folded before Flop (didn't bet)



PokerStars Zoom Hand #255374043314:  Hold'em No Limit ($0.05/$0.10) - 2025/03/20 20:19:19 CET [2025/03/20 15:19:19 ET]
Table 'Aludra' 6-max Seat #1 is the button
Seat 1: Dicu11 ($3.93 in chips) 
Seat 2: Leadbone ($18.85 in chips) 
Seat 3: dzerzy1 ($8.76 in chips) 
Seat 4: evroplast ($10.15 in chips) 
Seat 5: Mahu2021 ($12.82 in chips) 
Seat 6: zfaq10 ($10.49 in chips) 
Leadbone: posts small blind $0.05
dzerzy1: posts big blind $0.10
*** HOLE CARDS ***
Dealt to Mahu2021 [Td 9h]
evroplast: folds 
Mahu2021: folds 
zfaq10: raises $0.10 to $0.20
Dicu11: calls $0.20
Leadbone: folds 
dzerzy1: calls $0.10
*** FLOP *** [3s Jd 5h]
dzerzy1: checks 
zfaq10: checks 
Dicu11: checks 
*** TURN *** [3s Jd 5h] [8d]
dzerzy1: checks 
zfaq10: bets $0.16
Dicu11: folds 
dzerzy1: calls $0.16
*** RIVER *** [3s Jd 5h 8d] [Ac]
dzerzy1: checks 
zfaq10: checks 
*** SHOW DOWN ***
dzerzy1: shows [6s 5c] (a pair of Fives)
zfaq10: shows [7c 8c] (a pair of Eights)
zfaq10 collected $0.93 from pot
*** SUMMARY ***
Total pot $0.97 | Rake $0.04 
Board [3s Jd 5h 8d Ac]
Seat 1: Dicu11 (button) folded on the Turn
Seat 2: Leadbone (small blind) folded before Flop
Seat 3: dzerzy1 (big blind) showed [6s 5c] and lost with a pair of Fives
Seat 4: evroplast folded before Flop (didn't bet)
Seat 5: Mahu2021 folded before Flop (didn't bet)
Seat 6: zfaq10 showed [7c 8c] and won ($0.93) with a pair of Eights



PokerStars Zoom Hand #255374035083:  Hold'em No Limit ($0.05/$0.10) - 2025/03/20 20:18:47 CET [2025/03/20 15:18:47 ET]
Table 'Aludra' 6-max Seat #1 is the button
Seat 1: davidshell ($22.06 in chips) 
Seat 2: Mahu2021 ($12.97 in chips) 
Seat 3: gresscrack ($22.26 in chips) 
Seat 4: kinit100 ($22.77 in chips) 
Seat 5: Dulvagan ($20.13 in chips) 
Seat 6: calpex777 ($14.64 in chips) 
Mahu2021: posts small blind $0.05
gresscrack: posts big blind $0.10
*** HOLE CARDS ***
Dealt to Mahu2021 [2c 9d]
kinit100: folds 
Dulvagan: folds 
calpex777: folds 
davidshell: raises $0.15 to $0.25
Mahu2021: folds 
gresscrack: calls $0.15
*** FLOP *** [9c 9s 6h]
gresscrack: checks 
davidshell: checks 
*** TURN *** [9c 9s 6h] [Ad]
gresscrack: checks 
davidshell: bets $0.35
gresscrack: calls $0.35
*** RIVER *** [9c 9s 6h Ad] [2h]
gresscrack: checks 
davidshell: bets $0.79
gresscrack: calls $0.79
*** SHOW DOWN ***
davidshell: shows [8c 4c] (a pair of Nines)
gresscrack: shows [Ac Ts] (two pair, Aces and Nines)
gresscrack collected $2.70 from pot
*** SUMMARY ***
Total pot $2.83 | Rake $0.13 
Board [9c 9s 6h Ad 2h]
Seat 1: davidshell (button) showed [8c 4c] and lost with a pair of Nines
Seat 2: Mahu2021 (small blind) folded before Flop
Seat 3: gresscrack (big blind) showed [Ac Ts] and won ($2.70) with two pair, Aces and Nines
Seat 4: kinit100 folded before Flop (didn't bet)
Seat 5: Dulvagan folded before Flop (didn't bet)
Seat 6: calpex777 folded before Flop (didn't bet)



PokerStars Zoom Hand #255374053059:  Hold'em No Limit ($0.05/$0.10) - 2025/03/20 20:19:56 CET [2025/03/20 15:19:56 ET]
Table 'Aludra' 6-max Seat #1 is the button
Seat 1: Shrig471 ($33.41 in chips) 
Seat 2: Mahu2021 ($12.64 in chips) 
Seat 3: Gto_gtfo ($17.92 in chips) 
Seat 4: nakajeeee ($21.55 in chips) 
Seat 5: AlvinoD ($18.86 in chips) 
Seat 6: Inc-Zra ($10.42 in chips) 
Mahu2021: posts small blind $0.05
Gto_gtfo: posts big blind $0.10
*** HOLE CARDS ***
Dealt to Mahu2021 [Ts Ad]
nakajeeee: folds 
AlvinoD: folds 
Inc-Zra: folds 
Shrig471: folds 
Mahu2021: raises $0.20 to $0.30
Gto_gtfo: calls $0.20
*** FLOP *** [7c 8s 6d]
Mahu2021: checks 
Gto_gtfo: bets $0.29
Mahu2021: calls $0.29
*** TURN *** [7c 8s 6d] [Qs]
Mahu2021: checks 
Gto_gtfo: checks 
*** RIVER *** [7c 8s 6d Qs] [Jc]
Mahu2021: checks 
Gto_gtfo: checks 
*** SHOW DOWN ***
Mahu2021: shows [Ts Ad] (high card Ace)
Gto_gtfo: shows [4h 7h] (a pair of Sevens)
Gto_gtfo collected $1.13 from pot
*** SUMMARY ***
Total pot $1.18 | Rake $0.05 
Board [7c 8s 6d Qs Jc]
Seat 1: Shrig471 (button) folded before Flop (didn't bet)
Seat 2: Mahu2021 (small blind) showed [Ts Ad] and lost with high card Ace
Seat 3: Gto_gtfo (big blind) showed [4h 7h] and won ($1.13) with a pair of Sevens
Seat 4: nakajeeee folded before Flop (didn't bet)
Seat 5: AlvinoD folded before Flop (didn't bet)
Seat 6: Inc-Zra folded before Flop (didn't bet)



PokerStars Zoom Hand #255374048623:  Hold'em No Limit ($0.05/$0.10) - 2025/03/20 20:19:39 CET [2025/03/20 15:19:39 ET]
Table 'Aludra' 6-max Seat #1 is the button
Seat 1: alpharfn ($22.26 in chips) 
Seat 2: lofiofede11 ($13.64 in chips) 
Seat 3: calpex777 ($10 in chips) 
Seat 4: sup what ($24.84 in chips) 
Seat 5: Losimas(LT) ($10.25 in chips) 
Seat 6: Mahu2021 ($12.87 in chips) 
lofiofede11: posts small blind $0.05
calpex777: posts big blind $0.10
*** HOLE CARDS ***
Dealt to Mahu2021 [Kd Th]
sup what: folds 
Losimas(LT): folds 
Mahu2021: raises $0.13 to $0.23
alpharfn: raises $0.43 to $0.66
lofiofede11: raises $1.04 to $1.70
calpex777: folds 
Mahu2021: folds 
alpharfn: calls $1.04
*** FLOP *** [5c Qs 4d]
lofiofede11: bets $1.96
alpharfn: folds 
Uncalled bet ($1.96) returned to lofiofede11
lofiofede11 collected $3.56 from pot
lofiofede11: doesn't show hand 
*** SUMMARY ***
Total pot $3.73 | Rake $0.17 
Board [5c Qs 4d]
Seat 1: alpharfn (button) folded on the Flop
Seat 2: lofiofede11 (small blind) collected ($3.56)
Seat 3: calpex777 (big blind) folded before Flop
Seat 4: sup what folded before Flop (didn't bet)
Seat 5: Losimas(LT) folded before Flop (didn't bet)
Seat 6: Mahu2021 folded before Flop



PokerStars Zoom Hand #255374059185:  Hold'em No Limit ($0.05/$0.10) - 2025/03/20 20:20:18 CET [2025/03/20 15:20:18 ET]
Table 'Aludra' 6-max Seat #1 is the button
Seat 1: calpex777 ($13.54 in chips) 
Seat 2: Gto_gtfo ($18.46 in chips) 
Seat 3: dreexxar ($17.65 in chips) 
Seat 4: aletodo ($13.70 in chips) 
Seat 5: Mahu2021 ($12.05 in chips) 
Seat 6: sup what ($15.19 in chips) 
Gto_gtfo: posts small blind $0.05
dreexxar: posts big blind $0.10
*** HOLE CARDS ***
Dealt to Mahu2021 [3h 4d]
aletodo: folds 
Mahu2021: folds 
sup what: folds 
calpex777: raises $0.20 to $0.30
Gto_gtfo: folds 
dreexxar: folds 
Uncalled bet ($0.20) returned to calpex777
calpex777 collected $0.25 from pot
calpex777: doesn't show hand 
*** SUMMARY ***
Total pot $0.25 | Rake $0 
Seat 1: calpex777 (button) collected ($0.25)
Seat 2: Gto_gtfo (small blind) folded before Flop
Seat 3: dreexxar (big blind) folded before Flop
Seat 4: aletodo folded before Flop (didn't bet)
Seat 5: Mahu2021 folded before Flop (didn't bet)
Seat 6: sup what folded before Flop (didn't bet)



PokerStars Zoom Hand #255374061591:  Hold'em No Limit ($0.05/$0.10) - 2025/03/20 20:20:28 CET [2025/03/20 15:20:28 ET]
Table 'Aludra' 6-max Seat #1 is the button
Seat 1: Mahu2021 ($12.05 in chips) 
Seat 2: RODRIGO_L345 ($9.90 in chips) 
Seat 3: Profesor_Rev ($17.01 in chips) 
Seat 4: jksgoodgz ($23.81 in chips) 
Seat 5: tounik ($26.36 in chips) 
Seat 6: zolly12 ($25.18 in chips) 
RODRIGO_L345: posts small blind $0.05
Profesor_Rev: posts big blind $0.10
*** HOLE CARDS ***
Dealt to Mahu2021 [8d 2h]
jksgoodgz: folds 
tounik: raises $0.10 to $0.20
zolly12: folds 
Mahu2021: folds 
RODRIGO_L345: folds 
Profesor_Rev: folds 
Uncalled bet ($0.10) returned to tounik
tounik collected $0.25 from pot
tounik: doesn't show hand 
*** SUMMARY ***
Total pot $0.25 | Rake $0 
Seat 1: Mahu2021 (button) folded before Flop (didn't bet)
Seat 2: RODRIGO_L345 (small blind) folded before Flop
Seat 3: Profesor_Rev (big blind) folded before Flop
Seat 4: jksgoodgz folded before Flop (didn't bet)
Seat 5: tounik collected ($0.25)
Seat 6: zolly12 folded before Flop (didn't bet)



PokerStars Zoom Hand #255374062646:  Hold'em No Limit ($0.05/$0.10) - 2025/03/20 20:20:32 CET [2025/03/20 15:20:32 ET]
Table 'Aludra' 6-max Seat #1 is the button
Seat 1: zolly12 ($25.18 in chips) 
Seat 2: josephc20 ($11.65 in chips) 
Seat 3: Mahu2021 ($12.05 in chips) 
Seat 4: gonzatocho77 ($15.86 in chips) 
Seat 5: PRace13 ($10.40 in chips) 
Seat 6: RODRIGO_L345 ($9.85 in chips) 
josephc20: posts small blind $0.05
Mahu2021: posts big blind $0.10
*** HOLE CARDS ***
Dealt to Mahu2021 [6h 4d]
gonzatocho77: folds 
PRace13: folds 
RODRIGO_L345: folds 
zolly12: raises $0.15 to $0.25
josephc20: folds 
Mahu2021: folds 
Uncalled bet ($0.15) returned to zolly12
zolly12 collected $0.25 from pot
zolly12: doesn't show hand 
*** SUMMARY ***
Total pot $0.25 | Rake $0 
Seat 1: zolly12 (button) collected ($0.25)
Seat 2: josephc20 (small blind) folded before Flop
Seat 3: Mahu2021 (big blind) folded before Flop
Seat 4: gonzatocho77 folded before Flop (didn't bet)
Seat 5: PRace13 folded before Flop (didn't bet)
Seat 6: RODRIGO_L345 folded before Flop (didn't bet)



PokerStars Zoom Hand #255374066638:  Hold'em No Limit ($0.05/$0.10) - 2025/03/20 20:20:47 CET [2025/03/20 15:20:47 ET]
Table 'Aludra' 6-max Seat #1 is the button
Seat 1: BuBBleBoy548 ($10 in chips) 
Seat 2: Mahu2021 ($11.95 in chips) 
Seat 3: calpex777 ($13.34 in chips) 
Seat 4: RedxBull18 ($14.49 in chips) 
Seat 5: Gto_gtfo ($14.35 in chips) 
Seat 6: Call me Alex97 ($11.35 in chips) 
Mahu2021: posts small blind $0.05
calpex777: posts big blind $0.10
*** HOLE CARDS ***
Dealt to Mahu2021 [Kc 2s]
RedxBull18: raises $0.10 to $0.20
Gto_gtfo: folds 
Call me Alex97: folds 
BuBBleBoy548: folds 
Mahu2021: folds 
calpex777: folds 
Uncalled bet ($0.10) returned to RedxBull18
RedxBull18 collected $0.25 from pot
RedxBull18: doesn't show hand 
*** SUMMARY ***
Total pot $0.25 | Rake $0 
Seat 1: BuBBleBoy548 (button) folded before Flop (didn't bet)
Seat 2: Mahu2021 (small blind) folded before Flop
Seat 3: calpex777 (big blind) folded before Flop
Seat 4: RedxBull18 collected ($0.25)
Seat 5: Gto_gtfo folded before Flop (didn't bet)
Seat 6: Call me Alex97 folded before Flop (didn't bet)



PokerStars Zoom Hand #255374060510:  Hold'em No Limit ($0.05/$0.10) - 2025/03/20 20:20:24 CET [2025/03/20 15:20:24 ET]
Table 'Aludra' 6-max Seat #1 is the button
Seat 1: dreexxar ($10.10 in chips) 
Seat 2: aletodo ($13.70 in chips) 
Seat 3: ComplyOrDie8 ($10.58 in chips) 
Seat 4: Mahu2021 ($12.05 in chips) 
Seat 5: camposiza ($15.22 in chips) 
Seat 6: EdgarYY ($10 in chips) 
aletodo: posts small blind $0.05
ComplyOrDie8: posts big blind $0.10
*** HOLE CARDS ***
Dealt to Mahu2021 [4c Td]
Mahu2021: folds 
camposiza: folds 
EdgarYY: folds 
dreexxar: raises $0.12 to $0.22
aletodo: folds 
ComplyOrDie8: calls $0.12
*** FLOP *** [Qc 3s 3c]
ComplyOrDie8: checks 
dreexxar: bets $0.22
ComplyOrDie8: calls $0.22
*** TURN *** [Qc 3s 3c] [8c]
ComplyOrDie8: checks 
dreexxar: checks 
*** RIVER *** [Qc 3s 3c 8c] [2c]
ComplyOrDie8: checks 
dreexxar: checks 
*** SHOW DOWN ***
ComplyOrDie8: shows [Js Kd] (a pair of Threes)
dreexxar: shows [8s Ad] (two pair, Eights and Threes)
dreexxar collected $0.89 from pot
*** SUMMARY ***
Total pot $0.93 | Rake $0.04 
Board [Qc 3s 3c 8c 2c]
Seat 1: dreexxar (button) showed [8s Ad] and won ($0.89) with two pair, Eights and Threes
Seat 2: aletodo (small blind) folded before Flop
Seat 3: ComplyOrDie8 (big blind) showed [Js Kd] and lost with a pair of Threes
Seat 4: Mahu2021 folded before Flop (didn't bet)
Seat 5: camposiza folded before Flop (didn't bet)
Seat 6: EdgarYY folded before Flop (didn't bet)



PokerStars Zoom Hand #255374044358:  Hold'em No Limit ($0.05/$0.10) - 2025/03/20 20:19:22 CET [2025/03/20 15:19:22 ET]
Table 'Aludra' 6-max Seat #1 is the button
Seat 1: ComplyOrDie8 ($10.22 in chips) 
Seat 2: sup what ($13.49 in chips) 
Seat 3: RedxBull18 ($14.51 in chips) 
Seat 4: Mahu2021 ($12.82 in chips) 
Seat 5: tov.Suhov1 ($10 in chips) 
Seat 6: Mr sat4n ($13.57 in chips) 
sup what: posts small blind $0.05
RedxBull18: posts big blind $0.10
*** HOLE CARDS ***
Dealt to Mahu2021 [Kd 5s]
Mahu2021: folds 
tov.Suhov1: raises $0.15 to $0.25
Mr sat4n: folds 
ComplyOrDie8: folds 
sup what: calls $0.20
RedxBull18: calls $0.15
*** FLOP *** [9s 9d 2s]
sup what: checks 
RedxBull18: checks 
tov.Suhov1: bets $0.24
sup what: calls $0.24
RedxBull18: folds 
*** TURN *** [9s 9d 2s] [7s]
sup what: checks 
tov.Suhov1: bets $0.85
sup what: raises $0.95 to $1.80
tov.Suhov1: calls $0.95
*** RIVER *** [9s 9d 2s 7s] [Qs]
sup what: bets $1.17
tov.Suhov1: folds 
Uncalled bet ($1.17) returned to sup what
sup what collected $4.61 from pot
sup what: doesn't show hand 
*** SUMMARY ***
Total pot $4.83 | Rake $0.22 
Board [9s 9d 2s 7s Qs]
Seat 1: ComplyOrDie8 (button) folded before Flop (didn't bet)
Seat 2: sup what (small blind) collected ($4.61)
Seat 3: RedxBull18 (big blind) folded on the Flop
Seat 4: Mahu2021 folded before Flop (didn't bet)
Seat 5: tov.Suhov1 folded on the River
Seat 6: Mr sat4n folded before Flop (didn't bet)



PokerStars Zoom Hand #255374067681:  Hold'em No Limit ($0.05/$0.10) - 2025/03/20 20:20:51 CET [2025/03/20 15:20:51 ET]
Table 'Aludra' 6-max Seat #1 is the button
Seat 1: prettika ($10.07 in chips) 
Seat 2: Losimas(LT) ($10.43 in chips) 
Seat 3: jksgoodgz ($20.87 in chips) 
Seat 4: AlvinoD ($18.86 in chips) 
Seat 5: Reddington567 ($30.70 in chips) 
Seat 6: Mahu2021 ($11.90 in chips) 
Losimas(LT): posts small blind $0.05
jksgoodgz: posts big blind $0.10
*** HOLE CARDS ***
Dealt to Mahu2021 [Jc As]
AlvinoD: folds 
Reddington567: raises $0.14 to $0.24
Mahu2021: calls $0.24
prettika: calls $0.24
Losimas(LT): folds 
jksgoodgz: calls $0.14
*** FLOP *** [6c Qd 5d]
jksgoodgz: checks 
Reddington567: checks 
Mahu2021: checks 
prettika: checks 
*** TURN *** [6c Qd 5d] [Ts]
jksgoodgz: bets $0.40
Reddington567: folds 
Mahu2021: calls $0.40
prettika: calls $0.40
*** RIVER *** [6c Qd 5d Ts] [Kd]
jksgoodgz: bets $1
Mahu2021: calls $1
prettika: folds 
*** SHOW DOWN ***
jksgoodgz: shows [Td Th] (three of a kind, Tens)
Mahu2021: shows [Jc As] (a straight, Ten to Ace)
Mahu2021 collected $4.02 from pot
*** SUMMARY ***
Total pot $4.21 | Rake $0.19 
Board [6c Qd 5d Ts Kd]
Seat 1: prettika (button) folded on the River
Seat 2: Losimas(LT) (small blind) folded before Flop
Seat 3: jksgoodgz (big blind) showed [Td Th] and lost with three of a kind, Tens
Seat 4: AlvinoD folded before Flop (didn't bet)
Seat 5: Reddington567 folded on the Turn
Seat 6: Mahu2021 showed [Jc As] and won ($4.02) with a straight, Ten to Ace



PokerStars Zoom Hand #255374082793:  Hold'em No Limit ($0.05/$0.10) - 2025/03/20 20:21:48 CET [2025/03/20 15:21:48 ET]
Table 'Aludra' 6-max Seat #1 is the button
Seat 1: Mahu2021 ($14.28 in chips) 
Seat 2: wilson1874 ($7.58 in chips) 
Seat 3: Taxxman505 ($9.83 in chips) 
Seat 4: hiding.by ($10.05 in chips) 
Seat 5: Dulvagan ($21.26 in chips) 
Seat 6: petrov14 ($9.08 in chips) 
wilson1874: posts small blind $0.05
Taxxman505: posts big blind $0.10
*** HOLE CARDS ***
Dealt to Mahu2021 [Qd 2d]
hiding.by: folds 
Dulvagan: folds 
petrov14: folds 
Mahu2021: folds 
wilson1874: raises $0.20 to $0.30
Taxxman505: folds 
Uncalled bet ($0.20) returned to wilson1874
wilson1874 collected $0.20 from pot
wilson1874: doesn't show hand 
*** SUMMARY ***
Total pot $0.20 | Rake $0 
Seat 1: Mahu2021 (button) folded before Flop (didn't bet)
Seat 2: wilson1874 (small blind) collected ($0.20)
Seat 3: Taxxman505 (big blind) folded before Flop
Seat 4: hiding.by folded before Flop (didn't bet)
Seat 5: Dulvagan folded before Flop (didn't bet)
Seat 6: petrov14 folded before Flop (didn't bet)



PokerStars Zoom Hand #255374085310:  Hold'em No Limit ($0.05/$0.10) - 2025/03/20 20:21:58 CET [2025/03/20 15:21:58 ET]
Table 'Aludra' 6-max Seat #1 is the button
Seat 1: zogecmarogec ($4.85 in chips) 
Seat 2: gonzatocho77 ($18.90 in chips) 
Seat 3: BuBBleBoy548 ($10 in chips) 
Seat 4: Mr sat4n ($13.52 in chips) 
Seat 5: Losimas(LT) ($10.50 in chips) 
Seat 6: Mahu2021 ($14.28 in chips) 
gonzatocho77: posts small blind $0.05
BuBBleBoy548: posts big blind $0.10
*** HOLE CARDS ***
Dealt to Mahu2021 [Ad 4h]
Mr sat4n: folds 
Losimas(LT): folds 
Mahu2021: folds 
zogecmarogec: folds 
gonzatocho77: folds 
Uncalled bet ($0.05) returned to BuBBleBoy548
BuBBleBoy548 collected $0.10 from pot
BuBBleBoy548: doesn't show hand 
*** SUMMARY ***
Total pot $0.10 | Rake $0 
Seat 1: zogecmarogec (button) folded before Flop (didn't bet)
Seat 2: gonzatocho77 (small blind) folded before Flop
Seat 3: BuBBleBoy548 (big blind) collected ($0.10)
Seat 4: Mr sat4n folded before Flop (didn't bet)
Seat 5: Losimas(LT) folded before Flop (didn't bet)
Seat 6: Mahu2021 folded before Flop (didn't bet)



PokerStars Zoom Hand #255374084207:  Hold'em No Limit ($0.05/$0.10) - 2025/03/20 20:21:54 CET [2025/03/20 15:21:54 ET]
Table 'Aludra' 6-max Seat #1 is the button
Seat 1: AlvinoD ($11.40 in chips) 
Seat 2: KidMamba ($9.32 in chips) 
Seat 3: Gregory.M23 ($40.90 in chips) 
Seat 4: EdgarYY ($11.25 in chips) 
Seat 5: Mahu2021 ($14.28 in chips) 
Seat 6: Losimas(LT) ($10.50 in chips) 
KidMamba: posts small blind $0.05
Gregory.M23: posts big blind $0.10
*** HOLE CARDS ***
Dealt to Mahu2021 [Tc Qh]
EdgarYY: folds 
Mahu2021: folds 
Losimas(LT): folds 
AlvinoD: raises $0.15 to $0.25
KidMamba: folds 
Gregory.M23: folds 
Uncalled bet ($0.15) returned to AlvinoD
AlvinoD collected $0.25 from pot
AlvinoD: doesn't show hand 
*** SUMMARY ***
Total pot $0.25 | Rake $0 
Seat 1: AlvinoD (button) collected ($0.25)
Seat 2: KidMamba (small blind) folded before Flop
Seat 3: Gregory.M23 (big blind) folded before Flop
Seat 4: EdgarYY folded before Flop (didn't bet)
Seat 5: Mahu2021 folded before Flop (didn't bet)
Seat 6: Losimas(LT) folded before Flop (didn't bet)



PokerStars Zoom Hand #255374086384:  Hold'em No Limit ($0.05/$0.10) - 2025/03/20 20:22:02 CET [2025/03/20 15:22:02 ET]
Table 'Aludra' 6-max Seat #1 is the button
Seat 1: Mr sat4n ($13.52 in chips) 
Seat 2: Profesor_Rev ($16.52 in chips) 
Seat 3: ComplyOrDie8 ($10 in chips) 
Seat 4: Mahu2021 ($14.28 in chips) 
Seat 5: EdgarYY ($10.25 in chips) 
Seat 6: dzerzy1 ($5.91 in chips) 
Profesor_Rev: posts small blind $0.05
ComplyOrDie8: posts big blind $0.10
*** HOLE CARDS ***
Dealt to Mahu2021 [Jd Ac]
Mahu2021: raises $0.14 to $0.24
EdgarYY: folds 
dzerzy1: folds 
Mr sat4n: folds 
Profesor_Rev: folds 
ComplyOrDie8: calls $0.14
*** FLOP *** [Jh Qh 2d]
ComplyOrDie8: checks 
Mahu2021: bets $0.30
ComplyOrDie8: calls $0.30
*** TURN *** [Jh Qh 2d] [Kh]
ComplyOrDie8: checks 
Mahu2021: bets $0.30
ComplyOrDie8: calls $0.30
*** RIVER *** [Jh Qh 2d Kh] [8s]
ComplyOrDie8: checks 
Mahu2021: checks 
*** SHOW DOWN ***
ComplyOrDie8: shows [Ad Th] (a straight, Ten to Ace)
Mahu2021: mucks hand 
ComplyOrDie8 collected $1.65 from pot
*** SUMMARY ***
Total pot $1.73 | Rake $0.08 
Board [Jh Qh 2d Kh 8s]
Seat 1: Mr sat4n (button) folded before Flop (didn't bet)
Seat 2: Profesor_Rev (small blind) folded before Flop
Seat 3: ComplyOrDie8 (big blind) showed [Ad Th] and won ($1.65) with a straight, Ten to Ace
Seat 4: Mahu2021 mucked [Jd Ac]
Seat 5: EdgarYY folded before Flop (didn't bet)
Seat 6: dzerzy1 folded before Flop (didn't bet)



PokerStars Zoom Hand #255374095613:  Hold'em No Limit ($0.05/$0.10) - 2025/03/20 20:22:37 CET [2025/03/20 15:22:37 ET]
Table 'Aludra' 6-max Seat #1 is the button
Seat 1: doctornicola ($12.52 in chips) 
Seat 2: zfaq10 ($7.46 in chips) 
Seat 3: Mahu2021 ($13.44 in chips) 
Seat 4: sup what ($15.56 in chips) 
Seat 5: BuBBleBoy548 ($10 in chips) 
Seat 6: ComplyOrDie8 ($10.81 in chips) 
zfaq10: posts small blind $0.05
Mahu2021: posts big blind $0.10
*** HOLE CARDS ***
Dealt to Mahu2021 [5c 4d]
sup what: folds 
BuBBleBoy548: raises $0.20 to $0.30
ComplyOrDie8: folds 
doctornicola: folds 
zfaq10: raises $7.16 to $7.46 and is all-in
Mahu2021: folds 
BuBBleBoy548: folds 
Uncalled bet ($7.16) returned to zfaq10
zfaq10 collected $0.70 from pot
zfaq10: doesn't show hand 
*** SUMMARY ***
Total pot $0.70 | Rake $0 
Seat 1: doctornicola (button) folded before Flop (didn't bet)
Seat 2: zfaq10 (small blind) collected ($0.70)
Seat 3: Mahu2021 (big blind) folded before Flop
Seat 4: sup what folded before Flop (didn't bet)
Seat 5: BuBBleBoy548 folded before Flop
Seat 6: ComplyOrDie8 folded before Flop (didn't bet)



PokerStars Zoom Hand #255374098267:  Hold'em No Limit ($0.05/$0.10) - 2025/03/20 20:22:47 CET [2025/03/20 15:22:47 ET]
Table 'Aludra' 6-max Seat #1 is the button
Seat 1: PavanaTTo23 ($34.45 in chips) 
Seat 2: Mahu2021 ($13.34 in chips) 
Seat 3: HARIT81 ($6.20 in chips) 
Seat 4: davidshell ($19.53 in chips) 
Seat 5: Losimas(LT) ($10.74 in chips) 
Seat 6: Mr sat4n ($13.37 in chips) 
Mahu2021: posts small blind $0.05
HARIT81: posts big blind $0.10
*** HOLE CARDS ***
Dealt to Mahu2021 [2s 5h]
davidshell: folds 
Losimas(LT): folds 
Mr sat4n: folds 
PavanaTTo23: folds 
Mahu2021: folds 
Uncalled bet ($0.05) returned to HARIT81
HARIT81 collected $0.10 from pot
HARIT81: doesn't show hand 
*** SUMMARY ***
Total pot $0.10 | Rake $0 
Seat 1: PavanaTTo23 (button) folded before Flop (didn't bet)
Seat 2: Mahu2021 (small blind) folded before Flop
Seat 3: HARIT81 (big blind) collected ($0.10)
Seat 4: davidshell folded before Flop (didn't bet)
Seat 5: Losimas(LT) folded before Flop (didn't bet)
Seat 6: Mr sat4n folded before Flop (didn't bet)



PokerStars Zoom Hand #255374100574:  Hold'em No Limit ($0.05/$0.10) - 2025/03/20 20:22:56 CET [2025/03/20 15:22:56 ET]
Table 'Aludra' 6-max Seat #1 is the button
Seat 1: Windows 21xp ($11.06 in chips) 
Seat 2: Dulvagan ($16.42 in chips) 
Seat 3: KidMamba ($9.27 in chips) 
Seat 4: COVEIROANCAP ($16.75 in chips) 
Seat 5: Mahu2021 ($13.29 in chips) 
Seat 6: josephc20 ($13.02 in chips) 
Dulvagan: posts small blind $0.05
KidMamba: posts big blind $0.10
*** HOLE CARDS ***
Dealt to Mahu2021 [Tc Qd]
COVEIROANCAP: folds 
Mahu2021: folds 
josephc20: folds 
Windows 21xp: folds 
Dulvagan: folds 
Uncalled bet ($0.05) returned to KidMamba
KidMamba collected $0.10 from pot
KidMamba: doesn't show hand 
*** SUMMARY ***
Total pot $0.10 | Rake $0 
Seat 1: Windows 21xp (button) folded before Flop (didn't bet)
Seat 2: Dulvagan (small blind) folded before Flop
Seat 3: KidMamba (big blind) collected ($0.10)
Seat 4: COVEIROANCAP folded before Flop (didn't bet)
Seat 5: Mahu2021 folded before Flop (didn't bet)
Seat 6: josephc20 folded before Flop (didn't bet)



PokerStars Zoom Hand #255374105022:  Hold'em No Limit ($0.05/$0.10) - 2025/03/20 20:23:13 CET [2025/03/20 15:23:13 ET]
Table 'Aludra' 6-max Seat #1 is the button
Seat 1: pjoliveira1 ($9.51 in chips) 
Seat 2: allrauneR ($6.98 in chips) 
Seat 3: Mahu2021 ($13.29 in chips) 
Seat 4: josephc20 ($12.97 in chips) 
Seat 5: aletodo ($10.12 in chips) 
Seat 6: dreexxar ($12.49 in chips) 
allrauneR: posts small blind $0.05
Mahu2021: posts big blind $0.10
*** HOLE CARDS ***
Dealt to Mahu2021 [Kd Ah]
josephc20: folds 
aletodo: folds 
dreexxar: folds 
pjoliveira1: folds 
allrauneR: folds 
Uncalled bet ($0.05) returned to Mahu2021
Mahu2021 collected $0.10 from pot
Mahu2021: doesn't show hand 
*** SUMMARY ***
Total pot $0.10 | Rake $0 
Seat 1: pjoliveira1 (button) folded before Flop (didn't bet)
Seat 2: allrauneR (small blind) folded before Flop
Seat 3: Mahu2021 (big blind) collected ($0.10)
Seat 4: josephc20 folded before Flop (didn't bet)
Seat 5: aletodo folded before Flop (didn't bet)
Seat 6: dreexxar folded before Flop (didn't bet)



PokerStars Zoom Hand #255374104250:  Hold'em No Limit ($0.05/$0.10) - 2025/03/20 20:23:10 CET [2025/03/20 15:23:10 ET]
Table 'Aludra' 6-max Seat #1 is the button
Seat 1: tov.Suhov1 ($16.85 in chips) 
Seat 2: calpex777 ($12.98 in chips) 
Seat 3: PavanaTTo23 ($34.45 in chips) 
Seat 4: Magoya8 ($19.71 in chips) 
Seat 5: Mahu2021 ($13.29 in chips) 
Seat 6: KidMamba ($9.32 in chips) 
calpex777: posts small blind $0.05
PavanaTTo23: posts big blind $0.10
*** HOLE CARDS ***
Dealt to Mahu2021 [4c Ks]
Magoya8: folds 
Mahu2021: folds 
KidMamba: raises $0.13 to $0.23
tov.Suhov1: folds 
calpex777: folds 
PavanaTTo23: folds 
Uncalled bet ($0.13) returned to KidMamba
KidMamba collected $0.25 from pot
KidMamba: doesn't show hand 
*** SUMMARY ***
Total pot $0.25 | Rake $0 
Seat 1: tov.Suhov1 (button) folded before Flop (didn't bet)
Seat 2: calpex777 (small blind) folded before Flop
Seat 3: PavanaTTo23 (big blind) folded before Flop
Seat 4: Magoya8 folded before Flop (didn't bet)
Seat 5: Mahu2021 folded before Flop (didn't bet)
Seat 6: KidMamba collected ($0.25)



PokerStars Zoom Hand #255374103191:  Hold'em No Limit ($0.05/$0.10) - 2025/03/20 20:23:06 CET [2025/03/20 15:23:06 ET]
Table 'Aludra' 6-max Seat #1 is the button
Seat 1: vViolator13 ($10.88 in chips) 
Seat 2: JJAApageTTi ($11.27 in chips) 
Seat 3: EdgarYY ($11.20 in chips) 
Seat 4: PavanaTTo23 ($34.45 in chips) 
Seat 5: camposiza ($18.29 in chips) 
Seat 6: Mahu2021 ($13.29 in chips) 
JJAApageTTi: posts small blind $0.05
EdgarYY: posts big blind $0.10
*** HOLE CARDS ***
Dealt to Mahu2021 [6s 7d]
PavanaTTo23: folds 
camposiza: raises $0.20 to $0.30
Mahu2021: folds 
vViolator13: folds 
JJAApageTTi: folds 
EdgarYY: folds 
Uncalled bet ($0.20) returned to camposiza
camposiza collected $0.25 from pot
camposiza: doesn't show hand 
*** SUMMARY ***
Total pot $0.25 | Rake $0 
Seat 1: vViolator13 (button) folded before Flop (didn't bet)
Seat 2: JJAApageTTi (small blind) folded before Flop
Seat 3: EdgarYY (big blind) folded before Flop
Seat 4: PavanaTTo23 folded before Flop (didn't bet)
Seat 5: camposiza collected ($0.25)
Seat 6: Mahu2021 folded before Flop (didn't bet)



PokerStars Zoom Hand #255374106848:  Hold'em No Limit ($0.05/$0.10) - 2025/03/20 20:23:20 CET [2025/03/20 15:23:20 ET]
Table 'Aludra' 6-max Seat #1 is the button
Seat 1: SwishTiroCerto ($10.23 in chips) 
Seat 2: Mahu2021 ($13.34 in chips) 
Seat 3: Patrol90uk ($16.87 in chips) 
Seat 4: anakondo87 ($17.42 in chips) 
Seat 5: PRace13 ($10 in chips) 
Seat 6: Losimas(LT) ($10.82 in chips) 
Mahu2021: posts small blind $0.05
Patrol90uk: posts big blind $0.10
*** HOLE CARDS ***
Dealt to Mahu2021 [Jc 5d]
anakondo87: folds 
PRace13: raises $0.20 to $0.30
Losimas(LT): folds 
SwishTiroCerto: folds 
Mahu2021: folds 
Patrol90uk: folds 
Uncalled bet ($0.20) returned to PRace13
PRace13 collected $0.25 from pot
PRace13: doesn't show hand 
*** SUMMARY ***
Total pot $0.25 | Rake $0 
Seat 1: SwishTiroCerto (button) folded before Flop (didn't bet)
Seat 2: Mahu2021 (small blind) folded before Flop
Seat 3: Patrol90uk (big blind) folded before Flop
Seat 4: anakondo87 folded before Flop (didn't bet)
Seat 5: PRace13 collected ($0.25)
Seat 6: Losimas(LT) folded before Flop (didn't bet)



PokerStars Zoom Hand #255374102425:  Hold'em No Limit ($0.05/$0.10) - 2025/03/20 20:23:03 CET [2025/03/20 15:23:03 ET]
Table 'Aludra' 6-max Seat #1 is the button
Seat 1: Mahu2021 ($13.29 in chips) 
Seat 2: Inc-Zra ($21.73 in chips) 
Seat 3: AlvinoD ($23.78 in chips) 
Seat 4: Dulvagan ($32.13 in chips) 
Seat 5: zfaq10 ($7.86 in chips) 
Seat 6: nicolas12577 ($10.36 in chips) 
Inc-Zra: posts small blind $0.05
AlvinoD: posts big blind $0.10
*** HOLE CARDS ***
Dealt to Mahu2021 [3c Qc]
Dulvagan: folds 
zfaq10: folds 
nicolas12577: calls $0.10
Mahu2021: folds 
Inc-Zra: raises $0.40 to $0.50
AlvinoD: folds 
nicolas12577: calls $0.40
*** FLOP *** [6h Ah Ts]
Inc-Zra: bets $0.26
nicolas12577: calls $0.26
*** TURN *** [6h Ah Ts] [3s]
Inc-Zra: checks 
nicolas12577: bets $0.40
Inc-Zra: calls $0.40
*** RIVER *** [6h Ah Ts 3s] [4s]
Inc-Zra: checks 
nicolas12577: checks 
*** SHOW DOWN ***
Inc-Zra: shows [Ac 8h] (a pair of Aces)
nicolas12577: mucks hand 
Inc-Zra collected $2.31 from pot
*** SUMMARY ***
Total pot $2.42 | Rake $0.11 
Board [6h Ah Ts 3s 4s]
Seat 1: Mahu2021 (button) folded before Flop (didn't bet)
Seat 2: Inc-Zra (small blind) showed [Ac 8h] and won ($2.31) with a pair of Aces
Seat 3: AlvinoD (big blind) folded before Flop
Seat 4: Dulvagan folded before Flop (didn't bet)
Seat 5: zfaq10 folded before Flop (didn't bet)
Seat 6: nicolas12577 mucked [Kc Td]



PokerStars Zoom Hand #255374108701:  Hold'em No Limit ($0.05/$0.10) - 2025/03/20 20:23:27 CET [2025/03/20 15:23:27 ET]
Table 'Aludra' 6-max Seat #1 is the button
Seat 1: Mahu2021 ($13.29 in chips) 
Seat 2: ddoctah ($22.09 in chips) 
Seat 3: jksgoodgz ($10 in chips) 
Seat 4: COVEIROANCAP ($10.87 in chips) 
Seat 5: prettika ($9.85 in chips) 
Seat 6: lofiofede11 ($15.98 in chips) 
ddoctah: posts small blind $0.05
jksgoodgz: posts big blind $0.10
*** HOLE CARDS ***
Dealt to Mahu2021 [5c 5s]
COVEIROANCAP: folds 
prettika: folds 
lofiofede11: folds 
Mahu2021: raises $0.20 to $0.30
ddoctah: folds 
jksgoodgz: folds 
Uncalled bet ($0.20) returned to Mahu2021
Mahu2021 collected $0.25 from pot
Mahu2021: doesn't show hand 
*** SUMMARY ***
Total pot $0.25 | Rake $0 
Seat 1: Mahu2021 (button) collected ($0.25)
Seat 2: ddoctah (small blind) folded before Flop
Seat 3: jksgoodgz (big blind) folded before Flop
Seat 4: COVEIROANCAP folded before Flop (didn't bet)
Seat 5: prettika folded before Flop (didn't bet)
Seat 6: lofiofede11 folded before Flop (didn't bet)



PokerStars Zoom Hand #255374107846:  Hold'em No Limit ($0.05/$0.10) - 2025/03/20 20:23:24 CET [2025/03/20 15:23:24 ET]
Table 'Aludra' 6-max Seat #1 is the button
Seat 1: dreexxar ($11.48 in chips) 
Seat 2: anakondo87 ($17.42 in chips) 
Seat 3: b0ll ($65.19 in chips) 
Seat 4: Mahu2021 ($13.29 in chips) 
Seat 5: sup what ($15.41 in chips) 
Seat 6: SwishTiroCerto ($10.23 in chips) 
anakondo87: posts small blind $0.05
b0ll: posts big blind $0.10
*** HOLE CARDS ***
Dealt to Mahu2021 [3c 4d]
Mahu2021: folds 
sup what: folds 
SwishTiroCerto: raises $0.10 to $0.20
dreexxar: folds 
anakondo87: calls $0.15
b0ll: folds 
*** FLOP *** [5d As Qh]
anakondo87: checks 
SwishTiroCerto: checks 
*** TURN *** [5d As Qh] [7d]
anakondo87: checks 
SwishTiroCerto: checks 
*** RIVER *** [5d As Qh 7d] [3h]
anakondo87: checks 
SwishTiroCerto: checks 
*** SHOW DOWN ***
anakondo87: shows [7c Tc] (a pair of Sevens)
SwishTiroCerto: mucks hand 
anakondo87 collected $0.48 from pot
*** SUMMARY ***
Total pot $0.50 | Rake $0.02 
Board [5d As Qh 7d 3h]
Seat 1: dreexxar (button) folded before Flop (didn't bet)
Seat 2: anakondo87 (small blind) showed [7c Tc] and won ($0.48) with a pair of Sevens
Seat 3: b0ll (big blind) folded before Flop
Seat 4: Mahu2021 folded before Flop (didn't bet)
Seat 5: sup what folded before Flop (didn't bet)
Seat 6: SwishTiroCerto mucked [Ks 8c]



PokerStars Zoom Hand #255374099811:  Hold'em No Limit ($0.05/$0.10) - 2025/03/20 20:22:53 CET [2025/03/20 15:22:53 ET]
Table 'Aludra' 6-max Seat #1 is the button
Seat 1: Mahu2021 ($13.29 in chips) 
Seat 2: b0ll ($31.88 in chips) 
Seat 3: looser00091 ($24.06 in chips) 
Seat 4: jksgoodgz ($19.08 in chips) 
Seat 5: ComplyOrDie8 ($11.08 in chips) 
Seat 6: angelosan201 ($8.14 in chips) 
b0ll: posts small blind $0.05
looser00091: posts big blind $0.10
*** HOLE CARDS ***
Dealt to Mahu2021 [4s Jd]
jksgoodgz: folds 
ComplyOrDie8: folds 
angelosan201: raises $0.10 to $0.20
Mahu2021: folds 
b0ll: raises $0.65 to $0.85
looser00091: folds 
angelosan201: calls $0.65
*** FLOP *** [Js 5s Jh]
b0ll: bets $0.86
angelosan201: calls $0.86
*** TURN *** [Js 5s Jh] [Th]
b0ll: bets $0.84
angelosan201: raises $1.24 to $2.08
b0ll: calls $1.24
*** RIVER *** [Js 5s Jh Th] [2s]
b0ll: checks 
angelosan201: bets $4.35 and is all-in
b0ll: calls $4.35
*** SHOW DOWN ***
angelosan201: shows [Jc 7c] (three of a kind, Jacks)
b0ll: shows [As Ac] (two pair, Aces and Jacks)
angelosan201 collected $15.64 from pot
*** SUMMARY ***
Total pot $16.38 | Rake $0.74 
Board [Js 5s Jh Th 2s]
Seat 1: Mahu2021 (button) folded before Flop (didn't bet)
Seat 2: b0ll (small blind) showed [As Ac] and lost with two pair, Aces and Jacks
Seat 3: looser00091 (big blind) folded before Flop
Seat 4: jksgoodgz folded before Flop (didn't bet)
Seat 5: ComplyOrDie8 folded before Flop (didn't bet)
Seat 6: angelosan201 showed [Jc 7c] and won ($15.64) with three of a kind, Jacks



PokerStars Zoom Hand #255374101249:  Hold'em No Limit ($0.05/$0.10) - 2025/03/20 20:22:58 CET [2025/03/20 15:22:58 ET]
Table 'Aludra' 6-max Seat #1 is the button
Seat 1: Taxxman505 ($10 in chips) 
Seat 2: Don Patato's ($16.60 in chips) 
Seat 3: aalewee56 ($8.39 in chips) 
Seat 4: Mahu2021 ($13.29 in chips) 
Seat 5: Profesor_Rev ($11.34 in chips) 
Seat 6: Dulvagan ($67.85 in chips) 
Don Patato's: posts small blind $0.05
aalewee56: posts big blind $0.10
*** HOLE CARDS ***
Dealt to Mahu2021 [9s Qc]
Mahu2021: folds 
Profesor_Rev: raises $0.14 to $0.24
Dulvagan: raises $0.56 to $0.80
Taxxman505: folds 
Don Patato's: folds 
aalewee56: folds 
Profesor_Rev: raises $1.10 to $1.90
Dulvagan: calls $1.10
*** FLOP *** [7d 3c Jc]
Profesor_Rev: checks 
Dulvagan: checks 
*** TURN *** [7d 3c Jc] [Ad]
Profesor_Rev: bets $1.89
Dulvagan: folds 
Uncalled bet ($1.89) returned to Profesor_Rev
Profesor_Rev collected $3.77 from pot
Profesor_Rev: doesn't show hand 
*** SUMMARY ***
Total pot $3.95 | Rake $0.18 
Board [7d 3c Jc Ad]
Seat 1: Taxxman505 (button) folded before Flop (didn't bet)
Seat 2: Don Patato's (small blind) folded before Flop
Seat 3: aalewee56 (big blind) folded before Flop
Seat 4: Mahu2021 folded before Flop (didn't bet)
Seat 5: Profesor_Rev collected ($3.77)
Seat 6: Dulvagan folded on the Turn



PokerStars Zoom Hand #255374117586:  Hold'em No Limit ($0.05/$0.10) - 2025/03/20 20:24:01 CET [2025/03/20 15:24:01 ET]
Table 'Aludra' 6-max Seat #1 is the button
Seat 1: Dulvagan ($16.22 in chips) 
Seat 2: Mahu2021 ($13.34 in chips) 
Seat 3: Don Patato's ($10 in chips) 
Seat 4: JJAApageTTi ($64.40 in chips) 
Seat 5: 1block1 ($20.33 in chips) 
Seat 6: petrov14 ($9.54 in chips) 
Mahu2021: posts small blind $0.05
Don Patato's: posts big blind $0.10
*** HOLE CARDS ***
Dealt to Mahu2021 [7s 4c]
JJAApageTTi: folds 
1block1: folds 
petrov14: folds 
Dulvagan: folds 
Mahu2021: folds 
Uncalled bet ($0.05) returned to Don Patato's
Don Patato's collected $0.10 from pot
Don Patato's: doesn't show hand 
*** SUMMARY ***
Total pot $0.10 | Rake $0 
Seat 1: Dulvagan (button) folded before Flop (didn't bet)
Seat 2: Mahu2021 (small blind) folded before Flop
Seat 3: Don Patato's (big blind) collected ($0.10)
Seat 4: JJAApageTTi folded before Flop (didn't bet)
Seat 5: 1block1 folded before Flop (didn't bet)
Seat 6: petrov14 folded before Flop (didn't bet)



PokerStars Zoom Hand #255374118910:  Hold'em No Limit ($0.05/$0.10) - 2025/03/20 20:24:06 CET [2025/03/20 15:24:06 ET]
Table 'Aludra' 6-max Seat #1 is the button
Seat 1: Mr sat4n ($10 in chips) 
Seat 2: EdgarYY ($11.05 in chips) 
Seat 3: petrov14 ($9.54 in chips) 
Seat 4: Mahu2021 ($13.29 in chips) 
Seat 5: Inc-Zra ($11.59 in chips) 
Seat 6: RedxBull18 ($14.70 in chips) 
EdgarYY: posts small blind $0.05
petrov14: posts big blind $0.10
*** HOLE CARDS ***
Dealt to Mahu2021 [9c Qd]
Mahu2021: folds 
Inc-Zra: folds 
RedxBull18: folds 
Mr sat4n: folds 
EdgarYY: folds 
Uncalled bet ($0.05) returned to petrov14
petrov14 collected $0.10 from pot
petrov14: doesn't show hand 
*** SUMMARY ***
Total pot $0.10 | Rake $0 
Seat 1: Mr sat4n (button) folded before Flop (didn't bet)
Seat 2: EdgarYY (small blind) folded before Flop
Seat 3: petrov14 (big blind) collected ($0.10)
Seat 4: Mahu2021 folded before Flop (didn't bet)
Seat 5: Inc-Zra folded before Flop (didn't bet)
Seat 6: RedxBull18 folded before Flop (didn't bet)



PokerStars Zoom Hand #255374116281:  Hold'em No Limit ($0.05/$0.10) - 2025/03/20 20:23:56 CET [2025/03/20 15:23:56 ET]
Table 'Aludra' 6-max Seat #1 is the button
Seat 1: Reddington567 ($39.52 in chips) 
Seat 2: Don Patato's ($16.45 in chips) 
Seat 3: Mahu2021 ($13.44 in chips) 
Seat 4: SwishTiroCerto ($10.03 in chips) 
Seat 5: melissaco ($10 in chips) 
Seat 6: Windows 21xp ($10.28 in chips) 
Don Patato's: posts small blind $0.05
Mahu2021: posts big blind $0.10
*** HOLE CARDS ***
Dealt to Mahu2021 [9s 4h]
SwishTiroCerto: raises $0.10 to $0.20
melissaco: folds 
Windows 21xp: folds 
Reddington567: folds 
Don Patato's: folds 
Mahu2021: folds 
Uncalled bet ($0.10) returned to SwishTiroCerto
SwishTiroCerto collected $0.25 from pot
SwishTiroCerto: doesn't show hand 
*** SUMMARY ***
Total pot $0.25 | Rake $0 
Seat 1: Reddington567 (button) folded before Flop (didn't bet)
Seat 2: Don Patato's (small blind) folded before Flop
Seat 3: Mahu2021 (big blind) folded before Flop
Seat 4: SwishTiroCerto collected ($0.25)
Seat 5: melissaco folded before Flop (didn't bet)
Seat 6: Windows 21xp folded before Flop (didn't bet)



PokerStars Zoom Hand #255374121524:  Hold'em No Limit ($0.05/$0.10) - 2025/03/20 20:24:16 CET [2025/03/20 15:24:16 ET]
Table 'Aludra' 6-max Seat #1 is the button
Seat 1: Smdpair77 ($36.70 in chips) 
Seat 2: aalewee56 ($7.99 in chips) 
Seat 3: Mahu2021 ($13.29 in chips) 
Seat 4: Mr sat4n ($10.86 in chips) 
Seat 5: COVEIROANCAP ($10.87 in chips) 
Seat 6: JJAApageTTi ($10.92 in chips) 
aalewee56: posts small blind $0.05
Mahu2021: posts big blind $0.10
*** HOLE CARDS ***
Dealt to Mahu2021 [Qd 9h]
Mr sat4n: raises $0.20 to $0.30
COVEIROANCAP: folds 
JJAApageTTi: folds 
Smdpair77: folds 
aalewee56: folds 
Mahu2021: folds 
Uncalled bet ($0.20) returned to Mr sat4n
Mr sat4n collected $0.25 from pot
Mr sat4n: doesn't show hand 
*** SUMMARY ***
Total pot $0.25 | Rake $0 
Seat 1: Smdpair77 (button) folded before Flop (didn't bet)
Seat 2: aalewee56 (small blind) folded before Flop
Seat 3: Mahu2021 (big blind) folded before Flop
Seat 4: Mr sat4n collected ($0.25)
Seat 5: COVEIROANCAP folded before Flop (didn't bet)
Seat 6: JJAApageTTi folded before Flop (didn't bet)



PokerStars Zoom Hand #255374119902:  Hold'em No Limit ($0.05/$0.10) - 2025/03/20 20:24:10 CET [2025/03/20 15:24:10 ET]
Table 'Aludra' 6-max Seat #1 is the button
Seat 1: COVEIROANCAP ($10.87 in chips) 
Seat 2: Hawborn ($11.13 in chips) 
Seat 3: zolly12 ($26.70 in chips) 
Seat 4: PRace13 ($10.05 in chips) 
Seat 5: Inc-Zra ($22.88 in chips) 
Seat 6: Mahu2021 ($13.29 in chips) 
Hawborn: posts small blind $0.05
zolly12: posts big blind $0.10
*** HOLE CARDS ***
Dealt to Mahu2021 [8h 5c]
PRace13: folds 
Inc-Zra: raises $0.10 to $0.20
Mahu2021: folds 
COVEIROANCAP: folds 
Hawborn: folds 
zolly12: folds 
Uncalled bet ($0.10) returned to Inc-Zra
Inc-Zra collected $0.25 from pot
Inc-Zra: doesn't show hand 
*** SUMMARY ***
Total pot $0.25 | Rake $0 
Seat 1: COVEIROANCAP (button) folded before Flop (didn't bet)
Seat 2: Hawborn (small blind) folded before Flop
Seat 3: zolly12 (big blind) folded before Flop
Seat 4: PRace13 folded before Flop (didn't bet)
Seat 5: Inc-Zra collected ($0.25)
Seat 6: Mahu2021 folded before Flop (didn't bet)



PokerStars Zoom Hand #255374115237:  Hold'em No Limit ($0.05/$0.10) - 2025/03/20 20:23:52 CET [2025/03/20 15:23:52 ET]
Table 'Aludra' 6-max Seat #1 is the button
Seat 1: hiding.by ($10.38 in chips) 
Seat 2: COVEIROANCAP ($14.29 in chips) 
Seat 3: kanabiiis28 ($7.61 in chips) 
Seat 4: nicolas12577 ($9.20 in chips) 
Seat 5: Mahu2021 ($13.44 in chips) 
Seat 6: Windows 21xp ($27.41 in chips) 
COVEIROANCAP: posts small blind $0.05
kanabiiis28: posts big blind $0.10
*** HOLE CARDS ***
Dealt to Mahu2021 [3c 5d]
nicolas12577: calls $0.10
Mahu2021: folds 
Windows 21xp: raises $0.15 to $0.25
hiding.by: folds 
COVEIROANCAP: folds 
kanabiiis28: folds 
nicolas12577: calls $0.15
*** FLOP *** [Jd 5c Td]
nicolas12577: checks 
Windows 21xp: bets $0.31
nicolas12577: calls $0.31
*** TURN *** [Jd 5c Td] [6c]
nicolas12577: checks 
Windows 21xp: bets $1
nicolas12577: folds 
Uncalled bet ($1) returned to Windows 21xp
Windows 21xp collected $1.21 from pot
Windows 21xp: doesn't show hand 
*** SUMMARY ***
Total pot $1.27 | Rake $0.06 
Board [Jd 5c Td 6c]
Seat 1: hiding.by (button) folded before Flop (didn't bet)
Seat 2: COVEIROANCAP (small blind) folded before Flop
Seat 3: kanabiiis28 (big blind) folded before Flop
Seat 4: nicolas12577 folded on the Turn
Seat 5: Mahu2021 folded before Flop (didn't bet)
Seat 6: Windows 21xp collected ($1.21)



PokerStars Zoom Hand #255374122570:  Hold'em No Limit ($0.05/$0.10) - 2025/03/20 20:24:20 CET [2025/03/20 15:24:20 ET]
Table 'Aludra' 6-max Seat #1 is the button
Seat 1: Mahu2021 ($13.19 in chips) 
Seat 2: alex656570 ($6.72 in chips) 
Seat 3: aletodo ($17.29 in chips) 
Seat 4: jksgoodgz ($10 in chips) 
Seat 5: tov.Suhov1 ($11.15 in chips) 
Seat 6: COVEIROANCAP ($10.87 in chips) 
alex656570: posts small blind $0.05
aletodo: posts big blind $0.10
*** HOLE CARDS ***
Dealt to Mahu2021 [6d 5d]
jksgoodgz: folds 
tov.Suhov1: folds 
COVEIROANCAP: folds 
Mahu2021: raises $0.20 to $0.30
alex656570: raises $0.69 to $0.99
aletodo: folds 
Mahu2021: folds 
Uncalled bet ($0.69) returned to alex656570
alex656570 collected $0.70 from pot
alex656570: doesn't show hand 
*** SUMMARY ***
Total pot $0.70 | Rake $0 
Seat 1: Mahu2021 (button) folded before Flop
Seat 2: alex656570 (small blind) collected ($0.70)
Seat 3: aletodo (big blind) folded before Flop
Seat 4: jksgoodgz folded before Flop (didn't bet)
Seat 5: tov.Suhov1 folded before Flop (didn't bet)
Seat 6: COVEIROANCAP folded before Flop (didn't bet)



PokerStars Zoom Hand #255374126736:  Hold'em No Limit ($0.05/$0.10) - 2025/03/20 20:24:36 CET [2025/03/20 15:24:36 ET]
Table 'Aludra' 6-max Seat #1 is the button
Seat 1: BuBBleBoy548 ($10 in chips) 
Seat 2: KidMamba ($9.42 in chips) 
Seat 3: ComplyOrDie8 ($10.15 in chips) 
Seat 4: PavanaTTo23 ($10.10 in chips) 
Seat 5: Mahu2021 ($12.89 in chips) 
Seat 6: jksgoodgz ($19.66 in chips) 
KidMamba: posts small blind $0.05
ComplyOrDie8: posts big blind $0.10
*** HOLE CARDS ***
Dealt to Mahu2021 [8h Kc]
PavanaTTo23: folds 
Mahu2021: folds 
jksgoodgz: folds 
BuBBleBoy548: raises $0.12 to $0.22
KidMamba: folds 
ComplyOrDie8: folds 
Uncalled bet ($0.12) returned to BuBBleBoy548
BuBBleBoy548 collected $0.25 from pot
BuBBleBoy548: doesn't show hand 
*** SUMMARY ***
Total pot $0.25 | Rake $0 
Seat 1: BuBBleBoy548 (button) collected ($0.25)
Seat 2: KidMamba (small blind) folded before Flop
Seat 3: ComplyOrDie8 (big blind) folded before Flop
Seat 4: PavanaTTo23 folded before Flop (didn't bet)
Seat 5: Mahu2021 folded before Flop (didn't bet)
Seat 6: jksgoodgz folded before Flop (didn't bet)



PokerStars Zoom Hand #255374120754:  Hold'em No Limit ($0.05/$0.10) - 2025/03/20 20:24:13 CET [2025/03/20 15:24:13 ET]
Table 'Aludra' 6-max Seat #1 is the button
Seat 1: Hawborn ($11.08 in chips) 
Seat 2: PRace13 ($10.05 in chips) 
Seat 3: gresscrack ($26.74 in chips) 
Seat 4: Mahu2021 ($13.29 in chips) 
Seat 5: RedxBull18 ($14.70 in chips) 
Seat 6: sup what ($15.41 in chips) 
PRace13: posts small blind $0.05
gresscrack: posts big blind $0.10
*** HOLE CARDS ***
Dealt to Mahu2021 [Qs 6d]
Mahu2021: folds 
RedxBull18: calls $0.10
sup what: folds 
Hawborn: raises $0.42 to $0.52
PRace13: folds 
gresscrack: folds 
RedxBull18: calls $0.42
*** FLOP *** [Jh 7h 5d]
RedxBull18: bets $0.20
Hawborn: calls $0.20
*** TURN *** [Jh 7h 5d] [4s]
RedxBull18: bets $0.40
Hawborn: raises $1.10 to $1.50
RedxBull18: calls $1.10
*** RIVER *** [Jh 7h 5d 4s] [8s]
RedxBull18: bets $0.80
Hawborn: raises $1.20 to $2
RedxBull18: raises $1.20 to $3.20
Hawborn: calls $1.20
*** SHOW DOWN ***
RedxBull18: shows [Qd 5c] (a pair of Fives)
Hawborn: shows [Js Jc] (three of a kind, Jacks)
Hawborn collected $10.50 from pot
*** SUMMARY ***
Total pot $10.99 | Rake $0.49 
Board [Jh 7h 5d 4s 8s]
Seat 1: Hawborn (button) showed [Js Jc] and won ($10.50) with three of a kind, Jacks
Seat 2: PRace13 (small blind) folded before Flop
Seat 3: gresscrack (big blind) folded before Flop
Seat 4: Mahu2021 folded before Flop (didn't bet)
Seat 5: RedxBull18 showed [Qd 5c] and lost with a pair of Fives
Seat 6: sup what folded before Flop (didn't bet)



PokerStars Zoom Hand #255374128099:  Hold'em No Limit ($0.05/$0.10) - 2025/03/20 20:24:41 CET [2025/03/20 15:24:41 ET]
Table 'Aludra' 6-max Seat #1 is the button
Seat 1: PavanaTTo23 ($10.10 in chips) 
Seat 2: Mahu2021 ($12.89 in chips) 
Seat 3: jksgoodgz ($19.66 in chips) 
Seat 4: rk_ito7 ($20.59 in chips) 
Seat 5: looser00091 ($24.06 in chips) 
Seat 6: EdgarYY ($12.93 in chips) 
Mahu2021: posts small blind $0.05
jksgoodgz: posts big blind $0.10
*** HOLE CARDS ***
Dealt to Mahu2021 [6s Ah]
rk_ito7: folds 
looser00091: raises $0.15 to $0.25
EdgarYY: folds 
PavanaTTo23: folds 
Mahu2021: folds 
jksgoodgz: calls $0.15
*** FLOP *** [4c 9s 2c]
jksgoodgz: checks 
looser00091: bets $0.27
jksgoodgz: calls $0.27
*** TURN *** [4c 9s 2c] [2d]
jksgoodgz: checks 
looser00091: bets $0.78
jksgoodgz: folds 
Uncalled bet ($0.78) returned to looser00091
looser00091 collected $1.04 from pot
looser00091: doesn't show hand 
*** SUMMARY ***
Total pot $1.09 | Rake $0.05 
Board [4c 9s 2c 2d]
Seat 1: PavanaTTo23 (button) folded before Flop (didn't bet)
Seat 2: Mahu2021 (small blind) folded before Flop
Seat 3: jksgoodgz (big blind) folded on the Turn
Seat 4: rk_ito7 folded before Flop (didn't bet)
Seat 5: looser00091 collected ($1.04)
Seat 6: EdgarYY folded before Flop (didn't bet)



PokerStars Zoom Hand #255374130562:  Hold'em No Limit ($0.05/$0.10) - 2025/03/20 20:24:50 CET [2025/03/20 15:24:50 ET]
Table 'Aludra' 6-max Seat #1 is the button
Seat 1: HARIT81 ($5.11 in chips) 
Seat 2: Reddington567 ($15.93 in chips) 
Seat 3: ddoctah ($16.81 in chips) 
Seat 4: Mahu2021 ($12.84 in chips) 
Seat 5: platingersos ($15.08 in chips) 
Seat 6: dreexxar ($10.05 in chips) 
Reddington567: posts small blind $0.05
ddoctah: posts big blind $0.10
*** HOLE CARDS ***
Dealt to Mahu2021 [Td Ad]
Mahu2021: raises $0.14 to $0.24
platingersos: folds 
dreexxar: folds 
HARIT81: calls $0.24
Reddington567: folds 
ddoctah: calls $0.14
*** FLOP *** [4d 5d 5s]
ddoctah: checks 
Mahu2021: bets $0.30
HARIT81: folds 
ddoctah: folds 
Uncalled bet ($0.30) returned to Mahu2021
Mahu2021 collected $0.74 from pot
Mahu2021: doesn't show hand 
*** SUMMARY ***
Total pot $0.77 | Rake $0.03 
Board [4d 5d 5s]
Seat 1: HARIT81 (button) folded on the Flop
Seat 2: Reddington567 (small blind) folded before Flop
Seat 3: ddoctah (big blind) folded on the Flop
Seat 4: Mahu2021 collected ($0.74)
Seat 5: platingersos folded before Flop (didn't bet)
Seat 6: dreexxar folded before Flop (didn't bet)



PokerStars Zoom Hand #255374140158:  Hold'em No Limit ($0.05/$0.10) - 2025/03/20 20:25:27 CET [2025/03/20 15:25:27 ET]
Table 'Aludra' 6-max Seat #1 is the button
Seat 1: Dicu11 ($3.77 in chips) 
Seat 2: aletodo ($16.77 in chips) 
Seat 3: Flamenco xD ($12.17 in chips) 
Seat 4: dreexxar ($10 in chips) 
Seat 5: Mahu2021 ($13.34 in chips) 
Seat 6: AlvinoD ($10.91 in chips) 
aletodo: posts small blind $0.05
Flamenco xD: posts big blind $0.10
*** HOLE CARDS ***
Dealt to Mahu2021 [8s Tc]
dreexxar: folds 
Mahu2021: folds 
AlvinoD: folds 
Dicu11: folds 
aletodo: folds 
Uncalled bet ($0.05) returned to Flamenco xD
Flamenco xD collected $0.10 from pot
Flamenco xD: doesn't show hand 
*** SUMMARY ***
Total pot $0.10 | Rake $0 
Seat 1: Dicu11 (button) folded before Flop (didn't bet)
Seat 2: aletodo (small blind) folded before Flop
Seat 3: Flamenco xD (big blind) collected ($0.10)
Seat 4: dreexxar folded before Flop (didn't bet)
Seat 5: Mahu2021 folded before Flop (didn't bet)
Seat 6: AlvinoD folded before Flop (didn't bet)



PokerStars Zoom Hand #255374141281:  Hold'em No Limit ($0.05/$0.10) - 2025/03/20 20:25:31 CET [2025/03/20 15:25:31 ET]
Table 'Aludra' 6-max Seat #1 is the button
Seat 1: Windows 21xp ($28.06 in chips) 
Seat 2: geo2411 ($13.13 in chips) 
Seat 3: Mahu2021 ($13.34 in chips) 
Seat 4: JJAApageTTi ($19.28 in chips) 
Seat 5: AlvinoD ($10.91 in chips) 
Seat 6: demion13 ($10 in chips) 
geo2411: posts small blind $0.05
Mahu2021: posts big blind $0.10
*** HOLE CARDS ***
Dealt to Mahu2021 [4c Jd]
JJAApageTTi: folds 
AlvinoD: folds 
demion13: folds 
Windows 21xp: raises $0.15 to $0.25
geo2411: folds 
Mahu2021: folds 
Uncalled bet ($0.15) returned to Windows 21xp
Windows 21xp collected $0.25 from pot
Windows 21xp: doesn't show hand 
*** SUMMARY ***
Total pot $0.25 | Rake $0 
Seat 1: Windows 21xp (button) collected ($0.25)
Seat 2: geo2411 (small blind) folded before Flop
Seat 3: Mahu2021 (big blind) folded before Flop
Seat 4: JJAApageTTi folded before Flop (didn't bet)
Seat 5: AlvinoD folded before Flop (didn't bet)
Seat 6: demion13 folded before Flop (didn't bet)



PokerStars Zoom Hand #255374145679:  Hold'em No Limit ($0.05/$0.10) - 2025/03/20 20:25:48 CET [2025/03/20 15:25:48 ET]
Table 'Aludra' 6-max Seat #1 is the button
Seat 1: Mahu2021 ($13.19 in chips) 
Seat 2: East_Zoo ($56.99 in chips) 
Seat 3: PRace13 ($16.64 in chips) 
Seat 4: DAVEDOUGHNUT ($6.12 in chips) 
Seat 5: COVEIROANCAP ($13.65 in chips) 
Seat 6: AlvinoD ($30.29 in chips) 
East_Zoo: posts small blind $0.05
PRace13: posts big blind $0.10
*** HOLE CARDS ***
Dealt to Mahu2021 [Kh 3s]
DAVEDOUGHNUT: raises $0.10 to $0.20
COVEIROANCAP: folds 
AlvinoD: folds 
Mahu2021: folds 
East_Zoo: folds 
PRace13: folds 
Uncalled bet ($0.10) returned to DAVEDOUGHNUT
DAVEDOUGHNUT collected $0.25 from pot
DAVEDOUGHNUT: doesn't show hand 
*** SUMMARY ***
Total pot $0.25 | Rake $0 
Seat 1: Mahu2021 (button) folded before Flop (didn't bet)
Seat 2: East_Zoo (small blind) folded before Flop
Seat 3: PRace13 (big blind) folded before Flop
Seat 4: DAVEDOUGHNUT collected ($0.25)
Seat 5: COVEIROANCAP folded before Flop (didn't bet)
Seat 6: AlvinoD folded before Flop (didn't bet)



PokerStars Zoom Hand #255374146527:  Hold'em No Limit ($0.05/$0.10) - 2025/03/20 20:25:51 CET [2025/03/20 15:25:51 ET]
Table 'Aludra' 6-max Seat #1 is the button
Seat 1: ComplyOrDie8 ($10.50 in chips) 
Seat 2: vViolator13 ($11.62 in chips) 
Seat 3: Hoe_Jyland69 ($8.61 in chips) 
Seat 4: Gto_gtfo ($23.02 in chips) 
Seat 5: saljam23 ($10.35 in chips) 
Seat 6: Mahu2021 ($13.19 in chips) 
vViolator13: posts small blind $0.05
Hoe_Jyland69: posts big blind $0.10
*** HOLE CARDS ***
Dealt to Mahu2021 [4s 5d]
Gto_gtfo: folds 
saljam23: raises $0.15 to $0.25
Mahu2021: folds 
ComplyOrDie8: folds 
vViolator13: folds 
Hoe_Jyland69: folds 
Uncalled bet ($0.15) returned to saljam23
saljam23 collected $0.25 from pot
saljam23: doesn't show hand 
*** SUMMARY ***
Total pot $0.25 | Rake $0 
Seat 1: ComplyOrDie8 (button) folded before Flop (didn't bet)
Seat 2: vViolator13 (small blind) folded before Flop
Seat 3: Hoe_Jyland69 (big blind) folded before Flop
Seat 4: Gto_gtfo folded before Flop (didn't bet)
Seat 5: saljam23 collected ($0.25)
Seat 6: Mahu2021 folded before Flop (didn't bet)



PokerStars Zoom Hand #255374147507:  Hold'em No Limit ($0.05/$0.10) - 2025/03/20 20:25:55 CET [2025/03/20 15:25:55 ET]
Table 'Aludra' 6-max Seat #1 is the button
Seat 1: Mahu2021 ($13.19 in chips) 
Seat 2: asdf1056 ($10 in chips) 
Seat 3: Patrol90uk ($15 in chips) 
Seat 4: ddoctah ($22.02 in chips) 
Seat 5: dreexxar ($10.15 in chips) 
Seat 6: MTziiinn ($10.15 in chips) 
asdf1056: posts small blind $0.05
Patrol90uk: posts big blind $0.10
*** HOLE CARDS ***
Dealt to Mahu2021 [9d 2c]
ddoctah: folds 
dreexxar: folds 
MTziiinn: raises $0.15 to $0.25
Mahu2021: folds 
asdf1056: folds 
Patrol90uk: folds 
Uncalled bet ($0.15) returned to MTziiinn
MTziiinn collected $0.25 from pot
MTziiinn: doesn't show hand 
*** SUMMARY ***
Total pot $0.25 | Rake $0 
Seat 1: Mahu2021 (button) folded before Flop (didn't bet)
Seat 2: asdf1056 (small blind) folded before Flop
Seat 3: Patrol90uk (big blind) folded before Flop
Seat 4: ddoctah folded before Flop (didn't bet)
Seat 5: dreexxar folded before Flop (didn't bet)
Seat 6: MTziiinn collected ($0.25)



PokerStars Zoom Hand #255374148416:  Hold'em No Limit ($0.05/$0.10) - 2025/03/20 20:25:59 CET [2025/03/20 15:25:59 ET]
Table 'Aludra' 6-max Seat #1 is the button
Seat 1: EdgarYY ($10.36 in chips) 
Seat 2: Profesor_Rev ($12.82 in chips) 
Seat 3: Mahu2021 ($13.19 in chips) 
Seat 4: COVEIROANCAP ($23.24 in chips) 
Seat 5: pougia777 ($10 in chips) 
Seat 6: Gto_gtfo ($19.73 in chips) 
Profesor_Rev: posts small blind $0.05
Mahu2021: posts big blind $0.10
*** HOLE CARDS ***
Dealt to Mahu2021 [Th 6s]
COVEIROANCAP: folds 
pougia777: folds 
Gto_gtfo: folds 
EdgarYY: folds 
Profesor_Rev: raises $0.20 to $0.30
Mahu2021: folds 
Uncalled bet ($0.20) returned to Profesor_Rev
Profesor_Rev collected $0.20 from pot
Profesor_Rev: doesn't show hand 
*** SUMMARY ***
Total pot $0.20 | Rake $0 
Seat 1: EdgarYY (button) folded before Flop (didn't bet)
Seat 2: Profesor_Rev (small blind) collected ($0.20)
Seat 3: Mahu2021 (big blind) folded before Flop
Seat 4: COVEIROANCAP folded before Flop (didn't bet)
Seat 5: pougia777 folded before Flop (didn't bet)
Seat 6: Gto_gtfo folded before Flop (didn't bet)



PokerStars Zoom Hand #255374129171:  Hold'em No Limit ($0.05/$0.10) - 2025/03/20 20:24:45 CET [2025/03/20 15:24:45 ET]
Table 'Aludra' 6-max Seat #1 is the button
Seat 1: AlvinoD ($21.83 in chips) 
Seat 2: alexbuzatu ($23.95 in chips) 
Seat 3: BuBBleBoy548 ($10 in chips) 
Seat 4: sup what ($14.81 in chips) 
Seat 5: doctornicola ($12.47 in chips) 
Seat 6: Mahu2021 ($12.84 in chips) 
alexbuzatu: posts small blind $0.05
BuBBleBoy548: posts big blind $0.10
*** HOLE CARDS ***
Dealt to Mahu2021 [Ac 7h]
sup what: raises $0.15 to $0.25
doctornicola: folds 
Mahu2021: folds 
AlvinoD: raises $0.55 to $0.80
alexbuzatu: folds 
BuBBleBoy548: folds 
sup what: calls $0.55
*** FLOP *** [Jc 5h 6c]
sup what: checks 
AlvinoD: bets $0.60
sup what: calls $0.60
*** TURN *** [Jc 5h 6c] [As]
sup what: checks 
AlvinoD: bets $2.12
sup what: calls $2.12
*** RIVER *** [Jc 5h 6c As] [3c]
sup what: checks 
AlvinoD: checks 
*** SHOW DOWN ***
sup what: shows [5d 6d] (two pair, Sixes and Fives)
AlvinoD: mucks hand 
sup what collected $6.87 from pot
*** SUMMARY ***
Total pot $7.19 | Rake $0.32 
Board [Jc 5h 6c As 3c]
Seat 1: AlvinoD (button) mucked [Qd Kh]
Seat 2: alexbuzatu (small blind) folded before Flop
Seat 3: BuBBleBoy548 (big blind) folded before Flop
Seat 4: sup what showed [5d 6d] and won ($6.87) with two pair, Sixes and Fives
Seat 5: doctornicola folded before Flop (didn't bet)
Seat 6: Mahu2021 folded before Flop (didn't bet)



PokerStars Zoom Hand #255374144117:  Hold'em No Limit ($0.05/$0.10) - 2025/03/20 20:25:42 CET [2025/03/20 15:25:42 ET]
Table 'Aludra' 6-max Seat #1 is the button
Seat 1: Windows 21xp ($13.63 in chips) 
Seat 2: Mahu2021 ($13.24 in chips) 
Seat 3: Gabitochan ($5.96 in chips) 
Seat 4: aletodo ($10 in chips) 
Seat 5: RODRIGO_L345 ($9.33 in chips) 
Seat 6: JJAApageTTi ($10.77 in chips) 
Mahu2021: posts small blind $0.05
Gabitochan: posts big blind $0.10
*** HOLE CARDS ***
Dealt to Mahu2021 [Jc 5c]
aletodo: folds 
RODRIGO_L345: folds 
JJAApageTTi: raises $0.15 to $0.25
Windows 21xp: folds 
Mahu2021: folds 
Gabitochan: calls $0.15
*** FLOP *** [Ks 5s Td]
Gabitochan: checks 
JJAApageTTi: bets $0.17
Gabitochan: calls $0.17
*** TURN *** [Ks 5s Td] [2d]
Gabitochan: checks 
JJAApageTTi: checks 
*** RIVER *** [Ks 5s Td 2d] [Kh]
Gabitochan: checks 
JJAApageTTi: bets $0.21
Gabitochan: calls $0.21
*** SHOW DOWN ***
JJAApageTTi: shows [Jh Th] (two pair, Kings and Tens)
Gabitochan: mucks hand 
JJAApageTTi collected $1.25 from pot
*** SUMMARY ***
Total pot $1.31 | Rake $0.06 
Board [Ks 5s Td 2d Kh]
Seat 1: Windows 21xp (button) folded before Flop (didn't bet)
Seat 2: Mahu2021 (small blind) folded before Flop
Seat 3: Gabitochan (big blind) mucked [Js Ac]
Seat 4: aletodo folded before Flop (didn't bet)
Seat 5: RODRIGO_L345 folded before Flop (didn't bet)
Seat 6: JJAApageTTi showed [Jh Th] and won ($1.25) with two pair, Kings and Tens



PokerStars Zoom Hand #255374153234:  Hold'em No Limit ($0.05/$0.10) - 2025/03/20 20:26:17 CET [2025/03/20 15:26:17 ET]
Table 'Aludra' 6-max Seat #1 is the button
Seat 1: Stephan61 ($10.30 in chips) 
Seat 2: platingersos ($14.98 in chips) 
Seat 3: kanabiiis28 ($8.41 in chips) 
Seat 4: Mestaristi ($4.85 in chips) 
Seat 5: Mahu2021 ($13.09 in chips) 
Seat 6: JJAApageTTi ($40.37 in chips) 
platingersos: posts small blind $0.05
kanabiiis28: posts big blind $0.10
*** HOLE CARDS ***
Dealt to Mahu2021 [4d 9h]
Mestaristi: folds 
Mahu2021: folds 
JJAApageTTi: raises $0.15 to $0.25
Stephan61: folds 
platingersos: folds 
kanabiiis28: folds 
Uncalled bet ($0.15) returned to JJAApageTTi
JJAApageTTi collected $0.25 from pot
JJAApageTTi: doesn't show hand 
*** SUMMARY ***
Total pot $0.25 | Rake $0 
Seat 1: Stephan61 (button) folded before Flop (didn't bet)
Seat 2: platingersos (small blind) folded before Flop
Seat 3: kanabiiis28 (big blind) folded before Flop
Seat 4: Mestaristi folded before Flop (didn't bet)
Seat 5: Mahu2021 folded before Flop (didn't bet)
Seat 6: JJAApageTTi collected ($0.25)



