PokerStars Zoom Hand #254035085828:  Hold'em No Limit ($0.05/$0.10) - 2024/12/26 17:02:18 CET [2024/12/26 11:02:18 ET]
Table 'Aludra' 6-max Seat #1 is the button
Seat 1: danyboy6969 ($10.10 in chips) 
Seat 2: hiding.by ($10 in chips) 
Seat 3: Mahu2021 ($10 in chips) 
Seat 4: aXoloTLbaby ($14.25 in chips) 
Seat 5: DamoNics ($5.14 in chips) 
Seat 6: hazza257 ($10 in chips) 
hiding.by: posts small blind $0.05
Mahu2021: posts big blind $0.10
*** HOLE CARDS ***
Dealt to Mahu2021 [7d Th]
aXoloTLbaby: raises $0.13 to $0.23
DamoNics: calls $0.23
hazza257: folds 
danyboy6969: folds 
hiding.by: folds 
Mahu2021: folds 
*** FLOP *** [8s 4c 5s]
aXoloTLbaby: checks 
DamoNics: checks 
*** TURN *** [8s 4c 5s] [Qh]
aXoloTLbaby: bets $0.44
DamoNics: calls $0.44
*** RIVER *** [8s 4c 5s Qh] [8h]
aXoloTLbaby: checks 
DamoNics: checks 
*** SHOW DOWN ***
aXoloTLbaby: shows [Qd Ks] (two pair, Queens and Eights)
DamoNics: mucks hand 
aXoloTLbaby collected $1.42 from pot
*** SUMMARY ***
Total pot $1.49 | Rake $0.07 
Board [8s 4c 5s Qh 8h]
Seat 1: danyboy6969 (button) folded before Flop (didn't bet)
Seat 2: hiding.by (small blind) folded before Flop
Seat 3: Mahu2021 (big blind) folded before Flop
Seat 4: aXoloTLbaby showed [Qd Ks] and won ($1.42) with two pair, Queens and Eights
Seat 5: DamoNics mucked [Ah 3h]
Seat 6: hazza257 folded before Flop (didn't bet)



PokerStars Zoom Hand #254035099938:  Hold'em No Limit ($0.05/$0.10) - 2024/12/26 17:03:18 CET [2024/12/26 11:03:18 ET]
Table 'Aludra' 6-max Seat #1 is the button
Seat 1: Mahu2021 ($9.02 in chips) 
Seat 2: jayfinn36 ($12.70 in chips) 
Seat 3: thekla76 ($7.77 in chips) 
Seat 4: ECEZ ($15.85 in chips) 
Seat 5: Fakasaki ($35.65 in chips) 
Seat 6: Lenardic100 ($10.36 in chips) 
jayfinn36: posts small blind $0.05
thekla76: posts big blind $0.10
*** HOLE CARDS ***
Dealt to Mahu2021 [Js 5c]
ECEZ: folds 
Fakasaki: folds 
Lenardic100: folds 
Mahu2021: folds 
jayfinn36: raises $0.12 to $0.22
thekla76: calls $0.12
*** FLOP *** [Qh Td 9c]
jayfinn36: checks 
thekla76: bets $0.21
jayfinn36: folds 
Uncalled bet ($0.21) returned to thekla76
thekla76 collected $0.42 from pot
thekla76: doesn't show hand 
*** SUMMARY ***
Total pot $0.44 | Rake $0.02 
Board [Qh Td 9c]
Seat 1: Mahu2021 (button) folded before Flop (didn't bet)
Seat 2: jayfinn36 (small blind) folded on the Flop
Seat 3: thekla76 (big blind) collected ($0.42)
Seat 4: ECEZ folded before Flop (didn't bet)
Seat 5: Fakasaki folded before Flop (didn't bet)
Seat 6: Lenardic100 folded before Flop (didn't bet)



PokerStars Zoom Hand #254035102298:  Hold'em No Limit ($0.05/$0.10) - 2024/12/26 17:03:28 CET [2024/12/26 11:03:28 ET]
Table 'Aludra' 6-max Seat #1 is the button
Seat 1: aXoloTLbaby ($18.58 in chips) 
Seat 2: ECEZ ($15.85 in chips) 
Seat 3: DamoNics ($3.68 in chips) 
Seat 4: CHR!S2911 ($11.87 in chips) 
Seat 5: Mahu2021 ($9.02 in chips) 
Seat 6: pitzymecanic ($8.08 in chips) 
ECEZ: posts small blind $0.05
DamoNics: posts big blind $0.10
*** HOLE CARDS ***
Dealt to Mahu2021 [3c 4h]
CHR!S2911: folds 
Mahu2021: folds 
pitzymecanic: calls $0.10
aXoloTLbaby: folds 
ECEZ: folds 
DamoNics: checks 
*** FLOP *** [Qd 5d 8c]
DamoNics: checks 
pitzymecanic: bets $0.10
DamoNics: folds 
Uncalled bet ($0.10) returned to pitzymecanic
pitzymecanic collected $0.24 from pot
pitzymecanic: doesn't show hand 
*** SUMMARY ***
Total pot $0.25 | Rake $0.01 
Board [Qd 5d 8c]
Seat 1: aXoloTLbaby (button) folded before Flop (didn't bet)
Seat 2: ECEZ (small blind) folded before Flop
Seat 3: DamoNics (big blind) folded on the Flop
Seat 4: CHR!S2911 folded before Flop (didn't bet)
Seat 5: Mahu2021 folded before Flop (didn't bet)
Seat 6: pitzymecanic collected ($0.24)



PokerStars Zoom Hand #254035101236:  Hold'em No Limit ($0.05/$0.10) - 2024/12/26 17:03:24 CET [2024/12/26 11:03:24 ET]
Table 'Aludra' 6-max Seat #1 is the button
Seat 1: IVERNMAN ($10.20 in chips) 
Seat 2: Boon501 ($10.94 in chips) 
Seat 3: Kraisecaller ($9.93 in chips) 
Seat 4: pitzymecanic ($8.08 in chips) 
Seat 5: Gutte ($8.78 in chips) 
Seat 6: Mahu2021 ($9.02 in chips) 
Boon501: posts small blind $0.05
Kraisecaller: posts big blind $0.10
*** HOLE CARDS ***
Dealt to Mahu2021 [Kc 3h]
pitzymecanic: folds 
Gutte: folds 
Mahu2021: folds 
IVERNMAN: raises $0.10 to $0.20
Boon501: folds 
Kraisecaller: calls $0.10
*** FLOP *** [Qs 5s Jc]
Kraisecaller: checks 
IVERNMAN: bets $0.14
Kraisecaller: calls $0.14
*** TURN *** [Qs 5s Jc] [6s]
Kraisecaller: checks 
IVERNMAN: bets $0.53
Kraisecaller: folds 
Uncalled bet ($0.53) returned to IVERNMAN
IVERNMAN collected $0.70 from pot
IVERNMAN: doesn't show hand 
*** SUMMARY ***
Total pot $0.73 | Rake $0.03 
Board [Qs 5s Jc 6s]
Seat 1: IVERNMAN (button) collected ($0.70)
Seat 2: Boon501 (small blind) folded before Flop
Seat 3: Kraisecaller (big blind) folded on the Turn
Seat 4: pitzymecanic folded before Flop (didn't bet)
Seat 5: Gutte folded before Flop (didn't bet)
Seat 6: Mahu2021 folded before Flop (didn't bet)



PokerStars Zoom Hand #254035087575:  Hold'em No Limit ($0.05/$0.10) - 2024/12/26 17:02:25 CET [2024/12/26 11:02:25 ET]
Table 'Aludra' 6-max Seat #1 is the button
Seat 1: Rybik190 ($16.69 in chips) 
Seat 2: Mahu2021 ($9.90 in chips) 
Seat 3: KilyanJJB ($6.84 in chips) 
Seat 4: IVERNMAN ($10 in chips) 
Seat 5: Vicktorio ($15.58 in chips) 
Seat 6: kris_bjork ($10.18 in chips) 
Mahu2021: posts small blind $0.05
KilyanJJB: posts big blind $0.10
*** HOLE CARDS ***
Dealt to Mahu2021 [Qs As]
IVERNMAN: folds 
Vicktorio: folds 
kris_bjork: raises $0.18 to $0.28
Rybik190: calls $0.28
Mahu2021: calls $0.23
KilyanJJB: folds 
*** FLOP *** [8d 4d Qh]
Mahu2021: bets $0.30
kris_bjork: calls $0.30
Rybik190: calls $0.30
*** TURN *** [8d 4d Qh] [5s]
Mahu2021: bets $0.30
kris_bjork: raises $1.50 to $1.80
Rybik190: calls $1.80
Mahu2021: folds 
*** RIVER *** [8d 4d Qh 5s] [8s]
kris_bjork: checks 
Rybik190: bets $2.74
kris_bjork: calls $2.74
*** SHOW DOWN ***
Rybik190: shows [Kh Ks] (two pair, Kings and Eights)
kris_bjork: mucks hand 
Rybik190 collected $10.72 from pot
*** SUMMARY ***
Total pot $11.22 | Rake $0.50 
Board [8d 4d Qh 5s 8s]
Seat 1: Rybik190 (button) showed [Kh Ks] and won ($10.72) with two pair, Kings and Eights
Seat 2: Mahu2021 (small blind) folded on the Turn
Seat 3: KilyanJJB (big blind) folded before Flop
Seat 4: IVERNMAN folded before Flop (didn't bet)
Seat 5: Vicktorio folded before Flop (didn't bet)
Seat 6: kris_bjork mucked [4c 5c]



PokerStars Zoom Hand #254035104585:  Hold'em No Limit ($0.05/$0.10) - 2024/12/26 17:03:38 CET [2024/12/26 11:03:38 ET]
Table 'Aludra' 6-max Seat #1 is the button
Seat 1: Karina2707 ($13.74 in chips) 
Seat 2: kris_bjork ($10.11 in chips) 
Seat 3: Mahu2021 ($9.02 in chips) 
Seat 4: eimonkogure ($14.40 in chips) 
Seat 5: COSIMODO200 ($10.37 in chips) 
Seat 6: porzellangott ($18.73 in chips) 
kris_bjork: posts small blind $0.05
Mahu2021: posts big blind $0.10
*** HOLE CARDS ***
Dealt to Mahu2021 [Ac 9d]
eimonkogure: folds 
COSIMODO200: folds 
porzellangott: calls $0.10
Karina2707: raises $0.20 to $0.30
kris_bjork: folds 
Mahu2021: calls $0.20
porzellangott: calls $0.20
*** FLOP *** [Th As 4d]
Mahu2021: checks 
porzellangott: checks 
Karina2707: checks 
*** TURN *** [Th As 4d] [7c]
Mahu2021: bets $0.30
porzellangott: folds 
Karina2707: calls $0.30
*** RIVER *** [Th As 4d 7c] [Td]
Mahu2021: bets $0.30
Karina2707: calls $0.30
*** SHOW DOWN ***
Mahu2021: shows [Ac 9d] (two pair, Aces and Tens)
Karina2707: mucks hand 
Mahu2021 collected $2.05 from pot
*** SUMMARY ***
Total pot $2.15 | Rake $0.10 
Board [Th As 4d 7c Td]
Seat 1: Karina2707 (button) mucked [Ad 8c]
Seat 2: kris_bjork (small blind) folded before Flop
Seat 3: Mahu2021 (big blind) showed [Ac 9d] and won ($2.05) with two pair, Aces and Tens
Seat 4: eimonkogure folded before Flop (didn't bet)
Seat 5: COSIMODO200 folded before Flop (didn't bet)
Seat 6: porzellangott folded on the Turn



PokerStars Zoom Hand #254035112561:  Hold'em No Limit ($0.05/$0.10) - 2024/12/26 17:04:12 CET [2024/12/26 11:04:12 ET]
Table 'Aludra' 6-max Seat #1 is the button
Seat 1: Bumbulbee_G ($19.39 in chips) 
Seat 2: Mahu2021 ($10.17 in chips) 
Seat 3: Moneyymaakeer ($7.07 in chips) 
Seat 4: Fakasaki ($24.62 in chips) 
Seat 5: Boon501 ($13.07 in chips) 
Seat 6: maradeka ($36.23 in chips) 
Mahu2021: posts small blind $0.05
Moneyymaakeer: posts big blind $0.10
*** HOLE CARDS ***
Dealt to Mahu2021 [Qh 6s]
Fakasaki: folds 
Boon501: folds 
maradeka: raises $0.20 to $0.30
Bumbulbee_G: folds 
Mahu2021: folds 
Moneyymaakeer: folds 
Uncalled bet ($0.20) returned to maradeka
maradeka collected $0.25 from pot
maradeka: doesn't show hand 
*** SUMMARY ***
Total pot $0.25 | Rake $0 
Seat 1: Bumbulbee_G (button) folded before Flop (didn't bet)
Seat 2: Mahu2021 (small blind) folded before Flop
Seat 3: Moneyymaakeer (big blind) folded before Flop
Seat 4: Fakasaki folded before Flop (didn't bet)
Seat 5: Boon501 folded before Flop (didn't bet)
Seat 6: maradeka collected ($0.25)



PokerStars Zoom Hand #254035117425:  Hold'em No Limit ($0.05/$0.10) - 2024/12/26 17:04:32 CET [2024/12/26 11:04:32 ET]
Table 'Aludra' 6-max Seat #1 is the button
Seat 1: hiding.by ($10 in chips) 
Seat 2: jorbren1 ($2.57 in chips) 
Seat 3: Moneyymaakeer ($6.87 in chips) 
Seat 4: CHR!S2911 ($12.97 in chips) 
Seat 5: Mahu2021 ($10.12 in chips) 
Seat 6: TAr1927 ($4.03 in chips) 
jorbren1: posts small blind $0.05
Moneyymaakeer: posts big blind $0.10
*** HOLE CARDS ***
Dealt to Mahu2021 [Qh Ac]
CHR!S2911: folds 
Mahu2021: raises $0.20 to $0.30
TAr1927: folds 
hiding.by: folds 
jorbren1: folds 
Moneyymaakeer: folds 
Uncalled bet ($0.20) returned to Mahu2021
Mahu2021 collected $0.25 from pot
Mahu2021: doesn't show hand 
*** SUMMARY ***
Total pot $0.25 | Rake $0 
Seat 1: hiding.by (button) folded before Flop (didn't bet)
Seat 2: jorbren1 (small blind) folded before Flop
Seat 3: Moneyymaakeer (big blind) folded before Flop
Seat 4: CHR!S2911 folded before Flop (didn't bet)
Seat 5: Mahu2021 collected ($0.25)
Seat 6: TAr1927 folded before Flop (didn't bet)



PokerStars Zoom Hand #254035116231:  Hold'em No Limit ($0.05/$0.10) - 2024/12/26 17:04:27 CET [2024/12/26 11:04:27 ET]
Table 'Aludra' 6-max Seat #1 is the button
Seat 1: Mahu2021 ($10.12 in chips) 
Seat 2: mikeykuu ($8.46 in chips) 
Seat 3: eimonkogure ($10.71 in chips) 
Seat 4: Fakasaki ($10 in chips) 
Seat 5: CHR!S2911 ($12.97 in chips) 
Seat 6: Apollolol ($11.07 in chips) 
mikeykuu: posts small blind $0.05
eimonkogure: posts big blind $0.10
*** HOLE CARDS ***
Dealt to Mahu2021 [2s 4c]
Fakasaki: folds 
CHR!S2911: folds 
Apollolol: raises $0.15 to $0.25
Mahu2021: folds 
mikeykuu: folds 
eimonkogure: folds 
Uncalled bet ($0.15) returned to Apollolol
Apollolol collected $0.25 from pot
Apollolol: doesn't show hand 
*** SUMMARY ***
Total pot $0.25 | Rake $0 
Seat 1: Mahu2021 (button) folded before Flop (didn't bet)
Seat 2: mikeykuu (small blind) folded before Flop
Seat 3: eimonkogure (big blind) folded before Flop
Seat 4: Fakasaki folded before Flop (didn't bet)
Seat 5: CHR!S2911 folded before Flop (didn't bet)
Seat 6: Apollolol collected ($0.25)



PokerStars Zoom Hand #254035120814:  Hold'em No Limit ($0.05/$0.10) - 2024/12/26 17:04:47 CET [2024/12/26 11:04:47 ET]
Table 'Aludra' 6-max Seat #1 is the button
Seat 1: Gutte ($8.58 in chips) 
Seat 2: VancurPL ($15.42 in chips) 
Seat 3: NLMCHIOS ($10 in chips) 
Seat 4: Mahu2021 ($10.27 in chips) 
Seat 5: DamoNics ($10 in chips) 
Seat 6: pougia777 ($10.17 in chips) 
VancurPL: posts small blind $0.05
NLMCHIOS: posts big blind $0.10
*** HOLE CARDS ***
Dealt to Mahu2021 [As Qd]
Mahu2021: raises $0.20 to $0.30
DamoNics: folds 
pougia777: folds 
Gutte: folds 
VancurPL: folds 
NLMCHIOS: calls $0.20
*** FLOP *** [7c Kh Jh]
NLMCHIOS: checks 
Mahu2021: checks 
*** TURN *** [7c Kh Jh] [5c]
NLMCHIOS: bets $0.90
Mahu2021: folds 
Uncalled bet ($0.90) returned to NLMCHIOS
NLMCHIOS collected $0.62 from pot
NLMCHIOS: doesn't show hand 
*** SUMMARY ***
Total pot $0.65 | Rake $0.03 
Board [7c Kh Jh 5c]
Seat 1: Gutte (button) folded before Flop (didn't bet)
Seat 2: VancurPL (small blind) folded before Flop
Seat 3: NLMCHIOS (big blind) collected ($0.62)
Seat 4: Mahu2021 folded on the Turn
Seat 5: DamoNics folded before Flop (didn't bet)
Seat 6: pougia777 folded before Flop (didn't bet)



PokerStars Zoom Hand #254035125041:  Hold'em No Limit ($0.05/$0.10) - 2024/12/26 17:05:04 CET [2024/12/26 11:05:04 ET]
Table 'Aludra' 6-max Seat #1 is the button
Seat 1: midav77713 ($13.09 in chips) 
Seat 2: hazza257 ($10 in chips) 
Seat 3: ECEZ ($11.69 in chips) 
Seat 4: Karina2707 ($12.75 in chips) 
Seat 5: VancurPL ($11.44 in chips) 
Seat 6: Mahu2021 ($9.97 in chips) 
hazza257: posts small blind $0.05
ECEZ: posts big blind $0.10
*** HOLE CARDS ***
Dealt to Mahu2021 [Kc 7d]
Karina2707: raises $0.15 to $0.25
VancurPL: folds 
Mahu2021: folds 
midav77713: folds 
hazza257: folds 
ECEZ: folds 
Uncalled bet ($0.15) returned to Karina2707
Karina2707 collected $0.25 from pot
Karina2707: doesn't show hand 
*** SUMMARY ***
Total pot $0.25 | Rake $0 
Seat 1: midav77713 (button) folded before Flop (didn't bet)
Seat 2: hazza257 (small blind) folded before Flop
Seat 3: ECEZ (big blind) folded before Flop
Seat 4: Karina2707 collected ($0.25)
Seat 5: VancurPL folded before Flop (didn't bet)
Seat 6: Mahu2021 folded before Flop (didn't bet)



PokerStars Zoom Hand #254035128909:  Hold'em No Limit ($0.05/$0.10) - 2024/12/26 17:05:21 CET [2024/12/26 11:05:21 ET]
Table 'Aludra' 6-max Seat #1 is the button
Seat 1: COSIMODO200 ($9.83 in chips) 
Seat 2: Bumbulbee_G ($10 in chips) 
Seat 3: Mahu2021 ($9.92 in chips) 
Seat 4: ECEZ ($15.45 in chips) 
Seat 5: maradeka ($36.33 in chips) 
Seat 6: gelik32 ($10.36 in chips) 
Bumbulbee_G: posts small blind $0.05
Mahu2021: posts big blind $0.10
*** HOLE CARDS ***
Dealt to Mahu2021 [Qs 7d]
ECEZ: raises $0.12 to $0.22
maradeka: folds 
gelik32: folds 
COSIMODO200: folds 
Bumbulbee_G: folds 
Mahu2021: folds 
Uncalled bet ($0.12) returned to ECEZ
ECEZ collected $0.25 from pot
ECEZ: doesn't show hand 
*** SUMMARY ***
Total pot $0.25 | Rake $0 
Seat 1: COSIMODO200 (button) folded before Flop (didn't bet)
Seat 2: Bumbulbee_G (small blind) folded before Flop
Seat 3: Mahu2021 (big blind) folded before Flop
Seat 4: ECEZ collected ($0.25)
Seat 5: maradeka folded before Flop (didn't bet)
Seat 6: gelik32 folded before Flop (didn't bet)



PokerStars Zoom Hand #254035126548:  Hold'em No Limit ($0.05/$0.10) - 2024/12/26 17:05:11 CET [2024/12/26 11:05:11 ET]
Table 'Aludra' 6-max Seat #1 is the button
Seat 1: eimonkogure ($14.25 in chips) 
Seat 2: Mahu2021 ($9.97 in chips) 
Seat 3: zoly88 ($15.34 in chips) 
Seat 4: jorbren1 ($2.57 in chips) 
Seat 5: thekla76 ($9.47 in chips) 
Seat 6: CHR!S2911 ($17.84 in chips) 
Mahu2021: posts small blind $0.05
zoly88: posts big blind $0.10
*** HOLE CARDS ***
Dealt to Mahu2021 [Jd 9s]
jorbren1: folds 
thekla76: folds 
CHR!S2911: raises $0.20 to $0.30
eimonkogure: folds 
Mahu2021: folds 
zoly88: calls $0.20
*** FLOP *** [8d Kc 3s]
zoly88: checks 
CHR!S2911: checks 
*** TURN *** [8d Kc 3s] [6h]
zoly88: checks 
CHR!S2911: checks 
*** RIVER *** [8d Kc 3s 6h] [Td]
zoly88: checks 
CHR!S2911: checks 
*** SHOW DOWN ***
zoly88: shows [Ac Jh] (high card Ace)
CHR!S2911: mucks hand 
zoly88 collected $0.62 from pot
*** SUMMARY ***
Total pot $0.65 | Rake $0.03 
Board [8d Kc 3s 6h Td]
Seat 1: eimonkogure (button) folded before Flop (didn't bet)
Seat 2: Mahu2021 (small blind) folded before Flop
Seat 3: zoly88 (big blind) showed [Ac Jh] and won ($0.62) with high card Ace
Seat 4: jorbren1 folded before Flop (didn't bet)
Seat 5: thekla76 folded before Flop (didn't bet)
Seat 6: CHR!S2911 mucked [7d Ad]



PokerStars Zoom Hand #254035103359:  Hold'em No Limit ($0.05/$0.10) - 2024/12/26 17:03:33 CET [2024/12/26 11:03:33 ET]
Table 'Aludra' 6-max Seat #1 is the button
Seat 1: ECEZ ($22.90 in chips) 
Seat 2: East_Zoo ($24.71 in chips) 
Seat 3: COVEIROANCAP ($12.58 in chips) 
Seat 4: Mahu2021 ($9.02 in chips) 
Seat 5: Teflonmemory ($16.19 in chips) 
Seat 6: CHR!S2911 ($11.87 in chips) 
East_Zoo: posts small blind $0.05
COVEIROANCAP: posts big blind $0.10
*** HOLE CARDS ***
Dealt to Mahu2021 [As 6h]
Mahu2021: folds 
Teflonmemory: folds 
CHR!S2911: folds 
ECEZ: raises $0.12 to $0.22
East_Zoo: folds 
COVEIROANCAP: calls $0.12
*** FLOP *** [Qc Jc 5h]
COVEIROANCAP: checks 
ECEZ: bets $0.16
COVEIROANCAP: raises $0.44 to $0.60
ECEZ: calls $0.44
*** TURN *** [Qc Jc 5h] [2h]
COVEIROANCAP: bets $1.50
ECEZ: calls $1.50
*** RIVER *** [Qc Jc 5h 2h] [8d]
COVEIROANCAP: bets $4.80
ECEZ: calls $4.80
*** SHOW DOWN ***
COVEIROANCAP: shows [9c Kc] (high card King)
ECEZ: shows [Jh Ah] (a pair of Jacks)
ECEZ collected $13.65 from pot
*** SUMMARY ***
Total pot $14.29 | Rake $0.64 
Board [Qc Jc 5h 2h 8d]
Seat 1: ECEZ (button) showed [Jh Ah] and won ($13.65) with a pair of Jacks
Seat 2: East_Zoo (small blind) folded before Flop
Seat 3: COVEIROANCAP (big blind) showed [9c Kc] and lost with high card King
Seat 4: Mahu2021 folded before Flop (didn't bet)
Seat 5: Teflonmemory folded before Flop (didn't bet)
Seat 6: CHR!S2911 folded before Flop (didn't bet)



PokerStars Zoom Hand #254035130540:  Hold'em No Limit ($0.05/$0.10) - 2024/12/26 17:05:28 CET [2024/12/26 11:05:28 ET]
Table 'Aludra' 6-max Seat #1 is the button
Seat 1: Mahu2021 ($9.82 in chips) 
Seat 2: DamoNics ($9.75 in chips) 
Seat 3: Myggaz ($6.82 in chips) 
Seat 4: hazza257 ($12.94 in chips) 
Seat 5: maradeka ($36.33 in chips) 
Seat 6: Moneyymaakeer ($6.62 in chips) 
DamoNics: posts small blind $0.05
Myggaz: posts big blind $0.10
*** HOLE CARDS ***
Dealt to Mahu2021 [4c 4s]
hazza257: folds 
maradeka: folds 
Moneyymaakeer: folds 
Mahu2021: raises $0.20 to $0.30
DamoNics: folds 
Myggaz: raises $0.30 to $0.60
Mahu2021: calls $0.30
*** FLOP *** [2s 7c 2h]
Myggaz: checks 
Mahu2021: bets $1.19
Myggaz: calls $1.19
*** TURN *** [2s 7c 2h] [7h]
Myggaz: checks 
Mahu2021: checks 
*** RIVER *** [2s 7c 2h 7h] [9c]
Myggaz: checks 
Mahu2021: checks 
*** SHOW DOWN ***
Myggaz: shows [5c 5d] (two pair, Sevens and Fives)
Mahu2021: mucks hand 
Myggaz collected $3.47 from pot
*** SUMMARY ***
Total pot $3.63 | Rake $0.16 
Board [2s 7c 2h 7h 9c]
Seat 1: Mahu2021 (button) mucked [4c 4s]
Seat 2: DamoNics (small blind) folded before Flop
Seat 3: Myggaz (big blind) showed [5c 5d] and won ($3.47) with two pair, Sevens and Fives
Seat 4: hazza257 folded before Flop (didn't bet)
Seat 5: maradeka folded before Flop (didn't bet)
Seat 6: Moneyymaakeer folded before Flop (didn't bet)



PokerStars Zoom Hand #254035149758:  Hold'em No Limit ($0.05/$0.10) - 2024/12/26 17:06:48 CET [2024/12/26 11:06:48 ET]
Table 'Aludra' 6-max Seat #1 is the button
Seat 1: humo97 ($16.12 in chips) 
Seat 2: Boon501 ($13.76 in chips) 
Seat 3: Gutte ($9.63 in chips) 
Seat 4: Mahu2021 ($8.03 in chips) 
Seat 5: COVEIROANCAP ($1.33 in chips) 
Seat 6: ECEZ ($15.75 in chips) 
Boon501: posts small blind $0.05
Gutte: posts big blind $0.10
*** HOLE CARDS ***
Dealt to Mahu2021 [4d 5d]
Mahu2021: folds 
COVEIROANCAP: folds 
ECEZ: folds 
humo97: folds 
Boon501: raises $0.25 to $0.35
Gutte: calls $0.25
*** FLOP *** [Kh 7c 3h]
Boon501: bets $0.22
Gutte: folds 
Uncalled bet ($0.22) returned to Boon501
Boon501 collected $0.67 from pot
Boon501: doesn't show hand 
*** SUMMARY ***
Total pot $0.70 | Rake $0.03 
Board [Kh 7c 3h]
Seat 1: humo97 (button) folded before Flop (didn't bet)
Seat 2: Boon501 (small blind) collected ($0.67)
Seat 3: Gutte (big blind) folded on the Flop
Seat 4: Mahu2021 folded before Flop (didn't bet)
Seat 5: COVEIROANCAP folded before Flop (didn't bet)
Seat 6: ECEZ folded before Flop (didn't bet)



PokerStars Zoom Hand #254035150850:  Hold'em No Limit ($0.05/$0.10) - 2024/12/26 17:06:52 CET [2024/12/26 11:06:52 ET]
Table 'Aludra' 6-max Seat #1 is the button
Seat 1: ECEZ ($15.75 in chips) 
Seat 2: TAr1927 ($4.85 in chips) 
Seat 3: DamoNics ($8.53 in chips) 
Seat 4: Fakasaki ($42.88 in chips) 
Seat 5: Filip 712156 ($7.41 in chips) 
Seat 6: Mahu2021 ($8.03 in chips) 
TAr1927: posts small blind $0.05
DamoNics: posts big blind $0.10
*** HOLE CARDS ***
Dealt to Mahu2021 [Qd 3h]
Fakasaki: folds 
Filip 712156: folds 
Mahu2021: folds 
ECEZ: folds 
TAr1927: raises $0.20 to $0.30
DamoNics: calls $0.20
*** FLOP *** [6d 8d 7d]
TAr1927: bets $0.29
DamoNics: raises $1.15 to $1.44
TAr1927: calls $1.15
*** TURN *** [6d 8d 7d] [3d]
TAr1927: checks 
DamoNics: checks 
*** RIVER *** [6d 8d 7d 3d] [4h]
TAr1927: checks 
DamoNics: checks 
*** SHOW DOWN ***
TAr1927: shows [9c Ac] (high card Ace)
DamoNics: shows [Th 9s] (a straight, Six to Ten)
DamoNics collected $3.32 from pot
*** SUMMARY ***
Total pot $3.48 | Rake $0.16 
Board [6d 8d 7d 3d 4h]
Seat 1: ECEZ (button) folded before Flop (didn't bet)
Seat 2: TAr1927 (small blind) showed [9c Ac] and lost with high card Ace
Seat 3: DamoNics (big blind) showed [Th 9s] and won ($3.32) with a straight, Six to Ten
Seat 4: Fakasaki folded before Flop (didn't bet)
Seat 5: Filip 712156 folded before Flop (didn't bet)
Seat 6: Mahu2021 folded before Flop (didn't bet)



PokerStars Zoom Hand #254035152034:  Hold'em No Limit ($0.05/$0.10) - 2024/12/26 17:06:57 CET [2024/12/26 11:06:57 ET]
Table 'Aludra' 6-max Seat #1 is the button
Seat 1: hazza257 ($11.82 in chips) 
Seat 2: Fakasaki ($42.88 in chips) 
Seat 3: ECEZ ($15.75 in chips) 
Seat 4: Mahu2021 ($8.03 in chips) 
Seat 5: COVEIROANCAP ($19.15 in chips) 
Seat 6: Filip 712156 ($7.41 in chips) 
Fakasaki: posts small blind $0.05
ECEZ: posts big blind $0.10
*** HOLE CARDS ***
Dealt to Mahu2021 [4c Ac]
Mahu2021: raises $0.20 to $0.30
COVEIROANCAP: folds 
Filip 712156: folds 
hazza257: calls $0.30
Fakasaki: folds 
ECEZ: folds 
*** FLOP *** [6h 2d 5s]
Mahu2021: checks 
hazza257: bets $0.20
Mahu2021: calls $0.20
*** TURN *** [6h 2d 5s] [5c]
Mahu2021: checks 
hazza257: checks 
*** RIVER *** [6h 2d 5s 5c] [2s]
Mahu2021: bets $0.20
hazza257: calls $0.20
*** SHOW DOWN ***
Mahu2021: shows [4c Ac] (two pair, Fives and Deuces)
hazza257: shows [Ah Js] (two pair, Fives and Deuces)
Mahu2021 collected $0.74 from pot
hazza257 collected $0.74 from pot
*** SUMMARY ***
Total pot $1.55 | Rake $0.07 
Board [6h 2d 5s 5c 2s]
Seat 1: hazza257 (button) showed [Ah Js] and won ($0.74) with two pair, Fives and Deuces
Seat 2: Fakasaki (small blind) folded before Flop
Seat 3: ECEZ (big blind) folded before Flop
Seat 4: Mahu2021 showed [4c Ac] and won ($0.74) with two pair, Fives and Deuces
Seat 5: COVEIROANCAP folded before Flop (didn't bet)
Seat 6: Filip 712156 folded before Flop (didn't bet)



PokerStars Zoom Hand #254035159416:  Hold'em No Limit ($0.05/$0.10) - 2024/12/26 17:07:28 CET [2024/12/26 11:07:28 ET]
Table 'Aludra' 6-max Seat #1 is the button
Seat 1: TAr1927 ($3.11 in chips) 
Seat 2: Mahu2021 ($8.07 in chips) 
Seat 3: Boon501 ($14.08 in chips) 
Seat 4: eimonkogure ($22.73 in chips) 
Seat 5: DamoNics ($10.11 in chips) 
Seat 6: kopasy ($20.60 in chips) 
Mahu2021: posts small blind $0.05
Boon501: posts big blind $0.10
*** HOLE CARDS ***
Dealt to Mahu2021 [8h 4h]
eimonkogure: folds 
DamoNics: raises $0.20 to $0.30
kopasy: folds 
TAr1927: folds 
Mahu2021: folds 
Boon501: folds 
Uncalled bet ($0.20) returned to DamoNics
DamoNics collected $0.25 from pot
DamoNics: doesn't show hand 
*** SUMMARY ***
Total pot $0.25 | Rake $0 
Seat 1: TAr1927 (button) folded before Flop (didn't bet)
Seat 2: Mahu2021 (small blind) folded before Flop
Seat 3: Boon501 (big blind) folded before Flop
Seat 4: eimonkogure folded before Flop (didn't bet)
Seat 5: DamoNics collected ($0.25)
Seat 6: kopasy folded before Flop (didn't bet)



PokerStars Zoom Hand #254035160361:  Hold'em No Limit ($0.05/$0.10) - 2024/12/26 17:07:32 CET [2024/12/26 11:07:32 ET]
Table 'Aludra' 6-max Seat #1 is the button
Seat 1: Apollolol ($13.92 in chips) 
Seat 2: mexico01642 ($10.15 in chips) 
Seat 3: Mahu2021 ($8.02 in chips) 
Seat 4: looser00091 ($12.36 in chips) 
Seat 5: eimonkogure ($11.04 in chips) 
Seat 6: hazza257 ($11.86 in chips) 
mexico01642: posts small blind $0.05
Mahu2021: posts big blind $0.10
*** HOLE CARDS ***
Dealt to Mahu2021 [4h 6h]
looser00091: folds 
eimonkogure: folds 
hazza257: folds 
Apollolol: folds 
mexico01642: raises $0.10 to $0.20
Mahu2021: calls $0.10
*** FLOP *** [3d Qc 6c]
mexico01642: bets $0.19
Mahu2021: calls $0.19
*** TURN *** [3d Qc 6c] [3s]
mexico01642: bets $0.37
Mahu2021: calls $0.37
*** RIVER *** [3d Qc 6c 3s] [Ad]
mexico01642: checks 
Mahu2021: checks 
*** SHOW DOWN ***
mexico01642: shows [6s 7s] (two pair, Sixes and Threes)
Mahu2021: shows [4h 6h] (two pair, Sixes and Threes)
mexico01642 collected $0.73 from pot
Mahu2021 collected $0.72 from pot
*** SUMMARY ***
Total pot $1.52 | Rake $0.07 
Board [3d Qc 6c 3s Ad]
Seat 1: Apollolol (button) folded before Flop (didn't bet)
Seat 2: mexico01642 (small blind) showed [6s 7s] and won ($0.73) with two pair, Sixes and Threes
Seat 3: Mahu2021 (big blind) showed [4h 6h] and won ($0.72) with two pair, Sixes and Threes
Seat 4: looser00091 folded before Flop (didn't bet)
Seat 5: eimonkogure folded before Flop (didn't bet)
Seat 6: hazza257 folded before Flop (didn't bet)



PokerStars Zoom Hand #254035167359:  Hold'em No Limit ($0.05/$0.10) - 2024/12/26 17:08:01 CET [2024/12/26 11:08:01 ET]
Table 'Aludra' 6-max Seat #1 is the button
Seat 1: Mahu2021 ($7.98 in chips) 
Seat 2: kris_bjork ($11.58 in chips) 
Seat 3: CHR!S2911 ($6.33 in chips) 
Seat 4: kopasy ($20.75 in chips) 
Seat 5: NüssliNici94 ($13.56 in chips) 
Seat 6: zoly88 ($13.45 in chips) 
kris_bjork: posts small blind $0.05
CHR!S2911: posts big blind $0.10
*** HOLE CARDS ***
Dealt to Mahu2021 [Ks Ad]
kopasy: raises $0.20 to $0.30
NüssliNici94: folds 
zoly88: folds 
Mahu2021: calls $0.30
kris_bjork: folds 
CHR!S2911: calls $0.20
*** FLOP *** [9d 5h 4c]
CHR!S2911: checks 
kopasy: checks 
Mahu2021: checks 
*** TURN *** [9d 5h 4c] [9s]
CHR!S2911: checks 
kopasy: checks 
Mahu2021: bets $0.30
CHR!S2911: calls $0.30
kopasy: calls $0.30
*** RIVER *** [9d 5h 4c 9s] [9h]
CHR!S2911: checks 
kopasy: checks 
Mahu2021: checks 
*** SHOW DOWN ***
CHR!S2911: shows [6d 7d] (three of a kind, Nines)
kopasy: shows [Ah Th] (three of a kind, Nines - Ace kicker)
Mahu2021: shows [Ks Ad] (three of a kind, Nines - Ace+King kicker)
Mahu2021 collected $1.77 from pot
*** SUMMARY ***
Total pot $1.85 | Rake $0.08 
Board [9d 5h 4c 9s 9h]
Seat 1: Mahu2021 (button) showed [Ks Ad] and won ($1.77) with three of a kind, Nines
Seat 2: kris_bjork (small blind) folded before Flop
Seat 3: CHR!S2911 (big blind) showed [6d 7d] and lost with three of a kind, Nines
Seat 4: kopasy showed [Ah Th] and lost with three of a kind, Nines
Seat 5: NüssliNici94 folded before Flop (didn't bet)
Seat 6: zoly88 folded before Flop (didn't bet)



PokerStars Zoom Hand #254035179069:  Hold'em No Limit ($0.05/$0.10) - 2024/12/26 17:08:50 CET [2024/12/26 11:08:50 ET]
Table 'Aludra' 6-max Seat #1 is the button
Seat 1: Aruce1 ($38.33 in chips) 
Seat 2: midav77713 ($12.39 in chips) 
Seat 3: eimonkogure ($13.95 in chips) 
Seat 4: Mikebradl101 ($10.72 in chips) 
Seat 5: Mahu2021 ($9.15 in chips) 
Seat 6: corape ($10.36 in chips) 
midav77713: posts small blind $0.05
eimonkogure: posts big blind $0.10
*** HOLE CARDS ***
Dealt to Mahu2021 [5c Kc]
Mikebradl101: folds 
Mahu2021: folds 
corape: folds 
Aruce1: folds 
midav77713: folds 
Uncalled bet ($0.05) returned to eimonkogure
eimonkogure collected $0.10 from pot
eimonkogure: doesn't show hand 
*** SUMMARY ***
Total pot $0.10 | Rake $0 
Seat 1: Aruce1 (button) folded before Flop (didn't bet)
Seat 2: midav77713 (small blind) folded before Flop
Seat 3: eimonkogure (big blind) collected ($0.10)
Seat 4: Mikebradl101 folded before Flop (didn't bet)
Seat 5: Mahu2021 folded before Flop (didn't bet)
Seat 6: corape folded before Flop (didn't bet)



PokerStars Zoom Hand #254035181002:  Hold'em No Limit ($0.05/$0.10) - 2024/12/26 17:08:58 CET [2024/12/26 11:08:58 ET]
Table 'Aludra' 6-max Seat #1 is the button
Seat 1: eimonkogure ($11.08 in chips) 
Seat 2: Mahu2021 ($9.15 in chips) 
Seat 3: Boon501 ($15.96 in chips) 
Seat 4: danyboy6969 ($14.93 in chips) 
Seat 5: Aruce1 ($38.33 in chips) 
Seat 6: midav77713 ($12.34 in chips) 
Mahu2021: posts small blind $0.05
Boon501: posts big blind $0.10
*** HOLE CARDS ***
Dealt to Mahu2021 [Jc Ah]
danyboy6969: folds 
Aruce1: folds 
midav77713: folds 
eimonkogure: folds 
Mahu2021: raises $0.20 to $0.30
Boon501: raises $0.70 to $1
Mahu2021: calls $0.70
*** FLOP *** [4d Ts Tc]
Mahu2021: checks 
Boon501: bets $0.55
Mahu2021: calls $0.55
*** TURN *** [4d Ts Tc] [6s]
Mahu2021: checks 
Boon501: bets $1.90
Mahu2021: folds 
Uncalled bet ($1.90) returned to Boon501
Boon501 collected $2.96 from pot
Boon501: doesn't show hand 
*** SUMMARY ***
Total pot $3.10 | Rake $0.14 
Board [4d Ts Tc 6s]
Seat 1: eimonkogure (button) folded before Flop (didn't bet)
Seat 2: Mahu2021 (small blind) folded on the Turn
Seat 3: Boon501 (big blind) collected ($2.96)
Seat 4: danyboy6969 folded before Flop (didn't bet)
Seat 5: Aruce1 folded before Flop (didn't bet)
Seat 6: midav77713 folded before Flop (didn't bet)



PokerStars Zoom Hand #254035179996:  Hold'em No Limit ($0.05/$0.10) - 2024/12/26 17:08:54 CET [2024/12/26 11:08:54 ET]
Table 'Aludra' 6-max Seat #1 is the button
Seat 1: Mikebradl101 ($10.72 in chips) 
Seat 2: Vicktorio ($13.74 in chips) 
Seat 3: looser00091 ($12.11 in chips) 
Seat 4: kris_bjork ($10 in chips) 
Seat 5: Mahu2021 ($9.15 in chips) 
Seat 6: me2ch5 ($7.10 in chips) 
Vicktorio: posts small blind $0.05
looser00091: posts big blind $0.10
*** HOLE CARDS ***
Dealt to Mahu2021 [8s Jh]
kris_bjork: raises $0.12 to $0.22
Mahu2021: folds 
me2ch5: calls $0.22
Mikebradl101: folds 
Vicktorio: folds 
looser00091: calls $0.12
*** FLOP *** [8h 3c 5h]
looser00091: checks 
kris_bjork: checks 
me2ch5: checks 
*** TURN *** [8h 3c 5h] [9h]
looser00091: checks 
kris_bjork: bets $0.41
me2ch5: folds 
looser00091: raises $1.39 to $1.80
kris_bjork: folds 
Uncalled bet ($1.39) returned to looser00091
looser00091 collected $1.46 from pot
looser00091: doesn't show hand 
*** SUMMARY ***
Total pot $1.53 | Rake $0.07 
Board [8h 3c 5h 9h]
Seat 1: Mikebradl101 (button) folded before Flop (didn't bet)
Seat 2: Vicktorio (small blind) folded before Flop
Seat 3: looser00091 (big blind) collected ($1.46)
Seat 4: kris_bjork folded on the Turn
Seat 5: Mahu2021 folded before Flop (didn't bet)
Seat 6: me2ch5 folded on the Turn



PokerStars Zoom Hand #254035190859:  Hold'em No Limit ($0.05/$0.10) - 2024/12/26 17:09:39 CET [2024/12/26 11:09:39 ET]
Table 'Aludra' 6-max Seat #1 is the button
Seat 1: gelik32 ($11.13 in chips) 
Seat 2: aXoloTLbaby ($13.02 in chips) 
Seat 3: pitzymecanic ($4.59 in chips) 
Seat 4: zALEXKAYz ($10 in chips) 
Seat 5: porzellangott ($16.22 in chips) 
Seat 6: Mahu2021 ($7.60 in chips) 
aXoloTLbaby: posts small blind $0.05
pitzymecanic: posts big blind $0.10
*** HOLE CARDS ***
Dealt to Mahu2021 [8c Ks]
zALEXKAYz: folds 
porzellangott: folds 
Mahu2021: folds 
gelik32: raises $0.15 to $0.25
aXoloTLbaby: raises $0.80 to $1.05
pitzymecanic: folds 
gelik32: folds 
Uncalled bet ($0.80) returned to aXoloTLbaby
aXoloTLbaby collected $0.60 from pot
aXoloTLbaby: doesn't show hand 
*** SUMMARY ***
Total pot $0.60 | Rake $0 
Seat 1: gelik32 (button) folded before Flop
Seat 2: aXoloTLbaby (small blind) collected ($0.60)
Seat 3: pitzymecanic (big blind) folded before Flop
Seat 4: zALEXKAYz folded before Flop (didn't bet)
Seat 5: porzellangott folded before Flop (didn't bet)
Seat 6: Mahu2021 folded before Flop (didn't bet)



PokerStars Zoom Hand #254035191804:  Hold'em No Limit ($0.05/$0.10) - 2024/12/26 17:09:43 CET [2024/12/26 11:09:43 ET]
Table 'Aludra' 6-max Seat #1 is the button
Seat 1: Andnet ($10.15 in chips) 
Seat 2: East_Zoo ($20.73 in chips) 
Seat 3: Mahu2021 ($7.60 in chips) 
Seat 4: COVEIROANCAP ($10.15 in chips) 
Seat 5: ECEZ ($28.78 in chips) 
Seat 6: Fakasaki ($36.34 in chips) 
East_Zoo: posts small blind $0.05
Mahu2021: posts big blind $0.10
*** HOLE CARDS ***
Dealt to Mahu2021 [6d 5h]
COVEIROANCAP: folds 
ECEZ: folds 
Fakasaki: folds 
Andnet: raises $0.15 to $0.25
East_Zoo: folds 
Mahu2021: calls $0.15
*** FLOP *** [2c 9d As]
Mahu2021: checks 
Andnet: bets $0.17
Mahu2021: folds 
Uncalled bet ($0.17) returned to Andnet
Andnet collected $0.53 from pot
Andnet: doesn't show hand 
*** SUMMARY ***
Total pot $0.55 | Rake $0.02 
Board [2c 9d As]
Seat 1: Andnet (button) collected ($0.53)
Seat 2: East_Zoo (small blind) folded before Flop
Seat 3: Mahu2021 (big blind) folded on the Flop
Seat 4: COVEIROANCAP folded before Flop (didn't bet)
Seat 5: ECEZ folded before Flop (didn't bet)
Seat 6: Fakasaki folded before Flop (didn't bet)



PokerStars Zoom Hand #254035197713:  Hold'em No Limit ($0.05/$0.10) - 2024/12/26 17:10:08 CET [2024/12/26 11:10:08 ET]
Table 'Aludra' 6-max Seat #1 is the button
Seat 1: Mahu2021 ($7.35 in chips) 
Seat 2: me2ch5 ($6.93 in chips) 
Seat 3: Tutin721 ($20.19 in chips) 
Seat 4: Miele C1 ($33.29 in chips) 
Seat 5: Boon501 ($11.25 in chips) 
Seat 6: ECEZ ($15.97 in chips) 
me2ch5: posts small blind $0.05
Tutin721: posts big blind $0.10
*** HOLE CARDS ***
Dealt to Mahu2021 [5d 6c]
Miele C1: folds 
Boon501: folds 
ECEZ: folds 
Mahu2021: folds 
me2ch5: raises $0.10 to $0.20
Tutin721: folds 
Uncalled bet ($0.10) returned to me2ch5
me2ch5 collected $0.20 from pot
me2ch5: doesn't show hand 
*** SUMMARY ***
Total pot $0.20 | Rake $0 
Seat 1: Mahu2021 (button) folded before Flop (didn't bet)
Seat 2: me2ch5 (small blind) collected ($0.20)
Seat 3: Tutin721 (big blind) folded before Flop
Seat 4: Miele C1 folded before Flop (didn't bet)
Seat 5: Boon501 folded before Flop (didn't bet)
Seat 6: ECEZ folded before Flop (didn't bet)



PokerStars Zoom Hand #254035199136:  Hold'em No Limit ($0.05/$0.10) - 2024/12/26 17:10:14 CET [2024/12/26 11:10:14 ET]
Table 'Aludra' 6-max Seat #1 is the button
Seat 1: sewe266 ($1.90 in chips) 
Seat 2: Boon501 ($12.18 in chips) 
Seat 3: Miele C1 ($33.29 in chips) 
Seat 4: TAr1927 ($1.78 in chips) 
Seat 5: eimonkogure ($10 in chips) 
Seat 6: Mahu2021 ($7.35 in chips) 
Boon501: posts small blind $0.05
Miele C1: posts big blind $0.10
*** HOLE CARDS ***
Dealt to Mahu2021 [2s 6d]
TAr1927: folds 
eimonkogure: folds 
Mahu2021: folds 
sewe266: folds 
Boon501: raises $0.25 to $0.35
Miele C1: folds 
Uncalled bet ($0.25) returned to Boon501
Boon501 collected $0.20 from pot
Boon501: doesn't show hand 
*** SUMMARY ***
Total pot $0.20 | Rake $0 
Seat 1: sewe266 (button) folded before Flop (didn't bet)
Seat 2: Boon501 (small blind) collected ($0.20)
Seat 3: Miele C1 (big blind) folded before Flop
Seat 4: TAr1927 folded before Flop (didn't bet)
Seat 5: eimonkogure folded before Flop (didn't bet)
Seat 6: Mahu2021 folded before Flop (didn't bet)



PokerStars Zoom Hand #254035199733:  Hold'em No Limit ($0.05/$0.10) - 2024/12/26 17:10:16 CET [2024/12/26 11:10:16 ET]
Table 'Aludra' 6-max Seat #1 is the button
Seat 1: hazza257 ($10 in chips) 
Seat 2: VancurPL ($3.57 in chips) 
Seat 3: Fakasaki ($24.11 in chips) 
Seat 4: kcraven j ($8.79 in chips) 
Seat 5: Mahu2021 ($7.35 in chips) 
Seat 6: ECEZ ($15.97 in chips) 
VancurPL: posts small blind $0.05
Fakasaki: posts big blind $0.10
*** HOLE CARDS ***
Dealt to Mahu2021 [3h Qs]
kcraven j: folds 
Mahu2021: folds 
ECEZ: folds 
hazza257: raises $0.10 to $0.20
VancurPL: folds 
Fakasaki: folds 
Uncalled bet ($0.10) returned to hazza257
hazza257 collected $0.25 from pot
hazza257: doesn't show hand 
*** SUMMARY ***
Total pot $0.25 | Rake $0 
Seat 1: hazza257 (button) collected ($0.25)
Seat 2: VancurPL (small blind) folded before Flop
Seat 3: Fakasaki (big blind) folded before Flop
Seat 4: kcraven j folded before Flop (didn't bet)
Seat 5: Mahu2021 folded before Flop (didn't bet)
Seat 6: ECEZ folded before Flop (didn't bet)



PokerStars Zoom Hand #254035201403:  Hold'em No Limit ($0.05/$0.10) - 2024/12/26 17:10:23 CET [2024/12/26 11:10:23 ET]
Table 'Aludra' 6-max Seat #1 is the button
Seat 1: Apollolol ($13.62 in chips) 
Seat 2: hiding.by ($10.05 in chips) 
Seat 3: CHR!S2911 ($16.59 in chips) 
Seat 4: Mahu2021 ($7.35 in chips) 
Seat 5: 23 bis ($5.77 in chips) 
Seat 6: Boon501 ($14.60 in chips) 
hiding.by: posts small blind $0.05
CHR!S2911: posts big blind $0.10
*** HOLE CARDS ***
Dealt to Mahu2021 [Qc 5c]
Mahu2021: folds 
23 bis: folds 
Boon501: raises $0.13 to $0.23
Apollolol: folds 
hiding.by: folds 
CHR!S2911: folds 
Uncalled bet ($0.13) returned to Boon501
Boon501 collected $0.25 from pot
Boon501: doesn't show hand 
*** SUMMARY ***
Total pot $0.25 | Rake $0 
Seat 1: Apollolol (button) folded before Flop (didn't bet)
Seat 2: hiding.by (small blind) folded before Flop
Seat 3: CHR!S2911 (big blind) folded before Flop
Seat 4: Mahu2021 folded before Flop (didn't bet)
Seat 5: 23 bis folded before Flop (didn't bet)
Seat 6: Boon501 collected ($0.25)



PokerStars Zoom Hand #254035200636:  Hold'em No Limit ($0.05/$0.10) - 2024/12/26 17:10:20 CET [2024/12/26 11:10:20 ET]
Table 'Aludra' 6-max Seat #1 is the button
Seat 1: Mahu2021 ($7.35 in chips) 
Seat 2: RjMurillo ($10 in chips) 
Seat 3: sewe266 ($1.90 in chips) 
Seat 4: COVEIROANCAP ($10.15 in chips) 
Seat 5: zALEXKAYz ($10 in chips) 
Seat 6: IVERNMAN ($10.10 in chips) 
RjMurillo: posts small blind $0.05
sewe266: posts big blind $0.10
*** HOLE CARDS ***
Dealt to Mahu2021 [8d 3h]
COVEIROANCAP: raises $0.15 to $0.25
zALEXKAYz: folds 
IVERNMAN: raises $0.75 to $1
Mahu2021: folds 
RjMurillo: folds 
sewe266: folds 
COVEIROANCAP: folds 
Uncalled bet ($0.75) returned to IVERNMAN
IVERNMAN collected $0.65 from pot
IVERNMAN: doesn't show hand 
*** SUMMARY ***
Total pot $0.65 | Rake $0 
Seat 1: Mahu2021 (button) folded before Flop (didn't bet)
Seat 2: RjMurillo (small blind) folded before Flop
Seat 3: sewe266 (big blind) folded before Flop
Seat 4: COVEIROANCAP folded before Flop
Seat 5: zALEXKAYz folded before Flop (didn't bet)
Seat 6: IVERNMAN collected ($0.65)



PokerStars Zoom Hand #254035202554:  Hold'em No Limit ($0.05/$0.10) - 2024/12/26 17:10:28 CET [2024/12/26 11:10:28 ET]
Table 'Aludra' 6-max Seat #1 is the button
Seat 1: aXoloTLbaby ($13.37 in chips) 
Seat 2: East_Zoo ($20.46 in chips) 
Seat 3: Mahu2021 ($7.35 in chips) 
Seat 4: 23 bis ($5.77 in chips) 
Seat 5: eimonkogure ($13.85 in chips) 
Seat 6: ECEZ ($15.91 in chips) 
East_Zoo: posts small blind $0.05
Mahu2021: posts big blind $0.10
*** HOLE CARDS ***
Dealt to Mahu2021 [5d Kc]
23 bis: folds 
eimonkogure: folds 
ECEZ: raises $0.12 to $0.22
aXoloTLbaby: folds 
East_Zoo: folds 
Mahu2021: folds 
Uncalled bet ($0.12) returned to ECEZ
ECEZ collected $0.25 from pot
ECEZ: doesn't show hand 
*** SUMMARY ***
Total pot $0.25 | Rake $0 
Seat 1: aXoloTLbaby (button) folded before Flop (didn't bet)
Seat 2: East_Zoo (small blind) folded before Flop
Seat 3: Mahu2021 (big blind) folded before Flop
Seat 4: 23 bis folded before Flop (didn't bet)
Seat 5: eimonkogure folded before Flop (didn't bet)
Seat 6: ECEZ collected ($0.25)



PokerStars Zoom Hand #254035209651:  Hold'em No Limit ($0.05/$0.10) - 2024/12/26 17:10:57 CET [2024/12/26 11:10:57 ET]
Table 'Aludra' 6-max Seat #1 is the button
Seat 1: wesleysilva2022 ($6.92 in chips) 
Seat 2: kcraven j ($9.55 in chips) 
Seat 3: busulette ($10 in chips) 
Seat 4: Mikebradl101 ($11.97 in chips) 
Seat 5: Mahu2021 ($7.20 in chips) 
Seat 6: Aruce1 ($10.38 in chips) 
kcraven j: posts small blind $0.05
busulette: posts big blind $0.10
*** HOLE CARDS ***
Dealt to Mahu2021 [6d 5c]
Mikebradl101: folds 
Mahu2021: folds 
Aruce1: raises $0.15 to $0.25
wesleysilva2022: folds 
kcraven j: folds 
busulette: folds 
Uncalled bet ($0.15) returned to Aruce1
Aruce1 collected $0.25 from pot
Aruce1: doesn't show hand 
*** SUMMARY ***
Total pot $0.25 | Rake $0 
Seat 1: wesleysilva2022 (button) folded before Flop (didn't bet)
Seat 2: kcraven j (small blind) folded before Flop
Seat 3: busulette (big blind) folded before Flop
Seat 4: Mikebradl101 folded before Flop (didn't bet)
Seat 5: Mahu2021 folded before Flop (didn't bet)
Seat 6: Aruce1 collected ($0.25)



PokerStars Zoom Hand #254035210405:  Hold'em No Limit ($0.05/$0.10) - 2024/12/26 17:11:00 CET [2024/12/26 11:11:00 ET]
Table 'Aludra' 6-max Seat #1 is the button
Seat 1: Bumbulbee_G ($15.09 in chips) 
Seat 2: Apollolol ($19.17 in chips) 
Seat 3: IVERNMAN ($10.15 in chips) 
Seat 4: Mahu2021 ($7.20 in chips) 
Seat 5: zALEXKAYz ($15.89 in chips) 
Seat 6: Andnet ($10.75 in chips) 
Apollolol: posts small blind $0.05
IVERNMAN: posts big blind $0.10
*** HOLE CARDS ***
Dealt to Mahu2021 [5d Qh]
Mahu2021: folds 
zALEXKAYz: folds 
Andnet: folds 
Bumbulbee_G: folds 
Apollolol: folds 
Uncalled bet ($0.05) returned to IVERNMAN
IVERNMAN collected $0.10 from pot
IVERNMAN: doesn't show hand 
*** SUMMARY ***
Total pot $0.10 | Rake $0 
Seat 1: Bumbulbee_G (button) folded before Flop (didn't bet)
Seat 2: Apollolol (small blind) folded before Flop
Seat 3: IVERNMAN (big blind) collected ($0.10)
Seat 4: Mahu2021 folded before Flop (didn't bet)
Seat 5: zALEXKAYz folded before Flop (didn't bet)
Seat 6: Andnet folded before Flop (didn't bet)



PokerStars Zoom Hand #254035211172:  Hold'em No Limit ($0.05/$0.10) - 2024/12/26 17:11:03 CET [2024/12/26 11:11:03 ET]
Table 'Aludra' 6-max Seat #1 is the button
Seat 1: Apollolol ($13.29 in chips) 
Seat 2: jaejun162 ($20.71 in chips) 
Seat 3: Boon501 ($12.23 in chips) 
Seat 4: kcraven j ($9.19 in chips) 
Seat 5: gualtersales ($9.34 in chips) 
Seat 6: Mahu2021 ($7.20 in chips) 
jaejun162: posts small blind $0.05
Boon501: posts big blind $0.10
*** HOLE CARDS ***
Dealt to Mahu2021 [9s 3h]
kcraven j: folds 
gualtersales: folds 
Mahu2021: folds 
Apollolol: folds 
jaejun162: folds 
Uncalled bet ($0.05) returned to Boon501
Boon501 collected $0.10 from pot
Boon501: doesn't show hand 
*** SUMMARY ***
Total pot $0.10 | Rake $0 
Seat 1: Apollolol (button) folded before Flop (didn't bet)
Seat 2: jaejun162 (small blind) folded before Flop
Seat 3: Boon501 (big blind) collected ($0.10)
Seat 4: kcraven j folded before Flop (didn't bet)
Seat 5: gualtersales folded before Flop (didn't bet)
Seat 6: Mahu2021 folded before Flop (didn't bet)



PokerStars Zoom Hand #254035205310:  Hold'em No Limit ($0.05/$0.10) - 2024/12/26 17:10:39 CET [2024/12/26 11:10:39 ET]
Table 'Aludra' 6-max Seat #1 is the button
Seat 1: dudashu ($12.41 in chips) 
Seat 2: Mahu2021 ($7.25 in chips) 
Seat 3: danyboy6969 ($18.89 in chips) 
Seat 4: pougia777 ($10.05 in chips) 
Seat 5: aXoloTLbaby ($16.96 in chips) 
Seat 6: IVERNMAN ($10 in chips) 
Mahu2021: posts small blind $0.05
danyboy6969: posts big blind $0.10
*** HOLE CARDS ***
Dealt to Mahu2021 [Ac 7s]
pougia777: folds 
aXoloTLbaby: raises $0.13 to $0.23
IVERNMAN: folds 
dudashu: raises $0.43 to $0.66
Mahu2021: folds 
danyboy6969: folds 
aXoloTLbaby: calls $0.43
*** FLOP *** [3c Kc 7c]
aXoloTLbaby: checks 
dudashu: checks 
*** TURN *** [3c Kc 7c] [Ah]
aXoloTLbaby: checks 
dudashu: checks 
*** RIVER *** [3c Kc 7c Ah] [3d]
aXoloTLbaby: bets $0.65
dudashu: folds 
Uncalled bet ($0.65) returned to aXoloTLbaby
aXoloTLbaby collected $1.40 from pot
aXoloTLbaby: doesn't show hand 
*** SUMMARY ***
Total pot $1.47 | Rake $0.07 
Board [3c Kc 7c Ah 3d]
Seat 1: dudashu (button) folded on the River
Seat 2: Mahu2021 (small blind) folded before Flop
Seat 3: danyboy6969 (big blind) folded before Flop
Seat 4: pougia777 folded before Flop (didn't bet)
Seat 5: aXoloTLbaby collected ($1.40)
Seat 6: IVERNMAN folded before Flop (didn't bet)



PokerStars Zoom Hand #254035212269:  Hold'em No Limit ($0.05/$0.10) - 2024/12/26 17:11:08 CET [2024/12/26 11:11:08 ET]
Table 'Aludra' 6-max Seat #1 is the button
Seat 1: Mahu2021 ($7.20 in chips) 
Seat 2: Filip 712156 ($8.36 in chips) 
Seat 3: zALEXKAYz ($15.89 in chips) 
Seat 4: Rubbernicks ($16.84 in chips) 
Seat 5: hazza257 ($10.15 in chips) 
Seat 6: aXoloTLbaby ($13.02 in chips) 
Filip 712156: posts small blind $0.05
zALEXKAYz: posts big blind $0.10
*** HOLE CARDS ***
Dealt to Mahu2021 [As 9h]
Rubbernicks: folds 
hazza257: folds 
aXoloTLbaby: raises $0.13 to $0.23
Mahu2021: calls $0.23
Filip 712156: folds 
zALEXKAYz: folds 
*** FLOP *** [Qh 8s 4s]
aXoloTLbaby: checks 
Mahu2021: checks 
*** TURN *** [Qh 8s 4s] [4d]
aXoloTLbaby: bets $0.20
Mahu2021: calls $0.20
*** RIVER *** [Qh 8s 4s 4d] [Jc]
aXoloTLbaby: checks 
Mahu2021: bets $0.96
aXoloTLbaby: folds 
Uncalled bet ($0.96) returned to Mahu2021
Mahu2021 collected $0.96 from pot
Mahu2021: doesn't show hand 
*** SUMMARY ***
Total pot $1.01 | Rake $0.05 
Board [Qh 8s 4s 4d Jc]
Seat 1: Mahu2021 (button) collected ($0.96)
Seat 2: Filip 712156 (small blind) folded before Flop
Seat 3: zALEXKAYz (big blind) folded before Flop
Seat 4: Rubbernicks folded before Flop (didn't bet)
Seat 5: hazza257 folded before Flop (didn't bet)
Seat 6: aXoloTLbaby folded on the River



PokerStars Zoom Hand #254035221844:  Hold'em No Limit ($0.05/$0.10) - 2024/12/26 17:11:47 CET [2024/12/26 11:11:47 ET]
Table 'Aludra' 6-max Seat #1 is the button
Seat 1: PECASPKS ($10.78 in chips) 
Seat 2: hiding.by ($10.05 in chips) 
Seat 3: Rubbernicks ($16.69 in chips) 
Seat 4: jaxsojack ($17.98 in chips) 
Seat 5: Mahu2021 ($7.73 in chips) 
Seat 6: East_Zoo ($19.21 in chips) 
hiding.by: posts small blind $0.05
Rubbernicks: posts big blind $0.10
*** HOLE CARDS ***
Dealt to Mahu2021 [3s Ts]
jaxsojack: folds 
Mahu2021: folds 
East_Zoo: folds 
PECASPKS: folds 
hiding.by: folds 
Uncalled bet ($0.05) returned to Rubbernicks
Rubbernicks collected $0.10 from pot
Rubbernicks: doesn't show hand 
*** SUMMARY ***
Total pot $0.10 | Rake $0 
Seat 1: PECASPKS (button) folded before Flop (didn't bet)
Seat 2: hiding.by (small blind) folded before Flop
Seat 3: Rubbernicks (big blind) collected ($0.10)
Seat 4: jaxsojack folded before Flop (didn't bet)
Seat 5: Mahu2021 folded before Flop (didn't bet)
Seat 6: East_Zoo folded before Flop (didn't bet)



PokerStars Zoom Hand #254035223315:  Hold'em No Limit ($0.05/$0.10) - 2024/12/26 17:11:53 CET [2024/12/26 11:11:53 ET]
Table 'Aludra' 6-max Seat #1 is the button
Seat 1: Fakasaki ($32.83 in chips) 
Seat 2: gelik32 ($10.53 in chips) 
Seat 3: Mahu2021 ($7.73 in chips) 
Seat 4: Greece1975 ($20.89 in chips) 
Seat 5: Filip 712156 ($8.16 in chips) 
Seat 6: maradeka ($38.22 in chips) 
gelik32: posts small blind $0.05
Mahu2021: posts big blind $0.10
*** HOLE CARDS ***
Dealt to Mahu2021 [Qh Kd]
Greece1975: calls $0.10
Filip 712156: folds 
maradeka: folds 
Fakasaki: folds 
gelik32: folds 
Mahu2021: checks 
*** FLOP *** [7s Jd 2d]
Mahu2021: checks 
Greece1975: bets $0.12
Mahu2021: calls $0.12
*** TURN *** [7s Jd 2d] [6d]
Mahu2021: checks 
Greece1975: checks 
*** RIVER *** [7s Jd 2d 6d] [Ad]
Mahu2021: bets $7.51 and is all-in
Greece1975: folds 
Uncalled bet ($7.51) returned to Mahu2021
Mahu2021 collected $0.47 from pot
Mahu2021: doesn't show hand 
*** SUMMARY ***
Total pot $0.49 | Rake $0.02 
Board [7s Jd 2d 6d Ad]
Seat 1: Fakasaki (button) folded before Flop (didn't bet)
Seat 2: gelik32 (small blind) folded before Flop
Seat 3: Mahu2021 (big blind) collected ($0.47)
Seat 4: Greece1975 folded on the River
Seat 5: Filip 712156 folded before Flop (didn't bet)
Seat 6: maradeka folded before Flop (didn't bet)



PokerStars Zoom Hand #254035241771:  Hold'em No Limit ($0.05/$0.10) - 2024/12/26 17:13:09 CET [2024/12/26 11:13:09 ET]
Table 'Aludra' 6-max Seat #1 is the button
Seat 1: Mahu2021 ($7.93 in chips) 
Seat 2: COSIMODO200 ($11.90 in chips) 
Seat 3: eimonkogure ($10.28 in chips) 
Seat 4: hazza257 ($14.18 in chips) 
Seat 5: jaxsojack ($17.38 in chips) 
Seat 6: me2ch5 ($5.91 in chips) 
COSIMODO200: posts small blind $0.05
eimonkogure: posts big blind $0.10
*** HOLE CARDS ***
Dealt to Mahu2021 [2s 3d]
hazza257: folds 
jaxsojack: raises $0.20 to $0.30
me2ch5: folds 
Mahu2021: folds 
COSIMODO200: folds 
eimonkogure: folds 
Uncalled bet ($0.20) returned to jaxsojack
jaxsojack collected $0.25 from pot
jaxsojack: doesn't show hand 
*** SUMMARY ***
Total pot $0.25 | Rake $0 
Seat 1: Mahu2021 (button) folded before Flop (didn't bet)
Seat 2: COSIMODO200 (small blind) folded before Flop
Seat 3: eimonkogure (big blind) folded before Flop
Seat 4: hazza257 folded before Flop (didn't bet)
Seat 5: jaxsojack collected ($0.25)
Seat 6: me2ch5 folded before Flop (didn't bet)



PokerStars Zoom Hand #254035244606:  Hold'em No Limit ($0.05/$0.10) - 2024/12/26 17:13:21 CET [2024/12/26 11:13:21 ET]
Table 'Aludra' 6-max Seat #1 is the button
Seat 1: hiding.by ($10.15 in chips) 
Seat 2: MrGodSquad ($10 in chips) 
Seat 3: Myggaz ($9.14 in chips) 
Seat 4: Mahu2021 ($7.93 in chips) 
Seat 5: kcraven j ($9.37 in chips) 
Seat 6: Boon501 ($10.25 in chips) 
MrGodSquad: posts small blind $0.05
Myggaz: posts big blind $0.10
*** HOLE CARDS ***
Dealt to Mahu2021 [2h Ks]
Mahu2021: folds 
kcraven j: folds 
Boon501: folds 
hiding.by: folds 
MrGodSquad: raises $0.20 to $0.30
Myggaz: folds 
Uncalled bet ($0.20) returned to MrGodSquad
MrGodSquad collected $0.20 from pot
MrGodSquad: doesn't show hand 
*** SUMMARY ***
Total pot $0.20 | Rake $0 
Seat 1: hiding.by (button) folded before Flop (didn't bet)
Seat 2: MrGodSquad (small blind) collected ($0.20)
Seat 3: Myggaz (big blind) folded before Flop
Seat 4: Mahu2021 folded before Flop (didn't bet)
Seat 5: kcraven j folded before Flop (didn't bet)
Seat 6: Boon501 folded before Flop (didn't bet)



PokerStars Zoom Hand #254035242946:  Hold'em No Limit ($0.05/$0.10) - 2024/12/26 17:13:14 CET [2024/12/26 11:13:14 ET]
Table 'Aludra' 6-max Seat #1 is the button
Seat 1: danyboy6969 ($28.94 in chips) 
Seat 2: pougia777 ($10.07 in chips) 
Seat 3: gualtersales ($8.64 in chips) 
Seat 4: Mahu2021 ($7.93 in chips) 
Seat 5: 23 bis ($5 in chips) 
Seat 6: gelik32 ($10 in chips) 
pougia777: posts small blind $0.05
gualtersales: posts big blind $0.10
*** HOLE CARDS ***
Dealt to Mahu2021 [Ks 9h]
Mahu2021: folds 
23 bis: folds 
gelik32: raises $0.15 to $0.25
danyboy6969: folds 
pougia777: folds 
gualtersales: calls $0.15
*** FLOP *** [3d Qh 6h]
gualtersales: checks 
gelik32: bets $0.40
gualtersales: folds 
Uncalled bet ($0.40) returned to gelik32
gelik32 collected $0.53 from pot
gelik32: doesn't show hand 
*** SUMMARY ***
Total pot $0.55 | Rake $0.02 
Board [3d Qh 6h]
Seat 1: danyboy6969 (button) folded before Flop (didn't bet)
Seat 2: pougia777 (small blind) folded before Flop
Seat 3: gualtersales (big blind) folded on the Flop
Seat 4: Mahu2021 folded before Flop (didn't bet)
Seat 5: 23 bis folded before Flop (didn't bet)
Seat 6: gelik32 collected ($0.53)



PokerStars Zoom Hand #254035243863:  Hold'em No Limit ($0.05/$0.10) - 2024/12/26 17:13:18 CET [2024/12/26 11:13:18 ET]
Table 'Aludra' 6-max Seat #1 is the button
Seat 1: Fencis ($9.85 in chips) 
Seat 2: hiding.by ($10.20 in chips) 
Seat 3: gelik32 ($11.41 in chips) 
Seat 4: East_Zoo ($24.12 in chips) 
Seat 5: danyboy6969 ($17.90 in chips) 
Seat 6: Mahu2021 ($7.93 in chips) 
hiding.by: posts small blind $0.05
gelik32: posts big blind $0.10
*** HOLE CARDS ***
Dealt to Mahu2021 [6c Qc]
East_Zoo: folds 
danyboy6969: folds 
Mahu2021: folds 
Fencis: folds 
hiding.by: folds 
Uncalled bet ($0.05) returned to gelik32
gelik32 collected $0.10 from pot
gelik32: doesn't show hand 
*** SUMMARY ***
Total pot $0.10 | Rake $0 
Seat 1: Fencis (button) folded before Flop (didn't bet)
Seat 2: hiding.by (small blind) folded before Flop
Seat 3: gelik32 (big blind) collected ($0.10)
Seat 4: East_Zoo folded before Flop (didn't bet)
Seat 5: danyboy6969 folded before Flop (didn't bet)
Seat 6: Mahu2021 folded before Flop (didn't bet)



PokerStars Zoom Hand #254035238292:  Hold'em No Limit ($0.05/$0.10) - 2024/12/26 17:12:55 CET [2024/12/26 11:12:55 ET]
Table 'Aludra' 6-max Seat #1 is the button
Seat 1: me2ch5 ($5.91 in chips) 
Seat 2: Mahu2021 ($7.98 in chips) 
Seat 3: Fencis ($10 in chips) 
Seat 4: Nicola_S5058 ($10.12 in chips) 
Seat 5: Moneyymaakeer ($20.16 in chips) 
Seat 6: jorbren1 ($0.92 in chips) 
Mahu2021: posts small blind $0.05
Fencis: posts big blind $0.10
*** HOLE CARDS ***
Dealt to Mahu2021 [Jh 4h]
Nicola_S5058: calls $0.10
Moneyymaakeer: folds 
jorbren1: raises $0.82 to $0.92 and is all-in
me2ch5: folds 
Mahu2021: folds 
Fencis: calls $0.82
Nicola_S5058: calls $0.82
*** FLOP *** [Th 3h 8s]
Fencis: bets $1.34
Nicola_S5058: folds 
Uncalled bet ($1.34) returned to Fencis
jorbren1 has timed out
*** TURN *** [Th 3h 8s] [Ts]
*** RIVER *** [Th 3h 8s Ts] [6h]
*** SHOW DOWN ***
Fencis: shows [9h Qh] (a flush, Queen high)
jorbren1: shows [Qs Ac] (a pair of Tens)
Fencis collected $2.68 from pot
*** SUMMARY ***
Total pot $2.81 | Rake $0.13 
Board [Th 3h 8s Ts 6h]
Seat 1: me2ch5 (button) folded before Flop (didn't bet)
Seat 2: Mahu2021 (small blind) folded before Flop
Seat 3: Fencis (big blind) showed [9h Qh] and won ($2.68) with a flush, Queen high
Seat 4: Nicola_S5058 folded on the Flop
Seat 5: Moneyymaakeer folded before Flop (didn't bet)
Seat 6: jorbren1 showed [Qs Ac] and lost with a pair of Tens



PokerStars Zoom Hand #254035245531:  Hold'em No Limit ($0.05/$0.10) - 2024/12/26 17:13:25 CET [2024/12/26 11:13:25 ET]
Table 'Aludra' 6-max Seat #1 is the button
Seat 1: Rubbernicks ($16.79 in chips) 
Seat 2: Bumbulbee_G ($10 in chips) 
Seat 3: Mahu2021 ($7.93 in chips) 
Seat 4: cheddarman24 ($10 in chips) 
Seat 5: COSIMODO200 ($11.85 in chips) 
Seat 6: Apollolol ($14.45 in chips) 
Bumbulbee_G: posts small blind $0.05
Mahu2021: posts big blind $0.10
*** HOLE CARDS ***
Dealt to Mahu2021 [9s Jc]
cheddarman24: folds 
COSIMODO200: calls $0.10
Apollolol: raises $0.30 to $0.40
Rubbernicks: folds 
Bumbulbee_G: folds 
Mahu2021: folds 
COSIMODO200: folds 
Uncalled bet ($0.30) returned to Apollolol
Apollolol collected $0.35 from pot
Apollolol: doesn't show hand 
*** SUMMARY ***
Total pot $0.35 | Rake $0 
Seat 1: Rubbernicks (button) folded before Flop (didn't bet)
Seat 2: Bumbulbee_G (small blind) folded before Flop
Seat 3: Mahu2021 (big blind) folded before Flop
Seat 4: cheddarman24 folded before Flop (didn't bet)
Seat 5: COSIMODO200 folded before Flop
Seat 6: Apollolol collected ($0.35)



PokerStars Zoom Hand #254035250013:  Hold'em No Limit ($0.05/$0.10) - 2024/12/26 17:13:44 CET [2024/12/26 11:13:44 ET]
Table 'Aludra' 6-max Seat #1 is the button
Seat 1: COVEIROANCAP ($11.74 in chips) 
Seat 2: 23 bis ($5.57 in chips) 
Seat 3: Vicktorio ($20.67 in chips) 
Seat 4: NüssliNici94 ($10 in chips) 
Seat 5: Mahu2021 ($7.78 in chips) 
Seat 6: DominicDJones ($9.50 in chips) 
23 bis: posts small blind $0.05
Vicktorio: posts big blind $0.10
*** HOLE CARDS ***
Dealt to Mahu2021 [Td 3d]
NüssliNici94: folds 
Mahu2021: folds 
DominicDJones: folds 
COVEIROANCAP: raises $0.15 to $0.25
23 bis: folds 
Vicktorio: folds 
Uncalled bet ($0.15) returned to COVEIROANCAP
COVEIROANCAP collected $0.25 from pot
COVEIROANCAP: doesn't show hand 
*** SUMMARY ***
Total pot $0.25 | Rake $0 
Seat 1: COVEIROANCAP (button) collected ($0.25)
Seat 2: 23 bis (small blind) folded before Flop
Seat 3: Vicktorio (big blind) folded before Flop
Seat 4: NüssliNici94 folded before Flop (didn't bet)
Seat 5: Mahu2021 folded before Flop (didn't bet)
Seat 6: DominicDJones folded before Flop (didn't bet)



PokerStars Zoom Hand #254035251919:  Hold'em No Limit ($0.05/$0.10) - 2024/12/26 17:13:52 CET [2024/12/26 11:13:52 ET]
Table 'Aludra' 6-max Seat #1 is the button
Seat 1: SAJKN5CL ($9.85 in chips) 
Seat 2: zoly88 ($20.38 in chips) 
Seat 3: gelik32 ($10.43 in chips) 
Seat 4: Andnet ($10.84 in chips) 
Seat 5: Mahu2021 ($7.78 in chips) 
Seat 6: Nicola_S5058 ($9.67 in chips) 
zoly88: posts small blind $0.05
gelik32: posts big blind $0.10
*** HOLE CARDS ***
Dealt to Mahu2021 [Jh 4d]
Andnet: folds 
Mahu2021: folds 
Nicola_S5058: calls $0.10
SAJKN5CL: folds 
zoly88: folds 
gelik32: checks 
*** FLOP *** [5s Th As]
gelik32: bets $0.20
Nicola_S5058: folds 
Uncalled bet ($0.20) returned to gelik32
gelik32 collected $0.24 from pot
gelik32: doesn't show hand 
*** SUMMARY ***
Total pot $0.25 | Rake $0.01 
Board [5s Th As]
Seat 1: SAJKN5CL (button) folded before Flop (didn't bet)
Seat 2: zoly88 (small blind) folded before Flop
Seat 3: gelik32 (big blind) collected ($0.24)
Seat 4: Andnet folded before Flop (didn't bet)
Seat 5: Mahu2021 folded before Flop (didn't bet)
Seat 6: Nicola_S5058 folded on the Flop



PokerStars Zoom Hand #254035248453:  Hold'em No Limit ($0.05/$0.10) - 2024/12/26 17:13:37 CET [2024/12/26 11:13:37 ET]
Table 'Aludra' 6-max Seat #1 is the button
Seat 1: Moneyymaakeer ($21.39 in chips) 
Seat 2: Mahu2021 ($7.83 in chips) 
Seat 3: Boon501 ($10.20 in chips) 
Seat 4: hazza257 ($10.13 in chips) 
Seat 5: gelik32 ($10.23 in chips) 
Seat 6: Kostas Koronas ($10.44 in chips) 
Mahu2021: posts small blind $0.05
Boon501: posts big blind $0.10
*** HOLE CARDS ***
Dealt to Mahu2021 [6d Qc]
hazza257: folds 
gelik32: folds 
Kostas Koronas: calls $0.10
Moneyymaakeer: folds 
Mahu2021: folds 
Boon501: checks 
*** FLOP *** [4c 6c 9c]
Boon501: checks 
Kostas Koronas: checks 
*** TURN *** [4c 6c 9c] [3s]
Boon501: bets $0.17
Kostas Koronas: folds 
Uncalled bet ($0.17) returned to Boon501
Boon501 collected $0.24 from pot
Boon501: doesn't show hand 
*** SUMMARY ***
Total pot $0.25 | Rake $0.01 
Board [4c 6c 9c 3s]
Seat 1: Moneyymaakeer (button) folded before Flop (didn't bet)
Seat 2: Mahu2021 (small blind) folded before Flop
Seat 3: Boon501 (big blind) collected ($0.24)
Seat 4: hazza257 folded before Flop (didn't bet)
Seat 5: gelik32 folded before Flop (didn't bet)
Seat 6: Kostas Koronas folded on the Turn



PokerStars Zoom Hand #254035252822:  Hold'em No Limit ($0.05/$0.10) - 2024/12/26 17:13:56 CET [2024/12/26 11:13:56 ET]
Table 'Aludra' 6-max Seat #1 is the button
Seat 1: Boon501 ($10.05 in chips) 
Seat 2: DGSHEP ($9.90 in chips) 
Seat 3: Karina2707 ($11.89 in chips) 
Seat 4: Mahu2021 ($7.78 in chips) 
Seat 5: boris31.03 ($17.46 in chips) 
Seat 6: gelik32 ($10.18 in chips) 
DGSHEP: posts small blind $0.05
Karina2707: posts big blind $0.10
*** HOLE CARDS ***
Dealt to Mahu2021 [3s 8s]
Mahu2021: folds 
boris31.03: folds 
gelik32: folds 
Boon501: folds 
DGSHEP: raises $0.20 to $0.30
Karina2707: folds 
Uncalled bet ($0.20) returned to DGSHEP
DGSHEP collected $0.20 from pot
DGSHEP: doesn't show hand 
*** SUMMARY ***
Total pot $0.20 | Rake $0 
Seat 1: Boon501 (button) folded before Flop (didn't bet)
Seat 2: DGSHEP (small blind) collected ($0.20)
Seat 3: Karina2707 (big blind) folded before Flop
Seat 4: Mahu2021 folded before Flop (didn't bet)
Seat 5: boris31.03 folded before Flop (didn't bet)
Seat 6: gelik32 folded before Flop (didn't bet)



PokerStars Zoom Hand #254035251009:  Hold'em No Limit ($0.05/$0.10) - 2024/12/26 17:13:48 CET [2024/12/26 11:13:48 ET]
Table 'Aludra' 6-max Seat #1 is the button
Seat 1: Alin1126 ($6.46 in chips) 
Seat 2: Fencis ($11.76 in chips) 
Seat 3: eimonkogure ($34.73 in chips) 
Seat 4: Moneyymaakeer ($21.39 in chips) 
Seat 5: porzellangott ($18.08 in chips) 
Seat 6: Mahu2021 ($7.78 in chips) 
Fencis: posts small blind $0.05
eimonkogure: posts big blind $0.10
*** HOLE CARDS ***
Dealt to Mahu2021 [3d 7c]
Moneyymaakeer: raises $0.20 to $0.30
porzellangott: folds 
Mahu2021: folds 
Alin1126: folds 
Fencis: calls $0.25
eimonkogure: raises $0.20 to $0.50
Moneyymaakeer: calls $0.20
Fencis: calls $0.20
*** FLOP *** [Tc 9c 5s]
Fencis: checks 
eimonkogure: checks 
Moneyymaakeer: bets $1.07
Fencis: folds 
eimonkogure: folds 
Uncalled bet ($1.07) returned to Moneyymaakeer
Moneyymaakeer collected $1.43 from pot
Moneyymaakeer: doesn't show hand 
*** SUMMARY ***
Total pot $1.50 | Rake $0.07 
Board [Tc 9c 5s]
Seat 1: Alin1126 (button) folded before Flop (didn't bet)
Seat 2: Fencis (small blind) folded on the Flop
Seat 3: eimonkogure (big blind) folded on the Flop
Seat 4: Moneyymaakeer collected ($1.43)
Seat 5: porzellangott folded before Flop (didn't bet)
Seat 6: Mahu2021 folded before Flop (didn't bet)



PokerStars Zoom Hand #254035253560:  Hold'em No Limit ($0.05/$0.10) - 2024/12/26 17:13:59 CET [2024/12/26 11:13:59 ET]
Table 'Aludra' 6-max Seat #1 is the button
Seat 1: Filip 712156 ($5.45 in chips) 
Seat 2: aXoloTLbaby ($18.76 in chips) 
Seat 3: Mahu2021 ($7.78 in chips) 
Seat 4: kris_bjork ($13.19 in chips) 
Seat 5: Alin1126 ($6.46 in chips) 
Seat 6: East_Zoo ($23.97 in chips) 
aXoloTLbaby: posts small blind $0.05
Mahu2021: posts big blind $0.10
*** HOLE CARDS ***
Dealt to Mahu2021 [9h Ks]
kris_bjork: folds 
Alin1126: calls $0.10
East_Zoo: folds 
Filip 712156: folds 
aXoloTLbaby: calls $0.05
Mahu2021: checks 
*** FLOP *** [2c Ad Qs]
aXoloTLbaby: checks 
Mahu2021: checks 
Alin1126: bets $0.15
aXoloTLbaby: folds 
Mahu2021: folds 
Uncalled bet ($0.15) returned to Alin1126
Alin1126 collected $0.29 from pot
Alin1126: doesn't show hand 
*** SUMMARY ***
Total pot $0.30 | Rake $0.01 
Board [2c Ad Qs]
Seat 1: Filip 712156 (button) folded before Flop (didn't bet)
Seat 2: aXoloTLbaby (small blind) folded on the Flop
Seat 3: Mahu2021 (big blind) folded on the Flop
Seat 4: kris_bjork folded before Flop (didn't bet)
Seat 5: Alin1126 collected ($0.29)
Seat 6: East_Zoo folded before Flop (didn't bet)



PokerStars Zoom Hand #254035257731:  Hold'em No Limit ($0.05/$0.10) - 2024/12/26 17:14:16 CET [2024/12/26 11:14:16 ET]
Table 'Aludra' 6-max Seat #1 is the button
Seat 1: Karina2707 ($11.74 in chips) 
Seat 2: Mahu2021 ($7.68 in chips) 
Seat 3: kris_bjork ($9.92 in chips) 
Seat 4: Andnet ($15.31 in chips) 
Seat 5: MSB1155 ($9.64 in chips) 
Seat 6: danyboy6969 ($35.36 in chips) 
Mahu2021: posts small blind $0.05
kris_bjork: posts big blind $0.10
*** HOLE CARDS ***
Dealt to Mahu2021 [Th Tc]
Andnet: folds 
MSB1155: folds 
danyboy6969: folds 
Karina2707: raises $0.15 to $0.25
Mahu2021: raises $0.55 to $0.80
kris_bjork: folds 
Karina2707: folds 
Uncalled bet ($0.55) returned to Mahu2021
Mahu2021 collected $0.60 from pot
Mahu2021: doesn't show hand 
*** SUMMARY ***
Total pot $0.60 | Rake $0 
Seat 1: Karina2707 (button) folded before Flop
Seat 2: Mahu2021 (small blind) collected ($0.60)
Seat 3: kris_bjork (big blind) folded before Flop
Seat 4: Andnet folded before Flop (didn't bet)
Seat 5: MSB1155 folded before Flop (didn't bet)
Seat 6: danyboy6969 folded before Flop (didn't bet)



PokerStars Zoom Hand #254035261967:  Hold'em No Limit ($0.05/$0.10) - 2024/12/26 17:14:34 CET [2024/12/26 11:14:34 ET]
Table 'Aludra' 6-max Seat #1 is the button
Seat 1: Mahu2021 ($8.03 in chips) 
Seat 2: kcraven j ($9.12 in chips) 
Seat 3: kris_bjork ($9.85 in chips) 
Seat 4: Rubbernicks ($16.49 in chips) 
Seat 5: midav77713 ($11.06 in chips) 
Seat 6: Boon501 ($15.25 in chips) 
kcraven j: posts small blind $0.05
kris_bjork: posts big blind $0.10
*** HOLE CARDS ***
Dealt to Mahu2021 [2d 6d]
Rubbernicks: folds 
midav77713: folds 
Boon501: raises $0.13 to $0.23
Mahu2021: folds 
kcraven j: folds 
kris_bjork: folds 
Uncalled bet ($0.13) returned to Boon501
Boon501 collected $0.25 from pot
Boon501: doesn't show hand 
*** SUMMARY ***
Total pot $0.25 | Rake $0 
Seat 1: Mahu2021 (button) folded before Flop (didn't bet)
Seat 2: kcraven j (small blind) folded before Flop
Seat 3: kris_bjork (big blind) folded before Flop
Seat 4: Rubbernicks folded before Flop (didn't bet)
Seat 5: midav77713 folded before Flop (didn't bet)
Seat 6: Boon501 collected ($0.25)



PokerStars Zoom Hand #254035263131:  Hold'em No Limit ($0.05/$0.10) - 2024/12/26 17:14:38 CET [2024/12/26 11:14:38 ET]
Table 'Aludra' 6-max Seat #1 is the button
Seat 1: Mahu2021 ($8.03 in chips) 
Seat 2: Lenardic100 ($4.63 in chips) 
Seat 3: Aruce1 ($11.95 in chips) 
Seat 4: eimonkogure ($10 in chips) 
Seat 5: IVERNMAN ($10 in chips) 
Seat 6: thekla76 ($5.10 in chips) 
Lenardic100: posts small blind $0.05
Aruce1: posts big blind $0.10
*** HOLE CARDS ***
Dealt to Mahu2021 [Tc 2h]
eimonkogure: folds 
IVERNMAN: folds 
thekla76: folds 
Mahu2021: folds 
Lenardic100: calls $0.05
Aruce1: checks 
*** FLOP *** [3s 4s 5c]
Lenardic100: checks 
Aruce1: checks 
*** TURN *** [3s 4s 5c] [Qc]
Lenardic100: bets $0.30
Aruce1: folds 
Uncalled bet ($0.30) returned to Lenardic100
Lenardic100 collected $0.19 from pot
Lenardic100: doesn't show hand 
*** SUMMARY ***
Total pot $0.20 | Rake $0.01 
Board [3s 4s 5c Qc]
Seat 1: Mahu2021 (button) folded before Flop (didn't bet)
Seat 2: Lenardic100 (small blind) collected ($0.19)
Seat 3: Aruce1 (big blind) folded on the Turn
Seat 4: eimonkogure folded before Flop (didn't bet)
Seat 5: IVERNMAN folded before Flop (didn't bet)
Seat 6: thekla76 folded before Flop (didn't bet)



PokerStars Zoom Hand #254035263997:  Hold'em No Limit ($0.05/$0.10) - 2024/12/26 17:14:42 CET [2024/12/26 11:14:42 ET]
Table 'Aludra' 6-max Seat #1 is the button
Seat 1: Apollolol ($15.19 in chips) 
Seat 2: thekla76 ($5.10 in chips) 
Seat 3: DGSHEP ($10 in chips) 
Seat 4: Mahu2021 ($8.03 in chips) 
Seat 5: dudashu ($10.22 in chips) 
Seat 6: MSB1155 ($9.59 in chips) 
thekla76: posts small blind $0.05
DGSHEP: posts big blind $0.10
*** HOLE CARDS ***
Dealt to Mahu2021 [Qc Qh]
Mahu2021: raises $0.20 to $0.30
dudashu: raises $0.85 to $1.15
MSB1155: folds 
Apollolol: folds 
thekla76: folds 
DGSHEP: folds 
Mahu2021: raises $6.88 to $8.03 and is all-in
dudashu: calls $6.88
*** FLOP *** [4h 9h Ad]
*** TURN *** [4h 9h Ad] [Ts]
*** RIVER *** [4h 9h Ad Ts] [2c]
*** SHOW DOWN ***
Mahu2021: shows [Qc Qh] (a pair of Queens)
dudashu: shows [Ac Qs] (a pair of Aces)
dudashu collected $15.48 from pot
Mahu2021 cashed out the hand for $10.56 | Cash Out Fee $0.22
*** SUMMARY ***
Total pot $16.21 | Rake $0.73 
Board [4h 9h Ad Ts 2c]
Seat 1: Apollolol (button) folded before Flop (didn't bet)
Seat 2: thekla76 (small blind) folded before Flop
Seat 3: DGSHEP (big blind) folded before Flop
Seat 4: Mahu2021 showed [Qc Qh] and lost with a pair of Queens (cashed out).
Seat 5: dudashu showed [Ac Qs] and won ($15.48) with a pair of Aces
Seat 6: MSB1155 folded before Flop (didn't bet)



PokerStars Zoom Hand #254035273734:  Hold'em No Limit ($0.05/$0.10) - 2024/12/26 17:15:21 CET [2024/12/26 11:15:21 ET]
Table 'Aludra' 6-max Seat #1 is the button
Seat 1: NLMCHIOS ($11.96 in chips) 
Seat 2: maradeka ($37.86 in chips) 
Seat 3: Mahu2021 ($10.56 in chips) 
Seat 4: wesleysilva2022 ($9.23 in chips) 
Seat 5: danyboy6969 ($35.31 in chips) 
Seat 6: eimonkogure ($12.65 in chips) 
maradeka: posts small blind $0.05
Mahu2021: posts big blind $0.10
*** HOLE CARDS ***
Dealt to Mahu2021 [8s 4h]
wesleysilva2022: calls $0.10
danyboy6969: folds 
eimonkogure: folds 
NLMCHIOS: calls $0.10
maradeka: folds 
Mahu2021: checks 
*** FLOP *** [Kh 3c Js]
Mahu2021: checks 
wesleysilva2022: bets $0.10
NLMCHIOS: folds 
Mahu2021: folds 
Uncalled bet ($0.10) returned to wesleysilva2022
wesleysilva2022 collected $0.33 from pot
wesleysilva2022: doesn't show hand 
*** SUMMARY ***
Total pot $0.35 | Rake $0.02 
Board [Kh 3c Js]
Seat 1: NLMCHIOS (button) folded on the Flop
Seat 2: maradeka (small blind) folded before Flop
Seat 3: Mahu2021 (big blind) folded on the Flop
Seat 4: wesleysilva2022 collected ($0.33)
Seat 5: danyboy6969 folded before Flop (didn't bet)
Seat 6: eimonkogure folded before Flop (didn't bet)



PokerStars Zoom Hand #254035279022:  Hold'em No Limit ($0.05/$0.10) - 2024/12/26 17:15:44 CET [2024/12/26 11:15:44 ET]
Table 'Aludra' 6-max Seat #1 is the button
Seat 1: Ciommy1515 ($7.10 in chips) 
Seat 2: gualtersales ($7.74 in chips) 
Seat 3: Aruce1 ($39.29 in chips) 
Seat 4: gelik32 ($10.67 in chips) 
Seat 5: Boon501 ($17.99 in chips) 
Seat 6: Mahu2021 ($10.46 in chips) 
gualtersales: posts small blind $0.05
Aruce1: posts big blind $0.10
*** HOLE CARDS ***
Dealt to Mahu2021 [8h 5c]
gelik32: folds 
Boon501: folds 
Mahu2021: folds 
Ciommy1515: raises $0.10 to $0.20
gualtersales: folds 
Aruce1: folds 
Uncalled bet ($0.10) returned to Ciommy1515
Ciommy1515 collected $0.25 from pot
Ciommy1515: doesn't show hand 
*** SUMMARY ***
Total pot $0.25 | Rake $0 
Seat 1: Ciommy1515 (button) collected ($0.25)
Seat 2: gualtersales (small blind) folded before Flop
Seat 3: Aruce1 (big blind) folded before Flop
Seat 4: gelik32 folded before Flop (didn't bet)
Seat 5: Boon501 folded before Flop (didn't bet)
Seat 6: Mahu2021 folded before Flop (didn't bet)



PokerStars Zoom Hand #254035279997:  Hold'em No Limit ($0.05/$0.10) - 2024/12/26 17:15:48 CET [2024/12/26 11:15:48 ET]
Table 'Aludra' 6-max Seat #1 is the button
Seat 1: Windows 21xp ($10.85 in chips) 
Seat 2: deeesta ($22.08 in chips) 
Seat 3: COVEIROANCAP ($18.66 in chips) 
Seat 4: midav77713 ($10.86 in chips) 
Seat 5: wesleysilva2022 ($9.46 in chips) 
Seat 6: Mahu2021 ($10.46 in chips) 
deeesta: posts small blind $0.05
COVEIROANCAP: posts big blind $0.10
*** HOLE CARDS ***
Dealt to Mahu2021 [4d 9c]
midav77713: folds 
wesleysilva2022: folds 
Mahu2021: folds 
Windows 21xp: raises $0.15 to $0.25
deeesta: folds 
COVEIROANCAP: folds 
Uncalled bet ($0.15) returned to Windows 21xp
Windows 21xp collected $0.25 from pot
Windows 21xp: doesn't show hand 
*** SUMMARY ***
Total pot $0.25 | Rake $0 
Seat 1: Windows 21xp (button) collected ($0.25)
Seat 2: deeesta (small blind) folded before Flop
Seat 3: COVEIROANCAP (big blind) folded before Flop
Seat 4: midav77713 folded before Flop (didn't bet)
Seat 5: wesleysilva2022 folded before Flop (didn't bet)
Seat 6: Mahu2021 folded before Flop (didn't bet)



PokerStars Zoom Hand #254035280953:  Hold'em No Limit ($0.05/$0.10) - 2024/12/26 17:15:52 CET [2024/12/26 11:15:52 ET]
Table 'Aludra' 6-max Seat #1 is the button
Seat 1: East_Zoo ($20.56 in chips) 
Seat 2: Mahu2021 ($10.46 in chips) 
Seat 3: midav77713 ($10.86 in chips) 
Seat 4: NLMCHIOS ($11.86 in chips) 
Seat 5: DominicDJones ($7.65 in chips) 
Seat 6: jaejun162 ($22.59 in chips) 
Mahu2021: posts small blind $0.05
midav77713: posts big blind $0.10
*** HOLE CARDS ***
Dealt to Mahu2021 [Jh Ah]
NLMCHIOS: folds 
DominicDJones: raises $0.20 to $0.30
jaejun162: folds 
East_Zoo: folds 
Mahu2021: calls $0.25
midav77713: folds 
*** FLOP *** [2d 2h 3d]
Mahu2021: checks 
DominicDJones: checks 
*** TURN *** [2d 2h 3d] [Ac]
Mahu2021: checks 
DominicDJones: bets $0.34
Mahu2021: calls $0.34
*** RIVER *** [2d 2h 3d Ac] [5h]
Mahu2021: checks 
DominicDJones: bets $1.32
Mahu2021: calls $1.32
*** SHOW DOWN ***
DominicDJones: shows [Kc As] (two pair, Aces and Deuces)
Mahu2021: mucks hand 
DominicDJones collected $3.80 from pot
*** SUMMARY ***
Total pot $4.02 | Rake $0.22 
Board [2d 2h 3d Ac 5h]
Seat 1: East_Zoo (button) folded before Flop (didn't bet)
Seat 2: Mahu2021 (small blind) mucked [Jh Ah]
Seat 3: midav77713 (big blind) folded before Flop
Seat 4: NLMCHIOS folded before Flop (didn't bet)
Seat 5: DominicDJones showed [Kc As] and won ($3.80) with two pair, Aces and Deuces
Seat 6: jaejun162 folded before Flop (didn't bet)



PokerStars Zoom Hand #254035288596:  Hold'em No Limit ($0.05/$0.10) - 2024/12/26 17:16:23 CET [2024/12/26 11:16:23 ET]
Table 'Aludra' 6-max Seat #1 is the button
Seat 1: Mahu2021 ($8.50 in chips) 
Seat 2: danyboy6969 ($16.25 in chips) 
Seat 3: DominicDJones ($9.49 in chips) 
Seat 4: gelik32 ($10.52 in chips) 
Seat 5: Mikebradl101 ($9.71 in chips) 
Seat 6: Gutte ($10.30 in chips) 
danyboy6969: posts small blind $0.05
DominicDJones: posts big blind $0.10
*** HOLE CARDS ***
Dealt to Mahu2021 [Td 7c]
gelik32: folds 
Mikebradl101: folds 
Gutte: folds 
Mahu2021: folds 
danyboy6969: folds 
Uncalled bet ($0.05) returned to DominicDJones
DominicDJones collected $0.10 from pot
DominicDJones: doesn't show hand 
*** SUMMARY ***
Total pot $0.10 | Rake $0 
Seat 1: Mahu2021 (button) folded before Flop (didn't bet)
Seat 2: danyboy6969 (small blind) folded before Flop
Seat 3: DominicDJones (big blind) collected ($0.10)
Seat 4: gelik32 folded before Flop (didn't bet)
Seat 5: Mikebradl101 folded before Flop (didn't bet)
Seat 6: Gutte folded before Flop (didn't bet)



PokerStars Zoom Hand #254035290264:  Hold'em No Limit ($0.05/$0.10) - 2024/12/26 17:16:29 CET [2024/12/26 11:16:29 ET]
Table 'Aludra' 6-max Seat #1 is the button
Seat 1: DGSHEP ($10.17 in chips) 
Seat 2: NüssliNici94 ($10.93 in chips) 
Seat 3: COVEIROANCAP ($11.50 in chips) 
Seat 4: Mahu2021 ($8.50 in chips) 
Seat 5: Bumbulbee_G ($10 in chips) 
Seat 6: pougia777 ($10.56 in chips) 
NüssliNici94: posts small blind $0.05
COVEIROANCAP: posts big blind $0.10
*** HOLE CARDS ***
Dealt to Mahu2021 [2s 3d]
Mahu2021: folds 
Bumbulbee_G: folds 
pougia777: folds 
DGSHEP: raises $0.25 to $0.35
NüssliNici94: folds 
COVEIROANCAP: folds 
Uncalled bet ($0.25) returned to DGSHEP
DGSHEP collected $0.25 from pot
DGSHEP: doesn't show hand 
*** SUMMARY ***
Total pot $0.25 | Rake $0 
Seat 1: DGSHEP (button) collected ($0.25)
Seat 2: NüssliNici94 (small blind) folded before Flop
Seat 3: COVEIROANCAP (big blind) folded before Flop
Seat 4: Mahu2021 folded before Flop (didn't bet)
Seat 5: Bumbulbee_G folded before Flop (didn't bet)
Seat 6: pougia777 folded before Flop (didn't bet)



PokerStars Zoom Hand #254035291306:  Hold'em No Limit ($0.05/$0.10) - 2024/12/26 17:16:34 CET [2024/12/26 11:16:34 ET]
Table 'Aludra' 6-max Seat #1 is the button
Seat 1: fasora ($10 in chips) 
Seat 2: zALEXKAYz ($12.39 in chips) 
Seat 3: Mahu2021 ($8.50 in chips) 
Seat 4: COVEIROANCAP ($18.51 in chips) 
Seat 5: Greece1975 ($19.64 in chips) 
Seat 6: midav77713 ($10.51 in chips) 
zALEXKAYz: posts small blind $0.05
Mahu2021: posts big blind $0.10
*** HOLE CARDS ***
Dealt to Mahu2021 [Ah 7d]
COVEIROANCAP: folds 
Greece1975: calls $0.10
midav77713: folds 
fasora: folds 
zALEXKAYz: raises $0.45 to $0.55
Mahu2021: folds 
Greece1975: calls $0.45
*** FLOP *** [4s 3s 6d]
zALEXKAYz: checks 
Greece1975: bets $1.15
zALEXKAYz: folds 
Uncalled bet ($1.15) returned to Greece1975
Greece1975 collected $1.15 from pot
Greece1975: doesn't show hand 
*** SUMMARY ***
Total pot $1.20 | Rake $0.05 
Board [4s 3s 6d]
Seat 1: fasora (button) folded before Flop (didn't bet)
Seat 2: zALEXKAYz (small blind) folded on the Flop
Seat 3: Mahu2021 (big blind) folded before Flop
Seat 4: COVEIROANCAP folded before Flop (didn't bet)
Seat 5: Greece1975 collected ($1.15)
Seat 6: midav77713 folded before Flop (didn't bet)



PokerStars Zoom Hand #254035298104:  Hold'em No Limit ($0.05/$0.10) - 2024/12/26 17:17:02 CET [2024/12/26 11:17:02 ET]
Table 'Aludra' 6-max Seat #1 is the button
Seat 1: pitzymecanic ($8.68 in chips) 
Seat 2: wesleysilva2022 ($6.70 in chips) 
Seat 3: NüssliNici94 ($10.83 in chips) 
Seat 4: midav77713 ($10.41 in chips) 
Seat 5: Mahu2021 ($8.35 in chips) 
Seat 6: aXoloTLbaby ($10 in chips) 
wesleysilva2022: posts small blind $0.05
NüssliNici94: posts big blind $0.10
*** HOLE CARDS ***
Dealt to Mahu2021 [2c 8d]
midav77713: folds 
Mahu2021: folds 
aXoloTLbaby: folds 
pitzymecanic: folds 
wesleysilva2022: folds 
Uncalled bet ($0.05) returned to NüssliNici94
NüssliNici94 collected $0.10 from pot
NüssliNici94: doesn't show hand 
*** SUMMARY ***
Total pot $0.10 | Rake $0 
Seat 1: pitzymecanic (button) folded before Flop (didn't bet)
Seat 2: wesleysilva2022 (small blind) folded before Flop
Seat 3: NüssliNici94 (big blind) collected ($0.10)
Seat 4: midav77713 folded before Flop (didn't bet)
Seat 5: Mahu2021 folded before Flop (didn't bet)
Seat 6: aXoloTLbaby folded before Flop (didn't bet)



PokerStars Zoom Hand #254035289412:  Hold'em No Limit ($0.05/$0.10) - 2024/12/26 17:16:26 CET [2024/12/26 11:16:26 ET]
Table 'Aludra' 6-max Seat #1 is the button
Seat 1: Greece1975 ($19.64 in chips) 
Seat 2: MrGodSquad ($10.13 in chips) 
Seat 3: jayfinn36 ($17.51 in chips) 
Seat 4: Mikebradl101 ($9.71 in chips) 
Seat 5: Mahu2021 ($8.50 in chips) 
Seat 6: gelik32 ($10.52 in chips) 
MrGodSquad: posts small blind $0.05
jayfinn36: posts big blind $0.10
*** HOLE CARDS ***
Dealt to Mahu2021 [7s 4s]
Mikebradl101: folds 
Mahu2021: folds 
gelik32: raises $0.15 to $0.25
Greece1975: folds 
MrGodSquad: calls $0.20
jayfinn36: calls $0.15
*** FLOP *** [9h Qs 8h]
MrGodSquad: bets $0.30
jayfinn36: calls $0.30
gelik32: calls $0.30
*** TURN *** [9h Qs 8h] [7c]
MrGodSquad: bets $0.50
jayfinn36: calls $0.50
gelik32: calls $0.50
*** RIVER *** [9h Qs 8h 7c] [4d]
MrGodSquad: bets $3
jayfinn36: folds 
gelik32: folds 
Uncalled bet ($3) returned to MrGodSquad
MrGodSquad collected $3.01 from pot
MrGodSquad: doesn't show hand 
*** SUMMARY ***
Total pot $3.15 | Rake $0.14 
Board [9h Qs 8h 7c 4d]
Seat 1: Greece1975 (button) folded before Flop (didn't bet)
Seat 2: MrGodSquad (small blind) collected ($3.01)
Seat 3: jayfinn36 (big blind) folded on the River
Seat 4: Mikebradl101 folded before Flop (didn't bet)
Seat 5: Mahu2021 folded before Flop (didn't bet)
Seat 6: gelik32 folded on the River



PokerStars Zoom Hand #254035299090:  Hold'em No Limit ($0.05/$0.10) - 2024/12/26 17:17:06 CET [2024/12/26 11:17:06 ET]
Table 'Aludra' 6-max Seat #1 is the button
Seat 1: East_Zoo ($23.71 in chips) 
Seat 2: gualtersales ($7.74 in chips) 
Seat 3: aXoloTLbaby ($10 in chips) 
Seat 4: Mahu2021 ($8.35 in chips) 
Seat 5: fasora ($10 in chips) 
Seat 6: Blondiface ($12.42 in chips) 
gualtersales: posts small blind $0.05
aXoloTLbaby: posts big blind $0.10
*** HOLE CARDS ***
Dealt to Mahu2021 [Jh Jd]
Mahu2021: raises $0.20 to $0.30
fasora: folds 
Blondiface: folds 
East_Zoo: folds 
gualtersales: folds 
aXoloTLbaby: calls $0.20
*** FLOP *** [Qc 5h Kd]
aXoloTLbaby: checks 
Mahu2021: checks 
*** TURN *** [Qc 5h Kd] [2d]
aXoloTLbaby: checks 
Mahu2021: checks 
*** RIVER *** [Qc 5h Kd 2d] [Qh]
aXoloTLbaby: checks 
Mahu2021: checks 
*** SHOW DOWN ***
aXoloTLbaby: shows [8c 8s] (two pair, Queens and Eights)
Mahu2021: shows [Jh Jd] (two pair, Queens and Jacks)
Mahu2021 collected $0.62 from pot
*** SUMMARY ***
Total pot $0.65 | Rake $0.03 
Board [Qc 5h Kd 2d Qh]
Seat 1: East_Zoo (button) folded before Flop (didn't bet)
Seat 2: gualtersales (small blind) folded before Flop
Seat 3: aXoloTLbaby (big blind) showed [8c 8s] and lost with two pair, Queens and Eights
Seat 4: Mahu2021 showed [Jh Jd] and won ($0.62) with two pair, Queens and Jacks
Seat 5: fasora folded before Flop (didn't bet)
Seat 6: Blondiface folded before Flop (didn't bet)



PokerStars Zoom Hand #254035294194:  Hold'em No Limit ($0.05/$0.10) - 2024/12/26 17:16:46 CET [2024/12/26 11:16:46 ET]
Table 'Aludra' 6-max Seat #1 is the button
Seat 1: JonnHsk ($14.83 in chips) 
Seat 2: Mahu2021 ($8.40 in chips) 
Seat 3: Rybik190 ($6.62 in chips) 
Seat 4: Vicktorio ($20.29 in chips) 
Seat 5: kcraven j ($11.26 in chips) 
Seat 6: Aruce1 ($39.19 in chips) 
Mahu2021: posts small blind $0.05
Rybik190: posts big blind $0.10
*** HOLE CARDS ***
Dealt to Mahu2021 [Ts Ad]
Vicktorio: raises $0.15 to $0.25
kcraven j: folds 
Aruce1: raises $0.55 to $0.80
JonnHsk: folds 
Mahu2021: folds 
Rybik190: calls $0.70
Vicktorio: calls $0.55
*** FLOP *** [9c 6c 3s]
Rybik190: checks 
Vicktorio: checks 
Aruce1: bets $1.76
Rybik190: folds 
Vicktorio: folds 
Uncalled bet ($1.76) returned to Aruce1
Aruce1 collected $2.34 from pot
Aruce1: doesn't show hand 
*** SUMMARY ***
Total pot $2.45 | Rake $0.11 
Board [9c 6c 3s]
Seat 1: JonnHsk (button) folded before Flop (didn't bet)
Seat 2: Mahu2021 (small blind) folded before Flop
Seat 3: Rybik190 (big blind) folded on the Flop
Seat 4: Vicktorio folded on the Flop
Seat 5: kcraven j folded before Flop (didn't bet)
Seat 6: Aruce1 collected ($2.34)



PokerStars Zoom Hand #254035306228:  Hold'em No Limit ($0.05/$0.10) - 2024/12/26 17:17:35 CET [2024/12/26 11:17:35 ET]
Table 'Aludra' 6-max Seat #1 is the button
Seat 1: Mahu2021 ($8.67 in chips) 
Seat 2: kopasy ($26.60 in chips) 
Seat 3: maradeka ($37.99 in chips) 
Seat 4: aXoloTLbaby ($10 in chips) 
Seat 5: kcraven j ($7.59 in chips) 
Seat 6: danyboy6969 ($15.62 in chips) 
kopasy: posts small blind $0.05
maradeka: posts big blind $0.10
*** HOLE CARDS ***
Dealt to Mahu2021 [Jd 7h]
aXoloTLbaby: folds 
kcraven j: folds 
danyboy6969: folds 
Mahu2021: folds 
kopasy: folds 
Uncalled bet ($0.05) returned to maradeka
maradeka collected $0.10 from pot
maradeka: doesn't show hand 
*** SUMMARY ***
Total pot $0.10 | Rake $0 
Seat 1: Mahu2021 (button) folded before Flop (didn't bet)
Seat 2: kopasy (small blind) folded before Flop
Seat 3: maradeka (big blind) collected ($0.10)
Seat 4: aXoloTLbaby folded before Flop (didn't bet)
Seat 5: kcraven j folded before Flop (didn't bet)
Seat 6: danyboy6969 folded before Flop (didn't bet)



PokerStars Zoom Hand #254035307669:  Hold'em No Limit ($0.05/$0.10) - 2024/12/26 17:17:41 CET [2024/12/26 11:17:41 ET]
Table 'Aludra' 6-max Seat #1 is the button
Seat 1: kcraven j ($11.21 in chips) 
Seat 2: Mahu2021 ($8.67 in chips) 
Seat 3: gelik32 ($10 in chips) 
Seat 4: jaejun162 ($21.14 in chips) 
Seat 5: hiding.by ($10 in chips) 
Seat 6: Windows 21xp ($10 in chips) 
Mahu2021: posts small blind $0.05
gelik32: posts big blind $0.10
*** HOLE CARDS ***
Dealt to Mahu2021 [Qs 6c]
jaejun162: folds 
hiding.by: folds 
Windows 21xp: folds 
kcraven j: folds 
Mahu2021: folds 
Uncalled bet ($0.05) returned to gelik32
gelik32 collected $0.10 from pot
gelik32: doesn't show hand 
*** SUMMARY ***
Total pot $0.10 | Rake $0 
Seat 1: kcraven j (button) folded before Flop (didn't bet)
Seat 2: Mahu2021 (small blind) folded before Flop
Seat 3: gelik32 (big blind) collected ($0.10)
Seat 4: jaejun162 folded before Flop (didn't bet)
Seat 5: hiding.by folded before Flop (didn't bet)
Seat 6: Windows 21xp folded before Flop (didn't bet)



PokerStars Zoom Hand #254035308632:  Hold'em No Limit ($0.05/$0.10) - 2024/12/26 17:17:45 CET [2024/12/26 11:17:45 ET]
Table 'Aludra' 6-max Seat #1 is the button
Seat 1: Fencis ($8.38 in chips) 
Seat 2: eimonkogure ($10.01 in chips) 
Seat 3: Mahu2021 ($8.62 in chips) 
Seat 4: DGSHEP ($10.17 in chips) 
Seat 5: COSIMODO200 ($12.28 in chips) 
Seat 6: fasora ($10.79 in chips) 
eimonkogure: posts small blind $0.05
Mahu2021: posts big blind $0.10
*** HOLE CARDS ***
Dealt to Mahu2021 [2h Qh]
DGSHEP: folds 
COSIMODO200: folds 
fasora: folds 
Fencis: raises $0.10 to $0.20
eimonkogure: calls $0.15
Mahu2021: calls $0.10
*** FLOP *** [Qc Th 7h]
eimonkogure: checks 
Mahu2021: checks 
Fencis: checks 
*** TURN *** [Qc Th 7h] [5h]
eimonkogure: checks 
Mahu2021: checks 
Fencis: checks 
*** RIVER *** [Qc Th 7h 5h] [Jc]
eimonkogure: checks 
Mahu2021: bets $0.57
Fencis: calls $0.57
eimonkogure: folds 
*** SHOW DOWN ***
Mahu2021: shows [2h Qh] (a flush, Queen high)
Fencis: mucks hand 
Mahu2021 collected $1.66 from pot
*** SUMMARY ***
Total pot $1.74 | Rake $0.08 
Board [Qc Th 7h 5h Jc]
Seat 1: Fencis (button) mucked [Js Ad]
Seat 2: eimonkogure (small blind) folded on the River
Seat 3: Mahu2021 (big blind) showed [2h Qh] and won ($1.66) with a flush, Queen high
Seat 4: DGSHEP folded before Flop (didn't bet)
Seat 5: COSIMODO200 folded before Flop (didn't bet)
Seat 6: fasora folded before Flop (didn't bet)



