PokerStars Zoom Hand #255162556676:  Hold'em No Limit ($0.05/$0.10) - 2025/03/06 12:00:09 CET [2025/03/06 6:00:09 ET]
Table 'Aludra' 6-max Seat #1 is the button
Seat 1: kimmand ($13.50 in chips) 
Seat 2: TOATOAPABOYZ ($10.77 in chips) 
Seat 3: Mahu2021 ($10 in chips) 
Seat 4: Yash1ch ($11.16 in chips) 
Seat 5: tafarel8 ($18.89 in chips) 
Seat 6: marcss2003 ($7.60 in chips) 
TOATOAPABOYZ: posts small blind $0.05
Mahu2021: posts big blind $0.10
*** HOLE CARDS ***
Dealt to Mahu2021 [Kh 6d]
Yash1ch: folds 
tafarel8: folds 
marcss2003: folds 
kimmand: raises $0.25 to $0.35
TOATOAPABOYZ: folds 
Mahu2021: folds 
Uncalled bet ($0.25) returned to kimmand
kimmand collected $0.25 from pot
kimmand: doesn't show hand 
*** SUMMARY ***
Total pot $0.25 | Rake $0 
Seat 1: kimmand (button) collected ($0.25)
Seat 2: TOATOAPABOYZ (small blind) folded before Flop
Seat 3: Mahu2021 (big blind) folded before Flop
Seat 4: Yash1ch folded before Flop (didn't bet)
Seat 5: tafarel8 folded before Flop (didn't bet)
Seat 6: marcss2003 folded before Flop (didn't bet)



PokerStars Zoom Hand #255162560385:  Hold'em No Limit ($0.05/$0.10) - 2025/03/06 12:00:46 CET [2025/03/06 6:00:46 ET]
Table 'Aludra' 6-max Seat #1 is the button
Seat 1: mexxxy_90 ($10 in chips) 
Seat 2: Robertwao ($13.55 in chips) 
Seat 3: fargofargo ($7.72 in chips) 
Seat 4: IVERNMAN ($10 in chips) 
Seat 5: Vaka89 ($9.42 in chips) 
Seat 6: Mahu2021 ($9.60 in chips) 
Robertwao: posts small blind $0.05
fargofargo: posts big blind $0.10
*** HOLE CARDS ***
Dealt to Mahu2021 [8c Jh]
IVERNMAN: folds 
Vaka89: folds 
Mahu2021: folds 
mexxxy_90: folds 
Robertwao: folds 
Uncalled bet ($0.05) returned to fargofargo
fargofargo collected $0.10 from pot
fargofargo: doesn't show hand 
*** SUMMARY ***
Total pot $0.10 | Rake $0 
Seat 1: mexxxy_90 (button) folded before Flop (didn't bet)
Seat 2: Robertwao (small blind) folded before Flop
Seat 3: fargofargo (big blind) collected ($0.10)
Seat 4: IVERNMAN folded before Flop (didn't bet)
Seat 5: Vaka89 folded before Flop (didn't bet)
Seat 6: Mahu2021 folded before Flop (didn't bet)



PokerStars Zoom Hand #255162557764:  Hold'em No Limit ($0.05/$0.10) - 2025/03/06 12:00:20 CET [2025/03/06 6:00:20 ET]
Table 'Aludra' 6-max Seat #1 is the button
Seat 1: Mahu2021 ($9.90 in chips) 
Seat 2: Bigbacon510 ($20.93 in chips) 
Seat 3: mexxxy_90 ($10 in chips) 
Seat 4: hummbold ($15.37 in chips) 
Seat 5: chilli60 ($10.82 in chips) 
Seat 6: ssum1234 ($10.10 in chips) 
Bigbacon510: posts small blind $0.05
mexxxy_90: posts big blind $0.10
*** HOLE CARDS ***
Dealt to Mahu2021 [8d Jd]
hummbold: raises $0.15 to $0.25
chilli60: calls $0.25
ssum1234: folds 
Mahu2021: calls $0.25
Bigbacon510: folds 
mexxxy_90: calls $0.15
*** FLOP *** [Kd 5h Qh]
mexxxy_90: checks 
hummbold: bets $0.50
chilli60: raises $0.50 to $1
Mahu2021: folds 
mexxxy_90: folds 
hummbold: calls $0.50
*** TURN *** [Kd 5h Qh] [5s]
hummbold: checks 
chilli60: bets $1.46
hummbold: calls $1.46
*** RIVER *** [Kd 5h Qh 5s] [4h]
hummbold: checks 
chilli60: checks 
*** SHOW DOWN ***
hummbold: shows [Jh 9h] (a flush, Queen high)
chilli60: mucks hand 
hummbold collected $5.70 from pot
*** SUMMARY ***
Total pot $5.97 | Rake $0.27 
Board [Kd 5h Qh 5s 4h]
Seat 1: Mahu2021 (button) folded on the Flop
Seat 2: Bigbacon510 (small blind) folded before Flop
Seat 3: mexxxy_90 (big blind) folded on the Flop
Seat 4: hummbold showed [Jh 9h] and won ($5.70) with a flush, Queen high
Seat 5: chilli60 mucked [Kc Qc]
Seat 6: ssum1234 folded before Flop (didn't bet)



PokerStars Zoom Hand #255162561558:  Hold'em No Limit ($0.05/$0.10) - 2025/03/06 12:00:56 CET [2025/03/06 6:00:56 ET]
Table 'Aludra' 6-max Seat #1 is the button
Seat 1: Adam<3Coffee ($24.64 in chips) 
Seat 2: mexxxy_90 ($10.15 in chips) 
Seat 3: KianushVo ($17.63 in chips) 
Seat 4: Mahu2021 ($9.60 in chips) 
Seat 5: FosteFaisoado ($25.27 in chips) 
Seat 6: stanke_d ($9.41 in chips) 
mexxxy_90: posts small blind $0.05
KianushVo: posts big blind $0.10
*** HOLE CARDS ***
Dealt to Mahu2021 [As 8c]
Mahu2021: folds 
FosteFaisoado: folds 
stanke_d: folds 
Adam<3Coffee: folds 
mexxxy_90: folds 
Uncalled bet ($0.05) returned to KianushVo
KianushVo collected $0.10 from pot
KianushVo: doesn't show hand 
*** SUMMARY ***
Total pot $0.10 | Rake $0 
Seat 1: Adam<3Coffee (button) folded before Flop (didn't bet)
Seat 2: mexxxy_90 (small blind) folded before Flop
Seat 3: KianushVo (big blind) collected ($0.10)
Seat 4: Mahu2021 folded before Flop (didn't bet)
Seat 5: FosteFaisoado folded before Flop (didn't bet)
Seat 6: stanke_d folded before Flop (didn't bet)



PokerStars Zoom Hand #255162560864:  Hold'em No Limit ($0.05/$0.10) - 2025/03/06 12:00:50 CET [2025/03/06 6:00:50 ET]
Table 'Aludra' 6-max Seat #1 is the button
Seat 1: Netzath ($10 in chips) 
Seat 2: CrazyDizell ($10.88 in chips) 
Seat 3: Vaka89 ($9.42 in chips) 
Seat 4: augtoth ($11.79 in chips) 
Seat 5: Mahu2021 ($9.60 in chips) 
Seat 6: iudicus ($10 in chips) 
CrazyDizell: posts small blind $0.05
Vaka89: posts big blind $0.10
*** HOLE CARDS ***
Dealt to Mahu2021 [9d 3c]
augtoth: raises $0.15 to $0.25
Mahu2021: folds 
iudicus: folds 
Netzath: folds 
CrazyDizell: folds 
Vaka89: folds 
Uncalled bet ($0.15) returned to augtoth
augtoth collected $0.25 from pot
augtoth: doesn't show hand 
*** SUMMARY ***
Total pot $0.25 | Rake $0 
Seat 1: Netzath (button) folded before Flop (didn't bet)
Seat 2: CrazyDizell (small blind) folded before Flop
Seat 3: Vaka89 (big blind) folded before Flop
Seat 4: augtoth collected ($0.25)
Seat 5: Mahu2021 folded before Flop (didn't bet)
Seat 6: iudicus folded before Flop (didn't bet)



PokerStars Zoom Hand #255162559899:  Hold'em No Limit ($0.05/$0.10) - 2025/03/06 12:00:41 CET [2025/03/06 6:00:41 ET]
Table 'Aludra' 6-max Seat #1 is the button
Seat 1: Perstenev ($14.08 in chips) 
Seat 2: Mahu2021 ($9.65 in chips) 
Seat 3: Lim 2589 ($10.73 in chips) 
Seat 4: fargofargo ($7.72 in chips) 
Seat 5: tafarel8 ($11.75 in chips) 
Seat 6: Vaka89 ($9.42 in chips) 
Mahu2021: posts small blind $0.05
Lim 2589: posts big blind $0.10
*** HOLE CARDS ***
Dealt to Mahu2021 [8d Ts]
fargofargo: folds 
tafarel8: folds 
Vaka89: folds 
Perstenev: raises $0.15 to $0.25
Mahu2021: folds 
Lim 2589: folds 
Uncalled bet ($0.15) returned to Perstenev
Perstenev collected $0.25 from pot
Perstenev: doesn't show hand 
*** SUMMARY ***
Total pot $0.25 | Rake $0 
Seat 1: Perstenev (button) collected ($0.25)
Seat 2: Mahu2021 (small blind) folded before Flop
Seat 3: Lim 2589 (big blind) folded before Flop
Seat 4: fargofargo folded before Flop (didn't bet)
Seat 5: tafarel8 folded before Flop (didn't bet)
Seat 6: Vaka89 folded before Flop (didn't bet)



PokerStars Zoom Hand #255162562299:  Hold'em No Limit ($0.05/$0.10) - 2025/03/06 12:01:03 CET [2025/03/06 6:01:03 ET]
Table 'Aludra' 6-max Seat #1 is the button
Seat 1: Strelets.UA ($10 in chips) 
Seat 2: hummbold ($18.36 in chips) 
Seat 3: Mahu2021 ($9.60 in chips) 
Seat 4: karo_wpc ($17.59 in chips) 
Seat 5: iudicus ($10 in chips) 
Seat 6: mexxxy_90 ($10.10 in chips) 
hummbold: posts small blind $0.05
Mahu2021: posts big blind $0.10
*** HOLE CARDS ***
Dealt to Mahu2021 [Qs 4h]
karo_wpc: folds 
iudicus: raises $0.30 to $0.40
mexxxy_90: folds 
Strelets.UA: folds 
hummbold: folds 
Mahu2021: folds 
Uncalled bet ($0.30) returned to iudicus
iudicus collected $0.25 from pot
iudicus: doesn't show hand 
*** SUMMARY ***
Total pot $0.25 | Rake $0 
Seat 1: Strelets.UA (button) folded before Flop (didn't bet)
Seat 2: hummbold (small blind) folded before Flop
Seat 3: Mahu2021 (big blind) folded before Flop
Seat 4: karo_wpc folded before Flop (didn't bet)
Seat 5: iudicus collected ($0.25)
Seat 6: mexxxy_90 folded before Flop (didn't bet)



PokerStars Zoom Hand #255162563940:  Hold'em No Limit ($0.05/$0.10) - 2025/03/06 12:01:18 CET [2025/03/06 6:01:18 ET]
Table 'Aludra' 6-max Seat #1 is the button
Seat 1: Mahu2021 ($9.50 in chips) 
Seat 2: karo_wpc ($17.59 in chips) 
Seat 3: Devans18180 ($9.28 in chips) 
Seat 4: Perstenev ($8.12 in chips) 
Seat 5: stanke_d ($9.31 in chips) 
Seat 6: IVERNMAN ($10.13 in chips) 
karo_wpc: posts small blind $0.05
Devans18180: posts big blind $0.10
*** HOLE CARDS ***
Dealt to Mahu2021 [Td Qd]
Perstenev: folds 
stanke_d: raises $0.20 to $0.30
IVERNMAN: folds 
Mahu2021: calls $0.30
karo_wpc: calls $0.25
Devans18180: folds 
*** FLOP *** [3d 6c Ac]
karo_wpc: checks 
stanke_d: bets $0.48
Mahu2021: folds 
karo_wpc: calls $0.48
*** TURN *** [3d 6c Ac] [Kc]
karo_wpc: checks 
stanke_d: bets $0.94
karo_wpc: folds 
Uncalled bet ($0.94) returned to stanke_d
stanke_d collected $1.87 from pot
stanke_d: doesn't show hand 
*** SUMMARY ***
Total pot $1.96 | Rake $0.09 
Board [3d 6c Ac Kc]
Seat 1: Mahu2021 (button) folded on the Flop
Seat 2: karo_wpc (small blind) folded on the Turn
Seat 3: Devans18180 (big blind) folded before Flop
Seat 4: Perstenev folded before Flop (didn't bet)
Seat 5: stanke_d collected ($1.87)
Seat 6: IVERNMAN folded before Flop (didn't bet)



PokerStars Zoom Hand #255162566308:  Hold'em No Limit ($0.05/$0.10) - 2025/03/06 12:01:39 CET [2025/03/06 6:01:39 ET]
Table 'Aludra' 6-max Seat #1 is the button
Seat 1: arazkhan1802 ($12.96 in chips) 
Seat 2: Mahu2021 ($9.20 in chips) 
Seat 3: vicegoodman ($10 in chips) 
Seat 4: FosteFaisoado ($10 in chips) 
Seat 5: oazizizgut ($10.83 in chips) 
Seat 6: Netzath ($10 in chips) 
Mahu2021: posts small blind $0.05
vicegoodman: posts big blind $0.10
*** HOLE CARDS ***
Dealt to Mahu2021 [4c 3c]
FosteFaisoado: folds 
oazizizgut: folds 
Netzath: folds 
arazkhan1802: folds 
Mahu2021: folds 
Uncalled bet ($0.05) returned to vicegoodman
vicegoodman collected $0.10 from pot
vicegoodman: doesn't show hand 
*** SUMMARY ***
Total pot $0.10 | Rake $0 
Seat 1: arazkhan1802 (button) folded before Flop (didn't bet)
Seat 2: Mahu2021 (small blind) folded before Flop
Seat 3: vicegoodman (big blind) collected ($0.10)
Seat 4: FosteFaisoado folded before Flop (didn't bet)
Seat 5: oazizizgut folded before Flop (didn't bet)
Seat 6: Netzath folded before Flop (didn't bet)



PokerStars Zoom Hand #255162567992:  Hold'em No Limit ($0.05/$0.10) - 2025/03/06 12:01:54 CET [2025/03/06 6:01:54 ET]
Table 'Aludra' 6-max Seat #1 is the button
Seat 1: FosteFaisoado ($19.49 in chips) 
Seat 2: Lim 2589 ($10.05 in chips) 
Seat 3: IVERNMAN ($12.91 in chips) 
Seat 4: justmuck343 ($6.51 in chips) 
Seat 5: Mahu2021 ($9.15 in chips) 
Seat 6: 00Joe76 ($6.03 in chips) 
Lim 2589: posts small blind $0.05
IVERNMAN: posts big blind $0.10
*** HOLE CARDS ***
Dealt to Mahu2021 [4d Kh]
justmuck343: raises $0.20 to $0.30
Mahu2021: folds 
00Joe76: folds 
FosteFaisoado: folds 
Lim 2589: folds 
IVERNMAN: folds 
Uncalled bet ($0.20) returned to justmuck343
justmuck343 collected $0.25 from pot
justmuck343: doesn't show hand 
*** SUMMARY ***
Total pot $0.25 | Rake $0 
Seat 1: FosteFaisoado (button) folded before Flop (didn't bet)
Seat 2: Lim 2589 (small blind) folded before Flop
Seat 3: IVERNMAN (big blind) folded before Flop
Seat 4: justmuck343 collected ($0.25)
Seat 5: Mahu2021 folded before Flop (didn't bet)
Seat 6: 00Joe76 folded before Flop (didn't bet)



PokerStars Zoom Hand #255162568471:  Hold'em No Limit ($0.05/$0.10) - 2025/03/06 12:01:58 CET [2025/03/06 6:01:58 ET]
Table 'Aludra' 6-max Seat #1 is the button
Seat 1: P1ntail ($12.75 in chips) 
Seat 2: chilli60 ($10.68 in chips) 
Seat 3: Mahu2021 ($9.15 in chips) 
Seat 4: Robertrby73 ($8.95 in chips) 
Seat 5: karo_wpc ($16.81 in chips) 
Seat 6: augtoth ($10 in chips) 
chilli60: posts small blind $0.05
Mahu2021: posts big blind $0.10
*** HOLE CARDS ***
Dealt to Mahu2021 [6s 5h]
Robertrby73: calls $0.10
karo_wpc: folds 
augtoth: folds 
P1ntail: folds 
chilli60: folds 
Mahu2021: checks 
*** FLOP *** [4s Td Ac]
Mahu2021: checks 
Robertrby73: bets $0.20
Mahu2021: folds 
Uncalled bet ($0.20) returned to Robertrby73
Robertrby73 collected $0.24 from pot
Robertrby73: doesn't show hand 
*** SUMMARY ***
Total pot $0.25 | Rake $0.01 
Board [4s Td Ac]
Seat 1: P1ntail (button) folded before Flop (didn't bet)
Seat 2: chilli60 (small blind) folded before Flop
Seat 3: Mahu2021 (big blind) folded on the Flop
Seat 4: Robertrby73 collected ($0.24)
Seat 5: karo_wpc folded before Flop (didn't bet)
Seat 6: augtoth folded before Flop (didn't bet)



PokerStars Zoom Hand #255162567492:  Hold'em No Limit ($0.05/$0.10) - 2025/03/06 12:01:50 CET [2025/03/06 6:01:50 ET]
Table 'Aludra' 6-max Seat #1 is the button
Seat 1: justmuck343 ($6.51 in chips) 
Seat 2: Netzath ($10 in chips) 
Seat 3: Perstenev ($18.11 in chips) 
Seat 4: mexxxy_90 ($10.15 in chips) 
Seat 5: tafarel8 ($11.75 in chips) 
Seat 6: Mahu2021 ($9.15 in chips) 
Netzath: posts small blind $0.05
Perstenev: posts big blind $0.10
*** HOLE CARDS ***
Dealt to Mahu2021 [6c Js]
mexxxy_90: folds 
tafarel8: raises $0.15 to $0.25
Mahu2021: folds 
justmuck343: folds 
Netzath: folds 
Perstenev: calls $0.15
*** FLOP *** [Qh 6h Ac]
Perstenev: checks 
tafarel8: bets $0.17
Perstenev: folds 
Uncalled bet ($0.17) returned to tafarel8
tafarel8 collected $0.53 from pot
tafarel8: doesn't show hand 
*** SUMMARY ***
Total pot $0.55 | Rake $0.02 
Board [Qh 6h Ac]
Seat 1: justmuck343 (button) folded before Flop (didn't bet)
Seat 2: Netzath (small blind) folded before Flop
Seat 3: Perstenev (big blind) folded on the Flop
Seat 4: mexxxy_90 folded before Flop (didn't bet)
Seat 5: tafarel8 collected ($0.53)
Seat 6: Mahu2021 folded before Flop (didn't bet)



PokerStars Zoom Hand #255162561912:  Hold'em No Limit ($0.05/$0.10) - 2025/03/06 12:01:00 CET [2025/03/06 6:01:00 ET]
Table 'Aludra' 6-max Seat #1 is the button
Seat 1: P1ntail ($13.10 in chips) 
Seat 2: franz Z750 ($11.25 in chips) 
Seat 3: ariss1994 ($10 in chips) 
Seat 4: Mahu2021 ($9.60 in chips) 
Seat 5: Georg006830 ($7.39 in chips) 
Seat 6: IVERNMAN ($10 in chips) 
franz Z750: posts small blind $0.05
ariss1994: posts big blind $0.10
*** HOLE CARDS ***
Dealt to Mahu2021 [Td 4h]
Mahu2021: folds 
Georg006830: folds 
IVERNMAN: folds 
P1ntail: raises $0.15 to $0.25
franz Z750: raises $0.85 to $1.10
ariss1994: calls $1
P1ntail: folds 
*** FLOP *** [Ac 3h 8d]
franz Z750: bets $0.78
ariss1994: calls $0.78
*** TURN *** [Ac 3h 8d] [9h]
franz Z750: bets $2.30
ariss1994: calls $2.30
*** RIVER *** [Ac 3h 8d 9h] [8s]
franz Z750: checks 
ariss1994: bets $5.82 and is all-in
franz Z750: folds 
Uncalled bet ($5.82) returned to ariss1994
ariss1994 collected $8.22 from pot
ariss1994: doesn't show hand 
*** SUMMARY ***
Total pot $8.61 | Rake $0.39 
Board [Ac 3h 8d 9h 8s]
Seat 1: P1ntail (button) folded before Flop
Seat 2: franz Z750 (small blind) folded on the River
Seat 3: ariss1994 (big blind) collected ($8.22)
Seat 4: Mahu2021 folded before Flop (didn't bet)
Seat 5: Georg006830 folded before Flop (didn't bet)
Seat 6: IVERNMAN folded before Flop (didn't bet)



PokerStars Zoom Hand #255162570782:  Hold'em No Limit ($0.05/$0.10) - 2025/03/06 12:02:18 CET [2025/03/06 6:02:18 ET]
Table 'Aludra' 6-max Seat #1 is the button
Seat 1: SownedxD ($18.89 in chips) 
Seat 2: Mahu2021 ($9.05 in chips) 
Seat 3: nicholas kenny ($8.56 in chips) 
Seat 4: FosteFaisoado ($10 in chips) 
Seat 5: augtoth ($11.14 in chips) 
Seat 6: Lim 2589 ($10 in chips) 
Mahu2021: posts small blind $0.05
nicholas kenny: posts big blind $0.10
*** HOLE CARDS ***
Dealt to Mahu2021 [Jc 8d]
FosteFaisoado: raises $0.20 to $0.30
augtoth: folds 
Lim 2589: folds 
SownedxD: calls $0.30
Mahu2021: calls $0.25
nicholas kenny: folds 
*** FLOP *** [2s 5d 3c]
Mahu2021: checks 
FosteFaisoado: checks 
SownedxD: checks 
*** TURN *** [2s 5d 3c] [Kc]
Mahu2021: checks 
FosteFaisoado: checks 
SownedxD: bets $0.39
Mahu2021: folds 
FosteFaisoado: folds 
Uncalled bet ($0.39) returned to SownedxD
SownedxD collected $0.96 from pot
SownedxD: doesn't show hand 
*** SUMMARY ***
Total pot $1 | Rake $0.04 
Board [2s 5d 3c Kc]
Seat 1: SownedxD (button) collected ($0.96)
Seat 2: Mahu2021 (small blind) folded on the Turn
Seat 3: nicholas kenny (big blind) folded before Flop
Seat 4: FosteFaisoado folded on the Turn
Seat 5: augtoth folded before Flop (didn't bet)
Seat 6: Lim 2589 folded before Flop (didn't bet)



PokerStars Zoom Hand #255162570334:  Hold'em No Limit ($0.05/$0.10) - 2025/03/06 12:02:14 CET [2025/03/06 6:02:14 ET]
Table 'Aludra' 6-max Seat #1 is the button
Seat 1: Mahu2021 ($9.05 in chips) 
Seat 2: SownedxD ($18.94 in chips) 
Seat 3: vicegoodman ($10.04 in chips) 
Seat 4: JICC632 ($10 in chips) 
Seat 5: Winik810 ($10 in chips) 
Seat 6: nicholas kenny ($8.56 in chips) 
SownedxD: posts small blind $0.05
vicegoodman: posts big blind $0.10
*** HOLE CARDS ***
Dealt to Mahu2021 [6c 4d]
JICC632: raises $0.10 to $0.20
Winik810: folds 
nicholas kenny: folds 
Mahu2021: folds 
SownedxD: folds 
vicegoodman: calls $0.10
*** FLOP *** [Kh Kc 4s]
vicegoodman: checks 
JICC632: bets $0.13
vicegoodman: raises $0.21 to $0.34
JICC632: calls $0.21
*** TURN *** [Kh Kc 4s] [8d]
vicegoodman: checks 
JICC632: bets $0.54
vicegoodman: folds 
Uncalled bet ($0.54) returned to JICC632
JICC632 collected $1.08 from pot
JICC632: doesn't show hand 
*** SUMMARY ***
Total pot $1.13 | Rake $0.05 
Board [Kh Kc 4s 8d]
Seat 1: Mahu2021 (button) folded before Flop (didn't bet)
Seat 2: SownedxD (small blind) folded before Flop
Seat 3: vicegoodman (big blind) folded on the Turn
Seat 4: JICC632 collected ($1.08)
Seat 5: Winik810 folded before Flop (didn't bet)
Seat 6: nicholas kenny folded before Flop (didn't bet)



PokerStars Zoom Hand #255162574218:  Hold'em No Limit ($0.05/$0.10) - 2025/03/06 12:02:48 CET [2025/03/06 6:02:48 ET]
Table 'Aludra' 6-max Seat #1 is the button
Seat 1: TOATOAPABOYZ ($9.47 in chips) 
Seat 2: IVERNMAN ($14.73 in chips) 
Seat 3: augtoth ($10 in chips) 
Seat 4: Footraiser ($19.45 in chips) 
Seat 5: FosteFaisoado ($10 in chips) 
Seat 6: Mahu2021 ($8.75 in chips) 
IVERNMAN: posts small blind $0.05
augtoth: posts big blind $0.10
*** HOLE CARDS ***
Dealt to Mahu2021 [4c 4s]
Footraiser: folds 
FosteFaisoado: folds 
Mahu2021: raises $0.14 to $0.24
TOATOAPABOYZ: folds 
IVERNMAN: folds 
augtoth: folds 
Uncalled bet ($0.14) returned to Mahu2021
Mahu2021 collected $0.25 from pot
Mahu2021: doesn't show hand 
*** SUMMARY ***
Total pot $0.25 | Rake $0 
Seat 1: TOATOAPABOYZ (button) folded before Flop (didn't bet)
Seat 2: IVERNMAN (small blind) folded before Flop
Seat 3: augtoth (big blind) folded before Flop
Seat 4: Footraiser folded before Flop (didn't bet)
Seat 5: FosteFaisoado folded before Flop (didn't bet)
Seat 6: Mahu2021 collected ($0.25)



PokerStars Zoom Hand #255162576201:  Hold'em No Limit ($0.05/$0.10) - 2025/03/06 12:03:05 CET [2025/03/06 6:03:05 ET]
Table 'Aludra' 6-max Seat #1 is the button
Seat 1: augtoth ($10 in chips) 
Seat 2: Vaka89 ($9.51 in chips) 
Seat 3: Mumm85 ($28.88 in chips) 
Seat 4: Georg006830 ($7.41 in chips) 
Seat 5: Mahu2021 ($8.90 in chips) 
Seat 6: Bur1k ($5.28 in chips) 
Vaka89: posts small blind $0.05
Mumm85: posts big blind $0.10
*** HOLE CARDS ***
Dealt to Mahu2021 [7s 6h]
Georg006830: folds 
Mahu2021: folds 
Bur1k: raises $0.15 to $0.25
augtoth: folds 
Vaka89: folds 
Mumm85: folds 
Uncalled bet ($0.15) returned to Bur1k
Bur1k collected $0.25 from pot
Bur1k: doesn't show hand 
*** SUMMARY ***
Total pot $0.25 | Rake $0 
Seat 1: augtoth (button) folded before Flop (didn't bet)
Seat 2: Vaka89 (small blind) folded before Flop
Seat 3: Mumm85 (big blind) folded before Flop
Seat 4: Georg006830 folded before Flop (didn't bet)
Seat 5: Mahu2021 folded before Flop (didn't bet)
Seat 6: Bur1k collected ($0.25)



PokerStars Zoom Hand #255162577289:  Hold'em No Limit ($0.05/$0.10) - 2025/03/06 12:03:15 CET [2025/03/06 6:03:15 ET]
Table 'Aludra' 6-max Seat #1 is the button
Seat 1: Mahu2021 ($8.90 in chips) 
Seat 2: FosteFaisoado ($23.95 in chips) 
Seat 3: CrazyDizell ($10.78 in chips) 
Seat 4: vicegoodman ($10 in chips) 
Seat 5: Calvis_lol ($10 in chips) 
Seat 6: MrCangrejoTh ($16.27 in chips) 
FosteFaisoado: posts small blind $0.05
CrazyDizell: posts big blind $0.10
*** HOLE CARDS ***
Dealt to Mahu2021 [Td 5d]
vicegoodman: folds 
Calvis_lol: raises $0.10 to $0.20
MrCangrejoTh: folds 
Mahu2021: folds 
FosteFaisoado: folds 
CrazyDizell: folds 
Uncalled bet ($0.10) returned to Calvis_lol
Calvis_lol collected $0.25 from pot
Calvis_lol: doesn't show hand 
*** SUMMARY ***
Total pot $0.25 | Rake $0 
Seat 1: Mahu2021 (button) folded before Flop (didn't bet)
Seat 2: FosteFaisoado (small blind) folded before Flop
Seat 3: CrazyDizell (big blind) folded before Flop
Seat 4: vicegoodman folded before Flop (didn't bet)
Seat 5: Calvis_lol collected ($0.25)
Seat 6: MrCangrejoTh folded before Flop (didn't bet)



PokerStars Zoom Hand #255162576860:  Hold'em No Limit ($0.05/$0.10) - 2025/03/06 12:03:11 CET [2025/03/06 6:03:11 ET]
Table 'Aludra' 6-max Seat #1 is the button
Seat 1: Yash1ch ($10.07 in chips) 
Seat 2: arazkhan1802 ($13.34 in chips) 
Seat 3: IVERNMAN ($14.68 in chips) 
Seat 4: Mahu2021 ($8.90 in chips) 
Seat 5: vicegoodman ($10 in chips) 
Seat 6: tafarel8 ($11.23 in chips) 
arazkhan1802: posts small blind $0.05
IVERNMAN: posts big blind $0.10
*** HOLE CARDS ***
Dealt to Mahu2021 [Js 3h]
Mahu2021: folds 
vicegoodman: folds 
tafarel8: folds 
Yash1ch: folds 
arazkhan1802: folds 
Uncalled bet ($0.05) returned to IVERNMAN
IVERNMAN collected $0.10 from pot
IVERNMAN: doesn't show hand 
*** SUMMARY ***
Total pot $0.10 | Rake $0 
Seat 1: Yash1ch (button) folded before Flop (didn't bet)
Seat 2: arazkhan1802 (small blind) folded before Flop
Seat 3: IVERNMAN (big blind) collected ($0.10)
Seat 4: Mahu2021 folded before Flop (didn't bet)
Seat 5: vicegoodman folded before Flop (didn't bet)
Seat 6: tafarel8 folded before Flop (didn't bet)



PokerStars Zoom Hand #255162577825:  Hold'em No Limit ($0.05/$0.10) - 2025/03/06 12:03:20 CET [2025/03/06 6:03:20 ET]
Table 'Aludra' 6-max Seat #1 is the button
Seat 1: Netzath ($10 in chips) 
Seat 2: Yash1ch ($10.07 in chips) 
Seat 3: Mahu2021 ($8.90 in chips) 
Seat 4: Vaka89 ($9.36 in chips) 
Seat 5: arazkhan1802 ($13.29 in chips) 
Seat 6: franz Z750 ($23 in chips) 
Yash1ch: posts small blind $0.05
Mahu2021: posts big blind $0.10
*** HOLE CARDS ***
Dealt to Mahu2021 [Tc Th]
Vaka89: folds 
arazkhan1802: folds 
franz Z750: folds 
Netzath: folds 
Yash1ch: folds 
Uncalled bet ($0.05) returned to Mahu2021
Mahu2021 collected $0.10 from pot
Mahu2021: doesn't show hand 
*** SUMMARY ***
Total pot $0.10 | Rake $0 
Seat 1: Netzath (button) folded before Flop (didn't bet)
Seat 2: Yash1ch (small blind) folded before Flop
Seat 3: Mahu2021 (big blind) collected ($0.10)
Seat 4: Vaka89 folded before Flop (didn't bet)
Seat 5: arazkhan1802 folded before Flop (didn't bet)
Seat 6: franz Z750 folded before Flop (didn't bet)



PokerStars Zoom Hand #255162579457:  Hold'em No Limit ($0.05/$0.10) - 2025/03/06 12:03:34 CET [2025/03/06 6:03:34 ET]
Table 'Aludra' 6-max Seat #1 is the button
Seat 1: pougia777 ($12.83 in chips) 
Seat 2: Mahu2021 ($8.95 in chips) 
Seat 3: Devans18180 ($8.87 in chips) 
Seat 4: SownedxD ($18.45 in chips) 
Seat 5: Lim 2589 ($13.56 in chips) 
Seat 6: CrazyDizell ($10.68 in chips) 
Mahu2021: posts small blind $0.05
Devans18180: posts big blind $0.10
*** HOLE CARDS ***
Dealt to Mahu2021 [2c 7d]
SownedxD: folds 
Lim 2589: folds 
CrazyDizell: folds 
pougia777: raises $0.20 to $0.30
Mahu2021: folds 
Devans18180: folds 
Uncalled bet ($0.20) returned to pougia777
pougia777 collected $0.25 from pot
pougia777: doesn't show hand 
*** SUMMARY ***
Total pot $0.25 | Rake $0 
Seat 1: pougia777 (button) collected ($0.25)
Seat 2: Mahu2021 (small blind) folded before Flop
Seat 3: Devans18180 (big blind) folded before Flop
Seat 4: SownedxD folded before Flop (didn't bet)
Seat 5: Lim 2589 folded before Flop (didn't bet)
Seat 6: CrazyDizell folded before Flop (didn't bet)



PokerStars Zoom Hand #255162579944:  Hold'em No Limit ($0.05/$0.10) - 2025/03/06 12:03:38 CET [2025/03/06 6:03:38 ET]
Table 'Aludra' 6-max Seat #1 is the button
Seat 1: augtoth ($10.34 in chips) 
Seat 2: gopropokst. ($14.81 in chips) 
Seat 3: hummbold ($12.05 in chips) 
Seat 4: Yash1ch ($13.35 in chips) 
Seat 5: Mahu2021 ($8.90 in chips) 
Seat 6: ssum1234 ($19.42 in chips) 
gopropokst.: posts small blind $0.05
hummbold: posts big blind $0.10
*** HOLE CARDS ***
Dealt to Mahu2021 [Jc Ad]
Yash1ch: folds 
Mahu2021: raises $0.14 to $0.24
ssum1234: folds 
augtoth: folds 
gopropokst.: folds 
hummbold: raises $1.01 to $1.25
Mahu2021: folds 
Uncalled bet ($1.01) returned to hummbold
hummbold collected $0.53 from pot
hummbold: doesn't show hand 
*** SUMMARY ***
Total pot $0.53 | Rake $0 
Seat 1: augtoth (button) folded before Flop (didn't bet)
Seat 2: gopropokst. (small blind) folded before Flop
Seat 3: hummbold (big blind) collected ($0.53)
Seat 4: Yash1ch folded before Flop (didn't bet)
Seat 5: Mahu2021 folded before Flop
Seat 6: ssum1234 folded before Flop (didn't bet)



PokerStars Zoom Hand #255162583400:  Hold'em No Limit ($0.05/$0.10) - 2025/03/06 12:04:09 CET [2025/03/06 6:04:09 ET]
Table 'Aludra' 6-max Seat #1 is the button
Seat 1: nicholas kenny ($6.81 in chips) 
Seat 2: hummbold ($25.13 in chips) 
Seat 3: pcsk8 ($13.41 in chips) 
Seat 4: Mahu2021 ($8.66 in chips) 
Seat 5: ratchadan ($10.38 in chips) 
Seat 6: Calvis_lol ($10 in chips) 
hummbold: posts small blind $0.05
pcsk8: posts big blind $0.10
*** HOLE CARDS ***
Dealt to Mahu2021 [Ac 9d]
Mahu2021: folds 
ratchadan: folds 
Calvis_lol: folds 
nicholas kenny: folds 
hummbold: folds 
Uncalled bet ($0.05) returned to pcsk8
pcsk8 collected $0.10 from pot
pcsk8: doesn't show hand 
*** SUMMARY ***
Total pot $0.10 | Rake $0 
Seat 1: nicholas kenny (button) folded before Flop (didn't bet)
Seat 2: hummbold (small blind) folded before Flop
Seat 3: pcsk8 (big blind) collected ($0.10)
Seat 4: Mahu2021 folded before Flop (didn't bet)
Seat 5: ratchadan folded before Flop (didn't bet)
Seat 6: Calvis_lol folded before Flop (didn't bet)



PokerStars Zoom Hand #255162584502:  Hold'em No Limit ($0.05/$0.10) - 2025/03/06 12:04:18 CET [2025/03/06 6:04:18 ET]
Table 'Aludra' 6-max Seat #1 is the button
Seat 1: Bur1k ($5 in chips) 
Seat 2: Mahu2021 ($8.66 in chips) 
Seat 3: ratchadan ($10.38 in chips) 
Seat 4: vicegoodman ($10 in chips) 
Seat 5: pcsk8 ($44.96 in chips) 
Seat 6: hummbold ($12.34 in chips) 
Mahu2021: posts small blind $0.05
ratchadan: posts big blind $0.10
*** HOLE CARDS ***
Dealt to Mahu2021 [5d Qs]
vicegoodman: folds 
pcsk8: folds 
hummbold: folds 
Bur1k: folds 
Mahu2021: folds 
Uncalled bet ($0.05) returned to ratchadan
ratchadan collected $0.10 from pot
ratchadan: doesn't show hand 
*** SUMMARY ***
Total pot $0.10 | Rake $0 
Seat 1: Bur1k (button) folded before Flop (didn't bet)
Seat 2: Mahu2021 (small blind) folded before Flop
Seat 3: ratchadan (big blind) collected ($0.10)
Seat 4: vicegoodman folded before Flop (didn't bet)
Seat 5: pcsk8 folded before Flop (didn't bet)
Seat 6: hummbold folded before Flop (didn't bet)



PokerStars Zoom Hand #255162584074:  Hold'em No Limit ($0.05/$0.10) - 2025/03/06 12:04:15 CET [2025/03/06 6:04:15 ET]
Table 'Aludra' 6-max Seat #1 is the button
Seat 1: Netzath ($10.78 in chips) 
Seat 2: franz Z750 ($22.40 in chips) 
Seat 3: IVERNMAN ($15.88 in chips) 
Seat 4: Mahu2021 ($8.66 in chips) 
Seat 5: Goumios ($9.96 in chips) 
Seat 6: vicegoodman ($10 in chips) 
franz Z750: posts small blind $0.05
IVERNMAN: posts big blind $0.10
*** HOLE CARDS ***
Dealt to Mahu2021 [Qh 7s]
Mahu2021: folds 
Goumios: folds 
vicegoodman: folds 
Netzath: folds 
franz Z750: raises $0.20 to $0.30
IVERNMAN: calls $0.20
*** FLOP *** [3c 9c Ks]
franz Z750: bets $0.19
IVERNMAN: calls $0.19
*** TURN *** [3c 9c Ks] [Js]
franz Z750: bets $0.60
IVERNMAN: raises $1.07 to $1.67
franz Z750: folds 
Uncalled bet ($1.07) returned to IVERNMAN
IVERNMAN collected $2.08 from pot
IVERNMAN: doesn't show hand 
*** SUMMARY ***
Total pot $2.18 | Rake $0.10 
Board [3c 9c Ks Js]
Seat 1: Netzath (button) folded before Flop (didn't bet)
Seat 2: franz Z750 (small blind) folded on the Turn
Seat 3: IVERNMAN (big blind) collected ($2.08)
Seat 4: Mahu2021 folded before Flop (didn't bet)
Seat 5: Goumios folded before Flop (didn't bet)
Seat 6: vicegoodman folded before Flop (didn't bet)



PokerStars Zoom Hand #255162585025:  Hold'em No Limit ($0.05/$0.10) - 2025/03/06 12:04:23 CET [2025/03/06 6:04:23 ET]
Table 'Aludra' 6-max Seat #1 is the button
Seat 1: pcsk8 ($13.46 in chips) 
Seat 2: stanke_d ($9.84 in chips) 
Seat 3: Mahu2021 ($8.61 in chips) 
Seat 4: Netzath ($10 in chips) 
Seat 5: kimmand ($6.59 in chips) 
Seat 6: Calvis_lol ($10 in chips) 
stanke_d: posts small blind $0.05
Mahu2021: posts big blind $0.10
*** HOLE CARDS ***
Dealt to Mahu2021 [6d Ac]
Netzath: folds 
kimmand: calls $0.10
Calvis_lol: folds 
pcsk8: folds 
stanke_d: folds 
Mahu2021: checks 
*** FLOP *** [Qc Qs 7d]
Mahu2021: checks 
kimmand: checks 
*** TURN *** [Qc Qs 7d] [Kc]
Mahu2021: checks 
kimmand: checks 
*** RIVER *** [Qc Qs 7d Kc] [5s]
Mahu2021: bets $0.10
kimmand: calls $0.10
*** SHOW DOWN ***
Mahu2021: shows [6d Ac] (a pair of Queens)
kimmand: shows [Kh Jd] (two pair, Kings and Queens)
kimmand collected $0.43 from pot
*** SUMMARY ***
Total pot $0.45 | Rake $0.02 
Board [Qc Qs 7d Kc 5s]
Seat 1: pcsk8 (button) folded before Flop (didn't bet)
Seat 2: stanke_d (small blind) folded before Flop
Seat 3: Mahu2021 (big blind) showed [6d Ac] and lost with a pair of Queens
Seat 4: Netzath folded before Flop (didn't bet)
Seat 5: kimmand showed [Kh Jd] and won ($0.43) with two pair, Kings and Queens
Seat 6: Calvis_lol folded before Flop (didn't bet)



PokerStars Zoom Hand #255162591922:  Hold'em No Limit ($0.05/$0.10) - 2025/03/06 12:05:23 CET [2025/03/06 6:05:23 ET]
Table 'Aludra' 6-max Seat #1 is the button
Seat 1: Netzath ($10.78 in chips) 
Seat 2: Strelets.UA ($10.60 in chips) 
Seat 3: augtoth ($10 in chips) 
Seat 4: Mahu2021 ($8.41 in chips) 
Seat 5: gena60 ($10 in chips) 
Seat 6: chilli60 ($7.87 in chips) 
Strelets.UA: posts small blind $0.05
augtoth: posts big blind $0.10
*** HOLE CARDS ***
Dealt to Mahu2021 [Jh Qc]
Mahu2021: raises $0.14 to $0.24
gena60: folds 
chilli60: folds 
Netzath: folds 
Strelets.UA: folds 
augtoth: folds 
Uncalled bet ($0.14) returned to Mahu2021
Mahu2021 collected $0.25 from pot
Mahu2021: doesn't show hand 
*** SUMMARY ***
Total pot $0.25 | Rake $0 
Seat 1: Netzath (button) folded before Flop (didn't bet)
Seat 2: Strelets.UA (small blind) folded before Flop
Seat 3: augtoth (big blind) folded before Flop
Seat 4: Mahu2021 collected ($0.25)
Seat 5: gena60 folded before Flop (didn't bet)
Seat 6: chilli60 folded before Flop (didn't bet)



PokerStars Zoom Hand #255162590327:  Hold'em No Limit ($0.05/$0.10) - 2025/03/06 12:05:09 CET [2025/03/06 6:05:09 ET]
Table 'Aludra' 6-max Seat #1 is the button
Seat 1: IVERNMAN ($10 in chips) 
Seat 2: arazkhan1802 ($11.10 in chips) 
Seat 3: FosteFaisoado ($10 in chips) 
Seat 4: iudicus ($10 in chips) 
Seat 5: chilli60 ($8.93 in chips) 
Seat 6: Mahu2021 ($8.41 in chips) 
arazkhan1802: posts small blind $0.05
FosteFaisoado: posts big blind $0.10
*** HOLE CARDS ***
Dealt to Mahu2021 [Ah 6s]
iudicus: folds 
chilli60: raises $0.20 to $0.30
Mahu2021: folds 
IVERNMAN: folds 
arazkhan1802: folds 
FosteFaisoado: calls $0.20
*** FLOP *** [As Kc 3d]
FosteFaisoado: checks 
chilli60: checks 
*** TURN *** [As Kc 3d] [6d]
FosteFaisoado: checks 
chilli60: checks 
*** RIVER *** [As Kc 3d 6d] [Qh]
FosteFaisoado: checks 
chilli60: bets $0.31
FosteFaisoado: folds 
Uncalled bet ($0.31) returned to chilli60
chilli60 collected $0.62 from pot
chilli60: doesn't show hand 
*** SUMMARY ***
Total pot $0.65 | Rake $0.03 
Board [As Kc 3d 6d Qh]
Seat 1: IVERNMAN (button) folded before Flop (didn't bet)
Seat 2: arazkhan1802 (small blind) folded before Flop
Seat 3: FosteFaisoado (big blind) folded on the River
Seat 4: iudicus folded before Flop (didn't bet)
Seat 5: chilli60 collected ($0.62)
Seat 6: Mahu2021 folded before Flop (didn't bet)



PokerStars Zoom Hand #255162589492:  Hold'em No Limit ($0.05/$0.10) - 2025/03/06 12:05:01 CET [2025/03/06 6:05:01 ET]
Table 'Aludra' 6-max Seat #1 is the button
Seat 1: Mahu2021 ($8.41 in chips) 
Seat 2: kimmand ($6.82 in chips) 
Seat 3: Robertwao ($11.89 in chips) 
Seat 4: ratchadan ($10.13 in chips) 
Seat 5: hummbold ($12.59 in chips) 
Seat 6: Netzath ($12.05 in chips) 
kimmand: posts small blind $0.05
Robertwao: posts big blind $0.10
*** HOLE CARDS ***
Dealt to Mahu2021 [Td 8c]
ratchadan: folds 
hummbold: folds 
Netzath: folds 
Mahu2021: folds 
kimmand: calls $0.05
Robertwao: raises $0.30 to $0.40
kimmand: calls $0.30
*** FLOP *** [Jc 5d 4d]
kimmand: checks 
Robertwao: checks 
*** TURN *** [Jc 5d 4d] [Ks]
kimmand: checks 
Robertwao: bets $0.40
kimmand: folds 
Uncalled bet ($0.40) returned to Robertwao
Robertwao collected $0.76 from pot
Robertwao: doesn't show hand 
*** SUMMARY ***
Total pot $0.80 | Rake $0.04 
Board [Jc 5d 4d Ks]
Seat 1: Mahu2021 (button) folded before Flop (didn't bet)
Seat 2: kimmand (small blind) folded on the Turn
Seat 3: Robertwao (big blind) collected ($0.76)
Seat 4: ratchadan folded before Flop (didn't bet)
Seat 5: hummbold folded before Flop (didn't bet)
Seat 6: Netzath folded before Flop (didn't bet)



PokerStars Zoom Hand #255162593178:  Hold'em No Limit ($0.05/$0.10) - 2025/03/06 12:05:34 CET [2025/03/06 6:05:34 ET]
Table 'Aludra' 6-max Seat #1 is the button
Seat 1: IVERNMAN ($13.70 in chips) 
Seat 2: 00Joe76 ($5.48 in chips) 
Seat 3: Mahu2021 ($8.56 in chips) 
Seat 4: vicegoodman ($10 in chips) 
Seat 5: timonphantom ($6.17 in chips) 
Seat 6: Calvis_lol ($10 in chips) 
00Joe76: posts small blind $0.05
Mahu2021: posts big blind $0.10
*** HOLE CARDS ***
Dealt to Mahu2021 [Ac Ah]
vicegoodman: raises $0.12 to $0.22
timonphantom: folds 
Calvis_lol: folds 
IVERNMAN: folds 
00Joe76: folds 
Mahu2021: raises $8.34 to $8.56 and is all-in
vicegoodman: folds 
Uncalled bet ($8.34) returned to Mahu2021
Mahu2021 collected $0.49 from pot
Mahu2021: doesn't show hand 
*** SUMMARY ***
Total pot $0.49 | Rake $0 
Seat 1: IVERNMAN (button) folded before Flop (didn't bet)
Seat 2: 00Joe76 (small blind) folded before Flop
Seat 3: Mahu2021 (big blind) collected ($0.49)
Seat 4: vicegoodman folded before Flop
Seat 5: timonphantom folded before Flop (didn't bet)
Seat 6: Calvis_lol folded before Flop (didn't bet)



PokerStars Zoom Hand #255162597377:  Hold'em No Limit ($0.05/$0.10) - 2025/03/06 12:06:11 CET [2025/03/06 6:06:11 ET]
Table 'Aludra' 6-max Seat #1 is the button
Seat 1: Mahu2021 ($8.78 in chips) 
Seat 2: numbergirl27 ($10 in chips) 
Seat 3: KundenDdienst ($9.55 in chips) 
Seat 4: FosteFaisoado ($10.15 in chips) 
Seat 5: vicegoodman ($10 in chips) 
Seat 6: ratchadan ($9.31 in chips) 
numbergirl27: posts small blind $0.05
KundenDdienst: posts big blind $0.10
*** HOLE CARDS ***
Dealt to Mahu2021 [2d 4h]
FosteFaisoado: folds 
vicegoodman: folds 
ratchadan: folds 
Mahu2021: folds 
numbergirl27: raises $0.20 to $0.30
KundenDdienst: folds 
Uncalled bet ($0.20) returned to numbergirl27
numbergirl27 collected $0.20 from pot
numbergirl27: doesn't show hand 
*** SUMMARY ***
Total pot $0.20 | Rake $0 
Seat 1: Mahu2021 (button) folded before Flop (didn't bet)
Seat 2: numbergirl27 (small blind) collected ($0.20)
Seat 3: KundenDdienst (big blind) folded before Flop
Seat 4: FosteFaisoado folded before Flop (didn't bet)
Seat 5: vicegoodman folded before Flop (didn't bet)
Seat 6: ratchadan folded before Flop (didn't bet)



PokerStars Zoom Hand #255162590860:  Hold'em No Limit ($0.05/$0.10) - 2025/03/06 12:05:14 CET [2025/03/06 6:05:14 ET]
Table 'Aludra' 6-max Seat #1 is the button
Seat 1: Vaka89 ($9.21 in chips) 
Seat 2: Netzath ($11.92 in chips) 
Seat 3: iudicus ($10 in chips) 
Seat 4: ghanisha ($16.07 in chips) 
Seat 5: Mahu2021 ($8.41 in chips) 
Seat 6: Bur1k ($5 in chips) 
Netzath: posts small blind $0.05
iudicus: posts big blind $0.10
*** HOLE CARDS ***
Dealt to Mahu2021 [2h 7s]
ghanisha: raises $0.20 to $0.30
Mahu2021: folds 
Bur1k: folds 
Vaka89: calls $0.30
Netzath: folds 
iudicus: folds 
*** FLOP *** [Jc 8h Th]
ghanisha: bets $0.36
Vaka89: raises $0.64 to $1
ghanisha: calls $0.64
*** TURN *** [Jc 8h Th] [Jh]
ghanisha: checks 
Vaka89: bets $1.90
ghanisha: folds 
Uncalled bet ($1.90) returned to Vaka89
Vaka89 collected $2.63 from pot
Vaka89: doesn't show hand 
*** SUMMARY ***
Total pot $2.75 | Rake $0.12 
Board [Jc 8h Th Jh]
Seat 1: Vaka89 (button) collected ($2.63)
Seat 2: Netzath (small blind) folded before Flop
Seat 3: iudicus (big blind) folded before Flop
Seat 4: ghanisha folded on the Turn
Seat 5: Mahu2021 folded before Flop (didn't bet)
Seat 6: Bur1k folded before Flop (didn't bet)



PokerStars Zoom Hand #255162591463:  Hold'em No Limit ($0.05/$0.10) - 2025/03/06 12:05:19 CET [2025/03/06 6:05:19 ET]
Table 'Aludra' 6-max Seat #1 is the button
Seat 1: MarkDontTrust ($10 in chips) 
Seat 2: Cyborg_0113 ($10.25 in chips) 
Seat 3: arazkhan1802 ($11.05 in chips) 
Seat 4: Calvis_lol ($12.95 in chips) 
Seat 5: tafarel8 ($11.43 in chips) 
Seat 6: Mahu2021 ($8.41 in chips) 
Cyborg_0113: posts small blind $0.05
arazkhan1802: posts big blind $0.10
*** HOLE CARDS ***
Dealt to Mahu2021 [7s Jh]
Calvis_lol: folds 
tafarel8: folds 
Mahu2021: folds 
MarkDontTrust: folds 
Cyborg_0113: raises $0.20 to $0.30
arazkhan1802: calls $0.20
*** FLOP *** [Js 6s Qd]
Cyborg_0113: checks 
arazkhan1802: bets $0.29
Cyborg_0113: calls $0.29
*** TURN *** [Js 6s Qd] [9s]
Cyborg_0113: checks 
arazkhan1802: checks 
*** RIVER *** [Js 6s Qd 9s] [Th]
Cyborg_0113: checks 
arazkhan1802: bets $0.50
Cyborg_0113: folds 
Uncalled bet ($0.50) returned to arazkhan1802
arazkhan1802 collected $1.12 from pot
arazkhan1802: doesn't show hand 
*** SUMMARY ***
Total pot $1.18 | Rake $0.06 
Board [Js 6s Qd 9s Th]
Seat 1: MarkDontTrust (button) folded before Flop (didn't bet)
Seat 2: Cyborg_0113 (small blind) folded on the River
Seat 3: arazkhan1802 (big blind) collected ($1.12)
Seat 4: Calvis_lol folded before Flop (didn't bet)
Seat 5: tafarel8 folded before Flop (didn't bet)
Seat 6: Mahu2021 folded before Flop (didn't bet)



PokerStars Zoom Hand #255162597946:  Hold'em No Limit ($0.05/$0.10) - 2025/03/06 12:06:16 CET [2025/03/06 6:06:16 ET]
Table 'Aludra' 6-max Seat #1 is the button
Seat 1: MarkDontTrust ($15.78 in chips) 
Seat 2: ratchadan ($9.31 in chips) 
Seat 3: tafarel8 ($11.89 in chips) 
Seat 4: polina70 ($5.17 in chips) 
Seat 5: Mahu2021 ($8.78 in chips) 
Seat 6: Lim 2589 ($25.66 in chips) 
ratchadan: posts small blind $0.05
tafarel8: posts big blind $0.10
*** HOLE CARDS ***
Dealt to Mahu2021 [Ac Js]
polina70: raises $0.15 to $0.25
Mahu2021: calls $0.25
Lim 2589: folds 
MarkDontTrust: calls $0.25
ratchadan: folds 
tafarel8: folds 
*** FLOP *** [8h 7h Jh]
polina70: checks 
Mahu2021: bets $0.30
MarkDontTrust: calls $0.30
polina70: folds 
*** TURN *** [8h 7h Jh] [Qc]
Mahu2021: checks 
MarkDontTrust: checks 
*** RIVER *** [8h 7h Jh Qc] [8s]
Mahu2021: checks 
MarkDontTrust: checks 
*** SHOW DOWN ***
Mahu2021: shows [Ac Js] (two pair, Jacks and Eights)
MarkDontTrust: mucks hand 
Mahu2021 collected $1.43 from pot
*** SUMMARY ***
Total pot $1.50 | Rake $0.07 
Board [8h 7h Jh Qc 8s]
Seat 1: MarkDontTrust (button) mucked [4c Jc]
Seat 2: ratchadan (small blind) folded before Flop
Seat 3: tafarel8 (big blind) folded before Flop
Seat 4: polina70 folded on the Flop
Seat 5: Mahu2021 showed [Ac Js] and won ($1.43) with two pair, Jacks and Eights
Seat 6: Lim 2589 folded before Flop (didn't bet)



PokerStars Zoom Hand #255162596910:  Hold'em No Limit ($0.05/$0.10) - 2025/03/06 12:06:07 CET [2025/03/06 6:06:07 ET]
Table 'Aludra' 6-max Seat #1 is the button
Seat 1: tafarel8 ($13.40 in chips) 
Seat 2: Mahu2021 ($8.83 in chips) 
Seat 3: IVERNMAN ($13.85 in chips) 
Seat 4: KundenDdienst ($9.55 in chips) 
Seat 5: R. Frìngs ($18.50 in chips) 
Seat 6: P1ntail ($10.69 in chips) 
Mahu2021: posts small blind $0.05
IVERNMAN: posts big blind $0.10
*** HOLE CARDS ***
Dealt to Mahu2021 [Td 2h]
KundenDdienst: folds 
R. Frìngs: folds 
P1ntail: raises $0.15 to $0.25
tafarel8: folds 
Mahu2021: folds 
IVERNMAN: calls $0.15
*** FLOP *** [Tc 8h Ad]
IVERNMAN: checks 
P1ntail: bets $0.25
IVERNMAN: calls $0.25
*** TURN *** [Tc 8h Ad] [Jh]
IVERNMAN: checks 
P1ntail: checks 
*** RIVER *** [Tc 8h Ad Jh] [Kh]
IVERNMAN: bets $0.33
P1ntail: folds 
Uncalled bet ($0.33) returned to IVERNMAN
IVERNMAN collected $1 from pot
IVERNMAN: doesn't show hand 
*** SUMMARY ***
Total pot $1.05 | Rake $0.05 
Board [Tc 8h Ad Jh Kh]
Seat 1: tafarel8 (button) folded before Flop (didn't bet)
Seat 2: Mahu2021 (small blind) folded before Flop
Seat 3: IVERNMAN (big blind) collected ($1)
Seat 4: KundenDdienst folded before Flop (didn't bet)
Seat 5: R. Frìngs folded before Flop (didn't bet)
Seat 6: P1ntail folded on the River



PokerStars Zoom Hand #255162602271:  Hold'em No Limit ($0.05/$0.10) - 2025/03/06 12:06:54 CET [2025/03/06 6:06:54 ET]
Table 'Aludra' 6-max Seat #1 is the button
Seat 1: JICC632 ($10.10 in chips) 
Seat 2: Bur1k ($5 in chips) 
Seat 3: marcss2003 ($7.55 in chips) 
Seat 4: MarkDontTrust ($15.23 in chips) 
Seat 5: gena60 ($10 in chips) 
Seat 6: Mahu2021 ($9.66 in chips) 
Bur1k: posts small blind $0.05
marcss2003: posts big blind $0.10
*** HOLE CARDS ***
Dealt to Mahu2021 [8d Jc]
MarkDontTrust: folds 
gena60: folds 
Mahu2021: raises $0.14 to $0.24
JICC632: calls $0.24
Bur1k: folds 
marcss2003: calls $0.14
*** FLOP *** [4c Kh 6s]
marcss2003: checks 
Mahu2021: checks 
JICC632: checks 
*** TURN *** [4c Kh 6s] [Td]
marcss2003: checks 
Mahu2021: bets $0.30
JICC632: folds 
marcss2003: folds 
Uncalled bet ($0.30) returned to Mahu2021
Mahu2021 collected $0.74 from pot
Mahu2021: doesn't show hand 
*** SUMMARY ***
Total pot $0.77 | Rake $0.03 
Board [4c Kh 6s Td]
Seat 1: JICC632 (button) folded on the Turn
Seat 2: Bur1k (small blind) folded before Flop
Seat 3: marcss2003 (big blind) folded on the Turn
Seat 4: MarkDontTrust folded before Flop (didn't bet)
Seat 5: gena60 folded before Flop (didn't bet)
Seat 6: Mahu2021 collected ($0.74)



PokerStars Zoom Hand #255162607393:  Hold'em No Limit ($0.05/$0.10) - 2025/03/06 12:07:39 CET [2025/03/06 6:07:39 ET]
Table 'Aludra' 6-max Seat #1 is the button
Seat 1: Mahu2021 ($10.01 in chips) 
Seat 2: Tsikouris69 ($10.29 in chips) 
Seat 3: nicholas kenny ($17.24 in chips) 
Seat 4: Strelets.UA ($10.05 in chips) 
Seat 5: KundenDdienst ($8.92 in chips) 
Seat 6: Vaka89 ($7.12 in chips) 
Tsikouris69: posts small blind $0.05
nicholas kenny: posts big blind $0.10
*** HOLE CARDS ***
Dealt to Mahu2021 [3d 8h]
Strelets.UA: folds 
KundenDdienst: folds 
Vaka89: folds 
Mahu2021: folds 
Tsikouris69: folds 
Uncalled bet ($0.05) returned to nicholas kenny
nicholas kenny collected $0.10 from pot
nicholas kenny: doesn't show hand 
*** SUMMARY ***
Total pot $0.10 | Rake $0 
Seat 1: Mahu2021 (button) folded before Flop (didn't bet)
Seat 2: Tsikouris69 (small blind) folded before Flop
Seat 3: nicholas kenny (big blind) collected ($0.10)
Seat 4: Strelets.UA folded before Flop (didn't bet)
Seat 5: KundenDdienst folded before Flop (didn't bet)
Seat 6: Vaka89 folded before Flop (didn't bet)



PokerStars Zoom Hand #255162605941:  Hold'em No Limit ($0.05/$0.10) - 2025/03/06 12:07:26 CET [2025/03/06 6:07:26 ET]
Table 'Aludra' 6-max Seat #1 is the button
Seat 1: KundenDdienst ($9.02 in chips) 
Seat 2: kocyk 7 ($9.90 in chips) 
Seat 3: Mahu2021 ($10.16 in chips) 
Seat 4: arazkhan1802 ($11.58 in chips) 
Seat 5: augtoth ($10.15 in chips) 
Seat 6: CrazyDizell ($10.23 in chips) 
kocyk 7: posts small blind $0.05
Mahu2021: posts big blind $0.10
*** HOLE CARDS ***
Dealt to Mahu2021 [5s 2d]
arazkhan1802: raises $0.12 to $0.22
augtoth: folds 
CrazyDizell: folds 
KundenDdienst: folds 
kocyk 7: calls $0.17
Mahu2021: folds 
*** FLOP *** [7d 3s 4c]
kocyk 7: bets $0.36
arazkhan1802: folds 
Uncalled bet ($0.36) returned to kocyk 7
kocyk 7 collected $0.52 from pot
kocyk 7: doesn't show hand 
*** SUMMARY ***
Total pot $0.54 | Rake $0.02 
Board [7d 3s 4c]
Seat 1: KundenDdienst (button) folded before Flop (didn't bet)
Seat 2: kocyk 7 (small blind) collected ($0.52)
Seat 3: Mahu2021 (big blind) folded before Flop
Seat 4: arazkhan1802 folded on the Flop
Seat 5: augtoth folded before Flop (didn't bet)
Seat 6: CrazyDizell folded before Flop (didn't bet)



PokerStars Zoom Hand #255162606955:  Hold'em No Limit ($0.05/$0.10) - 2025/03/06 12:07:35 CET [2025/03/06 6:07:35 ET]
Table 'Aludra' 6-max Seat #1 is the button
Seat 1: IVERNMAN ($10 in chips) 
Seat 2: stanke_d ($9.21 in chips) 
Seat 3: polina70 ($4.67 in chips) 
Seat 4: nicholas kenny ($17.24 in chips) 
Seat 5: Strelets.UA ($10.05 in chips) 
Seat 6: Mahu2021 ($10.01 in chips) 
stanke_d: posts small blind $0.05
polina70: posts big blind $0.10
*** HOLE CARDS ***
Dealt to Mahu2021 [3h 5c]
nicholas kenny: folds 
Strelets.UA: folds 
Mahu2021: folds 
IVERNMAN: folds 
stanke_d: raises $0.20 to $0.30
polina70: raises $4.37 to $4.67 and is all-in
stanke_d: folds 
Uncalled bet ($4.37) returned to polina70
polina70 collected $0.60 from pot
polina70: doesn't show hand 
*** SUMMARY ***
Total pot $0.60 | Rake $0 
Seat 1: IVERNMAN (button) folded before Flop (didn't bet)
Seat 2: stanke_d (small blind) folded before Flop
Seat 3: polina70 (big blind) collected ($0.60)
Seat 4: nicholas kenny folded before Flop (didn't bet)
Seat 5: Strelets.UA folded before Flop (didn't bet)
Seat 6: Mahu2021 folded before Flop (didn't bet)



PokerStars Zoom Hand #255162607764:  Hold'em No Limit ($0.05/$0.10) - 2025/03/06 12:07:42 CET [2025/03/06 6:07:42 ET]
Table 'Aludra' 6-max Seat #1 is the button
Seat 1: franz Z750 ($21.82 in chips) 
Seat 2: R. Frìngs ($17.89 in chips) 
Seat 3: ariss1994 ($30.32 in chips) 
Seat 4: Mahu2021 ($10.01 in chips) 
Seat 5: numbergirl27 ($10.22 in chips) 
Seat 6: polina70 ($4.85 in chips) 
R. Frìngs: posts small blind $0.05
ariss1994: posts big blind $0.10
*** HOLE CARDS ***
Dealt to Mahu2021 [Jh 3c]
Mahu2021: folds 
numbergirl27: folds 
polina70: raises $0.15 to $0.25
franz Z750: folds 
R. Frìngs: folds 
ariss1994: calls $0.15
*** FLOP *** [Ad Qs 9s]
ariss1994: checks 
polina70: bets $0.70
ariss1994: calls $0.70
*** TURN *** [Ad Qs 9s] [6d]
ariss1994: checks 
polina70: bets $3.90 and is all-in
ariss1994: folds 
Uncalled bet ($3.90) returned to polina70
polina70 collected $1.86 from pot
polina70: doesn't show hand 
*** SUMMARY ***
Total pot $1.95 | Rake $0.09 
Board [Ad Qs 9s 6d]
Seat 1: franz Z750 (button) folded before Flop (didn't bet)
Seat 2: R. Frìngs (small blind) folded before Flop
Seat 3: ariss1994 (big blind) folded on the Turn
Seat 4: Mahu2021 folded before Flop (didn't bet)
Seat 5: numbergirl27 folded before Flop (didn't bet)
Seat 6: polina70 collected ($1.86)



PokerStars Zoom Hand #255162608244:  Hold'em No Limit ($0.05/$0.10) - 2025/03/06 12:07:46 CET [2025/03/06 6:07:46 ET]
Table 'Aludra' 6-max Seat #1 is the button
Seat 1: R. Frìngs ($17.84 in chips) 
Seat 2: gopropokst. ($14.31 in chips) 
Seat 3: Mahu2021 ($10.01 in chips) 
Seat 4: Netzath ($10.92 in chips) 
Seat 5: Georg006830 ($17.41 in chips) 
Seat 6: Lim 2589 ($10 in chips) 
gopropokst.: posts small blind $0.05
Mahu2021: posts big blind $0.10
*** HOLE CARDS ***
Dealt to Mahu2021 [Td 9h]
Netzath: folds 
Georg006830: folds 
Lim 2589: folds 
R. Frìngs: raises $0.20 to $0.30
gopropokst.: folds 
Mahu2021: raises $0.80 to $1.10
R. Frìngs: calls $0.80
*** FLOP *** [6d 8s Ac]
Mahu2021: bets $1.10
R. Frìngs: folds 
Uncalled bet ($1.10) returned to Mahu2021
Mahu2021 collected $2.15 from pot
Mahu2021: doesn't show hand 
*** SUMMARY ***
Total pot $2.25 | Rake $0.10 
Board [6d 8s Ac]
Seat 1: R. Frìngs (button) folded on the Flop
Seat 2: gopropokst. (small blind) folded before Flop
Seat 3: Mahu2021 (big blind) collected ($2.15)
Seat 4: Netzath folded before Flop (didn't bet)
Seat 5: Georg006830 folded before Flop (didn't bet)
Seat 6: Lim 2589 folded before Flop (didn't bet)



PokerStars Zoom Hand #255162604914:  Hold'em No Limit ($0.05/$0.10) - 2025/03/06 12:07:17 CET [2025/03/06 6:07:17 ET]
Table 'Aludra' 6-max Seat #1 is the button
Seat 1: Winik810 ($10 in chips) 
Seat 2: Devans18180 ($8.26 in chips) 
Seat 3: numbergirl27 ($10.20 in chips) 
Seat 4: Mahu2021 ($10.16 in chips) 
Seat 5: aar0lep ($10.47 in chips) 
Seat 6: hummbold ($24.58 in chips) 
Devans18180: posts small blind $0.05
numbergirl27: posts big blind $0.10
*** HOLE CARDS ***
Dealt to Mahu2021 [Jh Kc]
Mahu2021: folds 
aar0lep: folds 
hummbold: folds 
Winik810: folds 
Devans18180: calls $0.05
numbergirl27: checks 
*** FLOP *** [Jc Qc 8h]
Devans18180: checks 
numbergirl27: checks 
*** TURN *** [Jc Qc 8h] [Kh]
Devans18180: checks 
numbergirl27: checks 
*** RIVER *** [Jc Qc 8h Kh] [Js]
Devans18180: checks 
numbergirl27: checks 
*** SHOW DOWN ***
Devans18180: shows [As 8c] (two pair, Jacks and Eights)
numbergirl27: mucks hand 
Devans18180 collected $0.19 from pot
*** SUMMARY ***
Total pot $0.20 | Rake $0.01 
Board [Jc Qc 8h Kh Js]
Seat 1: Winik810 (button) folded before Flop (didn't bet)
Seat 2: Devans18180 (small blind) showed [As 8c] and won ($0.19) with two pair, Jacks and Eights
Seat 3: numbergirl27 (big blind) mucked [2s Ad]
Seat 4: Mahu2021 folded before Flop (didn't bet)
Seat 5: aar0lep folded before Flop (didn't bet)
Seat 6: hummbold folded before Flop (didn't bet)



