PokerStars Zoom Hand #255646793325:  Hold'em No Limit ($0.05/$0.10) - 2025/04/08 16:47:05 CET [2025/04/08 10:47:05 ET]
Table 'Aludra' 6-max Seat #1 is the button
Seat 1: PROSTOZIDAR ($4.26 in chips) 
Seat 2: raik611 ($10.86 in chips) 
Seat 3: putzkedudu ($10.38 in chips) 
Seat 4: Mahu2021 ($9.90 in chips) 
Seat 5: vananej ($10 in chips) 
Seat 6: willpea2 ($14.92 in chips) 
raik611: posts small blind $0.05
putzkedudu: posts big blind $0.10
*** HOLE CARDS ***
Dealt to Mahu2021 [2s 3s]
Mahu2021: folds 
vananej: folds 
willpea2: raises $0.15 to $0.25
PROSTOZIDAR: folds 
raik611: folds 
putzkedudu: folds 
Uncalled bet ($0.15) returned to willpea2
willpea2 collected $0.25 from pot
willpea2: doesn't show hand 
*** SUMMARY ***
Total pot $0.25 | Rake $0 
Seat 1: PROSTOZIDAR (button) folded before Flop (didn't bet)
Seat 2: raik611 (small blind) folded before Flop
Seat 3: putzkedudu (big blind) folded before Flop
Seat 4: Mahu2021 folded before Flop (didn't bet)
Seat 5: vananej folded before Flop (didn't bet)
Seat 6: willpea2 collected ($0.25)



PokerStars Zoom Hand #255646790680:  Hold'em No Limit ($0.05/$0.10) - 2025/04/08 16:46:50 CET [2025/04/08 10:46:50 ET]
Table 'Aludra' 6-max Seat #1 is the button
Seat 1: Orstednyan ($11.80 in chips) 
Seat 2: AnitaFlushAgain ($7.77 in chips) 
Seat 3: Mahu2021 ($10 in chips) 
Seat 4: Glaucou ($28.44 in chips) 
Seat 5: citizen6e ($10 in chips) 
Seat 6: AceWise ($12.13 in chips) 
AnitaFlushAgain: posts small blind $0.05
Mahu2021: posts big blind $0.10
*** HOLE CARDS ***
Dealt to Mahu2021 [Ks 6c]
Glaucou: raises $0.10 to $0.20
citizen6e: folds 
AceWise: folds 
Orstednyan: calls $0.20
AnitaFlushAgain: calls $0.15
Mahu2021: folds 
*** FLOP *** [Ah 3s 9c]
AnitaFlushAgain: bets $0.34
Glaucou: calls $0.34
Orstednyan: folds 
*** TURN *** [Ah 3s 9c] [Kc]
AnitaFlushAgain: checks 
Glaucou: checks 
*** RIVER *** [Ah 3s 9c Kc] [Tc]
AnitaFlushAgain: bets $0.66
Glaucou: calls $0.66
*** SHOW DOWN ***
AnitaFlushAgain: shows [4h 7h] (high card Ace)
Glaucou: shows [Ad 4d] (a pair of Aces)
Glaucou collected $2.58 from pot
*** SUMMARY ***
Total pot $2.70 | Rake $0.12 
Board [Ah 3s 9c Kc Tc]
Seat 1: Orstednyan (button) folded on the Flop
Seat 2: AnitaFlushAgain (small blind) showed [4h 7h] and lost with high card Ace
Seat 3: Mahu2021 (big blind) folded before Flop
Seat 4: Glaucou showed [Ad 4d] and won ($2.58) with a pair of Aces
Seat 5: citizen6e folded before Flop (didn't bet)
Seat 6: AceWise folded before Flop (didn't bet)



PokerStars Zoom Hand #255646803637:  Hold'em No Limit ($0.05/$0.10) - 2025/04/08 16:48:04 CET [2025/04/08 10:48:04 ET]
Table 'Aludra' 6-max Seat #1 is the button
Seat 1: Mahu2021 ($9.65 in chips) 
Seat 2: Die8 ($13.26 in chips) 
Seat 3: Winik810 ($12.50 in chips) 
Seat 4: Rafael lig ($17.32 in chips) 
Seat 5: MTziiinn ($11.59 in chips) 
Seat 6: Orstednyan ($11.45 in chips) 
Die8: posts small blind $0.05
Winik810: posts big blind $0.10
*** HOLE CARDS ***
Dealt to Mahu2021 [As 6d]
Rafael lig: folds 
MTziiinn: raises $0.15 to $0.25
Orstednyan: folds 
Mahu2021: folds 
Die8: folds 
Winik810: folds 
Uncalled bet ($0.15) returned to MTziiinn
MTziiinn collected $0.25 from pot
MTziiinn: doesn't show hand 
*** SUMMARY ***
Total pot $0.25 | Rake $0 
Seat 1: Mahu2021 (button) folded before Flop (didn't bet)
Seat 2: Die8 (small blind) folded before Flop
Seat 3: Winik810 (big blind) folded before Flop
Seat 4: Rafael lig folded before Flop (didn't bet)
Seat 5: MTziiinn collected ($0.25)
Seat 6: Orstednyan folded before Flop (didn't bet)



PokerStars Zoom Hand #255646804339:  Hold'em No Limit ($0.05/$0.10) - 2025/04/08 16:48:08 CET [2025/04/08 10:48:08 ET]
Table 'Aludra' 6-max Seat #1 is the button
Seat 1: AceWise ($13.52 in chips) 
Seat 2: Orstednyan ($11.45 in chips) 
Seat 3: MarkRegen ($7.95 in chips) 
Seat 4: Baratrum777 ($11.18 in chips) 
Seat 5: RickMasterGM ($5.23 in chips) 
Seat 6: Mahu2021 ($9.65 in chips) 
Orstednyan: posts small blind $0.05
MarkRegen: posts big blind $0.10
*** HOLE CARDS ***
Dealt to Mahu2021 [7c Qc]
Baratrum777: folds 
RickMasterGM: folds 
Mahu2021: folds 
AceWise: folds 
Orstednyan: folds 
Uncalled bet ($0.05) returned to MarkRegen
MarkRegen collected $0.10 from pot
MarkRegen: doesn't show hand 
*** SUMMARY ***
Total pot $0.10 | Rake $0 
Seat 1: AceWise (button) folded before Flop (didn't bet)
Seat 2: Orstednyan (small blind) folded before Flop
Seat 3: MarkRegen (big blind) collected ($0.10)
Seat 4: Baratrum777 folded before Flop (didn't bet)
Seat 5: RickMasterGM folded before Flop (didn't bet)
Seat 6: Mahu2021 folded before Flop (didn't bet)



PokerStars Zoom Hand #255646805048:  Hold'em No Limit ($0.05/$0.10) - 2025/04/08 16:48:12 CET [2025/04/08 10:48:12 ET]
Table 'Aludra' 6-max Seat #1 is the button
Seat 1: Yuck0811 ($10 in chips) 
Seat 2: Blast4Sure ($10.69 in chips) 
Seat 3: Orstednyan ($11.40 in chips) 
Seat 4: Die8 ($12.21 in chips) 
Seat 5: Mahu2021 ($9.65 in chips) 
Seat 6: Tanimotc ($8.08 in chips) 
Blast4Sure: posts small blind $0.05
Orstednyan: posts big blind $0.10
*** HOLE CARDS ***
Dealt to Mahu2021 [As Ah]
Die8: folds 
Mahu2021: raises $0.15 to $0.25
Tanimotc: folds 
Yuck0811: folds 
Blast4Sure: folds 
Orstednyan: calls $0.15
*** FLOP *** [8d 3h 5d]
Orstednyan: checks 
Mahu2021: bets $0.53
Orstednyan: calls $0.53
*** TURN *** [8d 3h 5d] [Js]
Orstednyan: checks 
Mahu2021: bets $0.50
Orstednyan: calls $0.50
*** RIVER *** [8d 3h 5d Js] [5c]
Orstednyan: checks 
Mahu2021: checks 
*** SHOW DOWN ***
Orstednyan: shows [6d Ad] (a pair of Fives)
Mahu2021: shows [As Ah] (two pair, Aces and Fives)
Mahu2021 collected $2.49 from pot
*** SUMMARY ***
Total pot $2.61 | Rake $0.12 
Board [8d 3h 5d Js 5c]
Seat 1: Yuck0811 (button) folded before Flop (didn't bet)
Seat 2: Blast4Sure (small blind) folded before Flop
Seat 3: Orstednyan (big blind) showed [6d Ad] and lost with a pair of Fives
Seat 4: Die8 folded before Flop (didn't bet)
Seat 5: Mahu2021 showed [As Ah] and won ($2.49) with two pair, Aces and Fives
Seat 6: Tanimotc folded before Flop (didn't bet)



PokerStars Zoom Hand #255646794279:  Hold'em No Limit ($0.05/$0.10) - 2025/04/08 16:47:11 CET [2025/04/08 10:47:11 ET]
Table 'Aludra' 6-max Seat #1 is the button
Seat 1: Sailorliebe ($12.20 in chips) 
Seat 2: Mahu2021 ($9.90 in chips) 
Seat 3: MTziiinn ($10.10 in chips) 
Seat 4: bloodedesert ($13.15 in chips) 
Seat 5: Luffy V ($10.54 in chips) 
Seat 6: vananej ($10 in chips) 
Mahu2021: posts small blind $0.05
MTziiinn: posts big blind $0.10
*** HOLE CARDS ***
Dealt to Mahu2021 [Td Ah]
bloodedesert: folds 
Luffy V: raises $0.15 to $0.25
vananej: folds 
Sailorliebe: calls $0.25
Mahu2021: calls $0.20
MTziiinn: folds 
*** FLOP *** [7d 5s 2h]
Mahu2021: checks 
Luffy V: checks 
Sailorliebe: checks 
*** TURN *** [7d 5s 2h] [Jd]
Mahu2021: checks 
Luffy V: bets $0.61
Sailorliebe: calls $0.61
Mahu2021: folds 
*** RIVER *** [7d 5s 2h Jd] [3d]
Luffy V: bets $1.49
Sailorliebe: calls $1.49
*** SHOW DOWN ***
Luffy V: shows [Ad As] (a pair of Aces)
Sailorliebe: shows [9d Kd] (a flush, King high)
Sailorliebe collected $4.82 from pot
*** SUMMARY ***
Total pot $5.05 | Rake $0.23 
Board [7d 5s 2h Jd 3d]
Seat 1: Sailorliebe (button) showed [9d Kd] and won ($4.82) with a flush, King high
Seat 2: Mahu2021 (small blind) folded on the Turn
Seat 3: MTziiinn (big blind) folded before Flop
Seat 4: bloodedesert folded before Flop (didn't bet)
Seat 5: Luffy V showed [Ad As] and lost with a pair of Aces
Seat 6: vananej folded before Flop (didn't bet)



PokerStars Zoom Hand #255646816647:  Hold'em No Limit ($0.05/$0.10) - 2025/04/08 16:49:18 CET [2025/04/08 10:49:18 ET]
Table 'Aludra' 6-max Seat #1 is the button
Seat 1: PROSTOZIDAR ($3.46 in chips) 
Seat 2: Yuck0811 ($10.05 in chips) 
Seat 3: Die8 ($12.95 in chips) 
Seat 4: willpea2 ($14.05 in chips) 
Seat 5: Mahu2021 ($10.71 in chips) 
Seat 6: Baratrum777 ($11.03 in chips) 
Yuck0811: posts small blind $0.05
Die8: posts big blind $0.10
*** HOLE CARDS ***
Dealt to Mahu2021 [4c 3d]
willpea2: folds 
Mahu2021: folds 
Baratrum777: raises $0.14 to $0.24
PROSTOZIDAR: folds 
Yuck0811: folds 
Die8: folds 
Uncalled bet ($0.14) returned to Baratrum777
Baratrum777 collected $0.25 from pot
Baratrum777: doesn't show hand 
*** SUMMARY ***
Total pot $0.25 | Rake $0 
Seat 1: PROSTOZIDAR (button) folded before Flop (didn't bet)
Seat 2: Yuck0811 (small blind) folded before Flop
Seat 3: Die8 (big blind) folded before Flop
Seat 4: willpea2 folded before Flop (didn't bet)
Seat 5: Mahu2021 folded before Flop (didn't bet)
Seat 6: Baratrum777 collected ($0.25)



PokerStars Zoom Hand #255646818013:  Hold'em No Limit ($0.05/$0.10) - 2025/04/08 16:49:26 CET [2025/04/08 10:49:26 ET]
Table 'Aludra' 6-max Seat #1 is the button
Seat 1: RickMasterGM ($5.86 in chips) 
Seat 2: hogatto3 ($41.47 in chips) 
Seat 3: Mahu2021 ($10.71 in chips) 
Seat 4: Sn1p3rBR ($13.44 in chips) 
Seat 5: respectedD888 ($10.71 in chips) 
Seat 6: tal-kaj ($11.19 in chips) 
hogatto3: posts small blind $0.05
Mahu2021: posts big blind $0.10
*** HOLE CARDS ***
Dealt to Mahu2021 [8d 9h]
Sn1p3rBR: folds 
respectedD888: folds 
tal-kaj: folds 
RickMasterGM: folds 
hogatto3: folds 
Uncalled bet ($0.05) returned to Mahu2021
Mahu2021 collected $0.10 from pot
Mahu2021: doesn't show hand 
*** SUMMARY ***
Total pot $0.10 | Rake $0 
Seat 1: RickMasterGM (button) folded before Flop (didn't bet)
Seat 2: hogatto3 (small blind) folded before Flop
Seat 3: Mahu2021 (big blind) collected ($0.10)
Seat 4: Sn1p3rBR folded before Flop (didn't bet)
Seat 5: respectedD888 folded before Flop (didn't bet)
Seat 6: tal-kaj folded before Flop (didn't bet)



PokerStars Zoom Hand #255646817172:  Hold'em No Limit ($0.05/$0.10) - 2025/04/08 16:49:21 CET [2025/04/08 10:49:21 ET]
Table 'Aludra' 6-max Seat #1 is the button
Seat 1: Mahu2021 ($10.71 in chips) 
Seat 2: willpea2 ($14.05 in chips) 
Seat 3: bloodedesert ($13.58 in chips) 
Seat 4: Footraiser ($10.97 in chips) 
Seat 5: doccian ($31.04 in chips) 
Seat 6: serotonine91 ($10.18 in chips) 
willpea2: posts small blind $0.05
bloodedesert: posts big blind $0.10
*** HOLE CARDS ***
Dealt to Mahu2021 [4d 6s]
Footraiser: folds 
doccian: folds 
serotonine91: folds 
Mahu2021: folds 
willpea2: folds 
Uncalled bet ($0.05) returned to bloodedesert
bloodedesert collected $0.10 from pot
bloodedesert: doesn't show hand 
*** SUMMARY ***
Total pot $0.10 | Rake $0 
Seat 1: Mahu2021 (button) folded before Flop (didn't bet)
Seat 2: willpea2 (small blind) folded before Flop
Seat 3: bloodedesert (big blind) collected ($0.10)
Seat 4: Footraiser folded before Flop (didn't bet)
Seat 5: doccian folded before Flop (didn't bet)
Seat 6: serotonine91 folded before Flop (didn't bet)



PokerStars Zoom Hand #255646815249:  Hold'em No Limit ($0.05/$0.10) - 2025/04/08 16:49:10 CET [2025/04/08 10:49:10 ET]
Table 'Aludra' 6-max Seat #1 is the button
Seat 1: Matzet1ka ($10.20 in chips) 
Seat 2: The Dunda ($10 in chips) 
Seat 3: Sn1p3rBR ($13.09 in chips) 
Seat 4: prettika ($11.26 in chips) 
Seat 5: bloodedesert ($13.58 in chips) 
Seat 6: Mahu2021 ($10.76 in chips) 
The Dunda: posts small blind $0.05
Sn1p3rBR: posts big blind $0.10
*** HOLE CARDS ***
Dealt to Mahu2021 [7c Jc]
prettika: folds 
bloodedesert: folds 
Mahu2021: folds 
Matzet1ka: raises $0.15 to $0.25
The Dunda: raises $0.75 to $1
Sn1p3rBR: folds 
Matzet1ka: folds 
Uncalled bet ($0.75) returned to The Dunda
The Dunda collected $0.60 from pot
The Dunda: doesn't show hand 
*** SUMMARY ***
Total pot $0.60 | Rake $0 
Seat 1: Matzet1ka (button) folded before Flop
Seat 2: The Dunda (small blind) collected ($0.60)
Seat 3: Sn1p3rBR (big blind) folded before Flop
Seat 4: prettika folded before Flop (didn't bet)
Seat 5: bloodedesert folded before Flop (didn't bet)
Seat 6: Mahu2021 folded before Flop (didn't bet)



PokerStars Zoom Hand #255646815931:  Hold'em No Limit ($0.05/$0.10) - 2025/04/08 16:49:14 CET [2025/04/08 10:49:14 ET]
Table 'Aludra' 6-max Seat #1 is the button
Seat 1: prettika ($11.26 in chips) 
Seat 2: Mahu2021 ($10.76 in chips) 
Seat 3: MTziiinn ($10 in chips) 
Seat 4: MarkRegen ($10.34 in chips) 
Seat 5: arongraham100 ($14.99 in chips) 
Seat 6: I_am_Carlinho ($19.99 in chips) 
Mahu2021: posts small blind $0.05
MTziiinn: posts big blind $0.10
*** HOLE CARDS ***
Dealt to Mahu2021 [4h 9h]
MarkRegen: folds 
arongraham100: folds 
I_am_Carlinho: calls $0.10
prettika: raises $0.45 to $0.55
Mahu2021: folds 
MTziiinn: folds 
I_am_Carlinho: calls $0.45
*** FLOP *** [4c Qc 7s]
I_am_Carlinho: checks 
prettika: checks 
*** TURN *** [4c Qc 7s] [9c]
I_am_Carlinho: bets $0.60
prettika: calls $0.60
*** RIVER *** [4c Qc 7s 9c] [Kd]
I_am_Carlinho: bets $1.17
prettika: calls $1.17
*** SHOW DOWN ***
I_am_Carlinho: shows [As Ac] (a pair of Aces)
prettika: mucks hand 
I_am_Carlinho collected $4.57 from pot
*** SUMMARY ***
Total pot $4.79 | Rake $0.22 
Board [4c Qc 7s 9c Kd]
Seat 1: prettika (button) mucked [Ah Kc]
Seat 2: Mahu2021 (small blind) folded before Flop
Seat 3: MTziiinn (big blind) folded before Flop
Seat 4: MarkRegen folded before Flop (didn't bet)
Seat 5: arongraham100 folded before Flop (didn't bet)
Seat 6: I_am_Carlinho showed [As Ac] and won ($4.57) with a pair of Aces



PokerStars Zoom Hand #255646819719:  Hold'em No Limit ($0.05/$0.10) - 2025/04/08 16:49:36 CET [2025/04/08 10:49:36 ET]
Table 'Aludra' 6-max Seat #1 is the button
Seat 1: yoyomm7 ($21.42 in chips) 
Seat 2: Mahu2021 ($10.76 in chips) 
Seat 3: MTziiinn ($10.06 in chips) 
Seat 4: WoozyFace ($9.09 in chips) 
Seat 5: BluffsLord ($10.10 in chips) 
Seat 6: putzkedudu ($10 in chips) 
Mahu2021: posts small blind $0.05
MTziiinn: posts big blind $0.10
*** HOLE CARDS ***
Dealt to Mahu2021 [4h Tc]
WoozyFace: raises $0.15 to $0.25
BluffsLord: folds 
putzkedudu: folds 
yoyomm7: folds 
Mahu2021: folds 
MTziiinn: calls $0.15
*** FLOP *** [Td 5s Qd]
MTziiinn: checks 
WoozyFace: bets $0.40
MTziiinn: folds 
Uncalled bet ($0.40) returned to WoozyFace
WoozyFace collected $0.53 from pot
WoozyFace: doesn't show hand 
*** SUMMARY ***
Total pot $0.55 | Rake $0.02 
Board [Td 5s Qd]
Seat 1: yoyomm7 (button) folded before Flop (didn't bet)
Seat 2: Mahu2021 (small blind) folded before Flop
Seat 3: MTziiinn (big blind) folded on the Flop
Seat 4: WoozyFace collected ($0.53)
Seat 5: BluffsLord folded before Flop (didn't bet)
Seat 6: putzkedudu folded before Flop (didn't bet)



PokerStars Zoom Hand #255646812077:  Hold'em No Limit ($0.05/$0.10) - 2025/04/08 16:48:51 CET [2025/04/08 10:48:51 ET]
Table 'Aludra' 6-max Seat #1 is the button
Seat 1: respectedD888 ($15.42 in chips) 
Seat 2: Footraiser ($11.02 in chips) 
Seat 3: Mahu2021 ($10.86 in chips) 
Seat 4: citizen6e ($10 in chips) 
Seat 5: Luffy V ($12.72 in chips) 
Seat 6: king kong 1 ($7.88 in chips) 
Footraiser: posts small blind $0.05
Mahu2021: posts big blind $0.10
*** HOLE CARDS ***
Dealt to Mahu2021 [7c 8h]
citizen6e: folds 
Luffy V: folds 
king kong 1: calls $0.10
respectedD888: raises $0.35 to $0.45
Footraiser: folds 
Mahu2021: folds 
king kong 1 has timed out
king kong 1: folds 
Uncalled bet ($0.35) returned to respectedD888
respectedD888 collected $0.35 from pot
respectedD888: doesn't show hand 
*** SUMMARY ***
Total pot $0.35 | Rake $0 
Seat 1: respectedD888 (button) collected ($0.35)
Seat 2: Footraiser (small blind) folded before Flop
Seat 3: Mahu2021 (big blind) folded before Flop
Seat 4: citizen6e folded before Flop (didn't bet)
Seat 5: Luffy V folded before Flop (didn't bet)
Seat 6: king kong 1 folded before Flop



PokerStars Zoom Hand #255646821140:  Hold'em No Limit ($0.05/$0.10) - 2025/04/08 16:49:44 CET [2025/04/08 10:49:44 ET]
Table 'Aludra' 6-max Seat #1 is the button
Seat 1: Luffy V ($10 in chips) 
Seat 2: ioioasd123 ($9.84 in chips) 
Seat 3: PROSTOZIDAR ($4.75 in chips) 
Seat 4: Mahu2021 ($10.71 in chips) 
Seat 5: MTziiinn ($11.74 in chips) 
Seat 6: Ghitan0921 ($10.82 in chips) 
ioioasd123: posts small blind $0.05
PROSTOZIDAR: posts big blind $0.10
*** HOLE CARDS ***
Dealt to Mahu2021 [5d 5h]
Mahu2021: raises $0.11 to $0.21
MTziiinn: folds 
Ghitan0921: folds 
Luffy V: folds 
ioioasd123: raises $0.59 to $0.80
PROSTOZIDAR: folds 
Mahu2021: folds 
Uncalled bet ($0.59) returned to ioioasd123
ioioasd123 collected $0.52 from pot
ioioasd123: doesn't show hand 
*** SUMMARY ***
Total pot $0.52 | Rake $0 
Seat 1: Luffy V (button) folded before Flop (didn't bet)
Seat 2: ioioasd123 (small blind) collected ($0.52)
Seat 3: PROSTOZIDAR (big blind) folded before Flop
Seat 4: Mahu2021 folded before Flop
Seat 5: MTziiinn folded before Flop (didn't bet)
Seat 6: Ghitan0921 folded before Flop (didn't bet)



PokerStars Zoom Hand #255646825368:  Hold'em No Limit ($0.05/$0.10) - 2025/04/08 16:50:08 CET [2025/04/08 10:50:08 ET]
Table 'Aludra' 6-max Seat #1 is the button
Seat 1: StrongMercedes ($20.95 in chips) 
Seat 2: 00O-2Z ($14.57 in chips) 
Seat 3: citizen6e ($10.15 in chips) 
Seat 4: Sn1p3rBR ($10 in chips) 
Seat 5: SevenDeuceSSuit ($7.85 in chips) 
Seat 6: Mahu2021 ($10.50 in chips) 
00O-2Z: posts small blind $0.05
citizen6e: posts big blind $0.10
*** HOLE CARDS ***
Dealt to Mahu2021 [6c Qs]
Sn1p3rBR: folds 
SevenDeuceSSuit: folds 
Mahu2021: folds 
StrongMercedes: folds 
00O-2Z: folds 
Uncalled bet ($0.05) returned to citizen6e
citizen6e collected $0.10 from pot
citizen6e: doesn't show hand 
*** SUMMARY ***
Total pot $0.10 | Rake $0 
Seat 1: StrongMercedes (button) folded before Flop (didn't bet)
Seat 2: 00O-2Z (small blind) folded before Flop
Seat 3: citizen6e (big blind) collected ($0.10)
Seat 4: Sn1p3rBR folded before Flop (didn't bet)
Seat 5: SevenDeuceSSuit folded before Flop (didn't bet)
Seat 6: Mahu2021 folded before Flop (didn't bet)



PokerStars Zoom Hand #255646820450:  Hold'em No Limit ($0.05/$0.10) - 2025/04/08 16:49:40 CET [2025/04/08 10:49:40 ET]
Table 'Aludra' 6-max Seat #1 is the button
Seat 1: Mahu2021 ($10.71 in chips) 
Seat 2: AceWise ($13.52 in chips) 
Seat 3: hogatto3 ($19.85 in chips) 
Seat 4: ioioasd123 ($9.84 in chips) 
Seat 5: sabrisodre ($11.35 in chips) 
Seat 6: The Dunda ($10 in chips) 
AceWise: posts small blind $0.05
hogatto3: posts big blind $0.10
*** HOLE CARDS ***
Dealt to Mahu2021 [2s Jd]
ioioasd123: folds 
sabrisodre: raises $0.10 to $0.20
The Dunda: folds 
Mahu2021: folds 
AceWise: raises $0.80 to $1
hogatto3: folds 
sabrisodre: calls $0.80
*** FLOP *** [9s Ts 3c]
AceWise: bets $0.66
sabrisodre: calls $0.66
*** TURN *** [9s Ts 3c] [4c]
AceWise: bets $2.16
sabrisodre: folds 
Uncalled bet ($2.16) returned to AceWise
AceWise collected $3.27 from pot
AceWise: doesn't show hand 
*** SUMMARY ***
Total pot $3.42 | Rake $0.15 
Board [9s Ts 3c 4c]
Seat 1: Mahu2021 (button) folded before Flop (didn't bet)
Seat 2: AceWise (small blind) collected ($3.27)
Seat 3: hogatto3 (big blind) folded before Flop
Seat 4: ioioasd123 folded before Flop (didn't bet)
Seat 5: sabrisodre folded on the Turn
Seat 6: The Dunda folded before Flop (didn't bet)



PokerStars Zoom Hand #255646826937:  Hold'em No Limit ($0.05/$0.10) - 2025/04/08 16:50:17 CET [2025/04/08 10:50:17 ET]
Table 'Aludra' 6-max Seat #1 is the button
Seat 1: GODR2 ($20.11 in chips) 
Seat 2: yoyomm7 ($21.57 in chips) 
Seat 3: GambledoreV ($9.74 in chips) 
Seat 4: Glaucou ($29.11 in chips) 
Seat 5: Mahu2021 ($10.50 in chips) 
Seat 6: 15lawrencea ($21.60 in chips) 
yoyomm7: posts small blind $0.05
GambledoreV: posts big blind $0.10
*** HOLE CARDS ***
Dealt to Mahu2021 [3d Kc]
Glaucou: raises $0.10 to $0.20
Mahu2021: folds 
15lawrencea: folds 
GODR2: folds 
yoyomm7: calls $0.15
GambledoreV: calls $0.10
*** FLOP *** [5d 3h Ks]
yoyomm7: checks 
GambledoreV: checks 
Glaucou: bets $0.23
yoyomm7: folds 
GambledoreV: folds 
Uncalled bet ($0.23) returned to Glaucou
Glaucou collected $0.57 from pot
Glaucou: doesn't show hand 
*** SUMMARY ***
Total pot $0.60 | Rake $0.03 
Board [5d 3h Ks]
Seat 1: GODR2 (button) folded before Flop (didn't bet)
Seat 2: yoyomm7 (small blind) folded on the Flop
Seat 3: GambledoreV (big blind) folded on the Flop
Seat 4: Glaucou collected ($0.57)
Seat 5: Mahu2021 folded before Flop (didn't bet)
Seat 6: 15lawrencea folded before Flop (didn't bet)



PokerStars Zoom Hand #255646828428:  Hold'em No Limit ($0.05/$0.10) - 2025/04/08 16:50:25 CET [2025/04/08 10:50:25 ET]
Table 'Aludra' 6-max Seat #1 is the button
Seat 1: grekozeus ($4.30 in chips) 
Seat 2: Orstednyan ($11.52 in chips) 
Seat 3: Mahu2021 ($10.50 in chips) 
Seat 4: DIMBA1977 ($9.91 in chips) 
Seat 5: Ghitan0921 ($10.67 in chips) 
Seat 6: denis4250 ($9.13 in chips) 
Orstednyan: posts small blind $0.05
Mahu2021: posts big blind $0.10
*** HOLE CARDS ***
Dealt to Mahu2021 [6h 2h]
DIMBA1977: folds 
Ghitan0921: folds 
denis4250: raises $0.15 to $0.25
grekozeus: folds 
Orstednyan: folds 
Mahu2021: calls $0.15
*** FLOP *** [Ks 5c Td]
Mahu2021: checks 
denis4250: bets $0.30
Mahu2021: folds 
Uncalled bet ($0.30) returned to denis4250
denis4250 collected $0.53 from pot
denis4250: doesn't show hand 
*** SUMMARY ***
Total pot $0.55 | Rake $0.02 
Board [Ks 5c Td]
Seat 1: grekozeus (button) folded before Flop (didn't bet)
Seat 2: Orstednyan (small blind) folded before Flop
Seat 3: Mahu2021 (big blind) folded on the Flop
Seat 4: DIMBA1977 folded before Flop (didn't bet)
Seat 5: Ghitan0921 folded before Flop (didn't bet)
Seat 6: denis4250 collected ($0.53)



PokerStars Zoom Hand #255646831535:  Hold'em No Limit ($0.05/$0.10) - 2025/04/08 16:50:43 CET [2025/04/08 10:50:43 ET]
Table 'Aludra' 6-max Seat #1 is the button
Seat 1: Luffy V ($17.78 in chips) 
Seat 2: tal-kaj ($10 in chips) 
Seat 3: FECM27 ($7.08 in chips) 
Seat 4: GambledoreV ($9.49 in chips) 
Seat 5: Mahu2021 ($10.25 in chips) 
Seat 6: Sailorliebe ($14.27 in chips) 
tal-kaj: posts small blind $0.05
FECM27: posts big blind $0.10
*** HOLE CARDS ***
Dealt to Mahu2021 [Th Ts]
GambledoreV: raises $0.10 to $0.20
Mahu2021: calls $0.20
Sailorliebe: folds 
Luffy V: folds 
tal-kaj: raises $1.20 to $1.40
FECM27: calls $1.30
GambledoreV: folds 
Mahu2021: calls $1.20
*** FLOP *** [3s Qs Jc]
tal-kaj: bets $1.39
FECM27: folds 
Mahu2021: folds 
Uncalled bet ($1.39) returned to tal-kaj
tal-kaj collected $4.20 from pot
tal-kaj: doesn't show hand 
*** SUMMARY ***
Total pot $4.40 | Rake $0.20 
Board [3s Qs Jc]
Seat 1: Luffy V (button) folded before Flop (didn't bet)
Seat 2: tal-kaj (small blind) collected ($4.20)
Seat 3: FECM27 (big blind) folded on the Flop
Seat 4: GambledoreV folded before Flop
Seat 5: Mahu2021 folded on the Flop
Seat 6: Sailorliebe folded before Flop (didn't bet)



PokerStars Zoom Hand #255646839444:  Hold'em No Limit ($0.05/$0.10) - 2025/04/08 16:51:27 CET [2025/04/08 10:51:27 ET]
Table 'Aludra' 6-max Seat #1 is the button
Seat 1: WoozyFace ($12.53 in chips) 
Seat 2: Sailorliebe ($14.17 in chips) 
Seat 3: Sirwoops ($1.50 in chips) 
Seat 4: booty100 ($5.10 in chips) 
Seat 5: Mahu2021 ($8.80 in chips) 
Seat 6: cowboyniKK ($6.12 in chips) 
Sailorliebe: posts small blind $0.05
Sirwoops: posts big blind $0.10
*** HOLE CARDS ***
Dealt to Mahu2021 [9s Ks]
booty100: raises $0.10 to $0.20
Mahu2021: calls $0.20
cowboyniKK: folds 
WoozyFace: folds 
Sailorliebe: folds 
Sirwoops: calls $0.10
*** FLOP *** [4c 6s 6d]
Sirwoops: checks 
booty100: bets $0.62
Mahu2021: folds 
Sirwoops: calls $0.62
*** TURN *** [4c 6s 6d] [Ad]
Sirwoops: bets $0.68 and is all-in
booty100: calls $0.68
*** RIVER *** [4c 6s 6d Ad] [4d]
*** SHOW DOWN ***
Sirwoops: shows [7d 3d] (a flush, Ace high)
booty100: shows [Ah Qs] (two pair, Aces and Sixes)
Sirwoops collected $3.10 from pot
*** SUMMARY ***
Total pot $3.25 | Rake $0.15 
Board [4c 6s 6d Ad 4d]
Seat 1: WoozyFace (button) folded before Flop (didn't bet)
Seat 2: Sailorliebe (small blind) folded before Flop
Seat 3: Sirwoops (big blind) showed [7d 3d] and won ($3.10) with a flush, Ace high
Seat 4: booty100 showed [Ah Qs] and lost with two pair, Aces and Sixes
Seat 5: Mahu2021 folded on the Flop
Seat 6: cowboyniKK folded before Flop (didn't bet)



PokerStars Zoom Hand #255646843803:  Hold'em No Limit ($0.05/$0.10) - 2025/04/08 16:51:52 CET [2025/04/08 10:51:52 ET]
Table 'Aludra' 6-max Seat #1 is the button
Seat 1: Yuck0811 ($10 in chips) 
Seat 2: cowboyniKK ($6.26 in chips) 
Seat 3: Baratrum777 ($11.03 in chips) 
Seat 4: Mahu2021 ($8.60 in chips) 
Seat 5: ninoviejo ($10 in chips) 
Seat 6: GODR2 ($10 in chips) 
cowboyniKK: posts small blind $0.05
Baratrum777: posts big blind $0.10
*** HOLE CARDS ***
Dealt to Mahu2021 [Jd 7c]
Mahu2021: folds 
ninoviejo: folds 
GODR2: folds 
Yuck0811: folds 
cowboyniKK: raises $0.10 to $0.20
Baratrum777: folds 
Uncalled bet ($0.10) returned to cowboyniKK
cowboyniKK collected $0.20 from pot
cowboyniKK: doesn't show hand 
*** SUMMARY ***
Total pot $0.20 | Rake $0 
Seat 1: Yuck0811 (button) folded before Flop (didn't bet)
Seat 2: cowboyniKK (small blind) collected ($0.20)
Seat 3: Baratrum777 (big blind) folded before Flop
Seat 4: Mahu2021 folded before Flop (didn't bet)
Seat 5: ninoviejo folded before Flop (didn't bet)
Seat 6: GODR2 folded before Flop (didn't bet)



PokerStars Zoom Hand #255646838530:  Hold'em No Limit ($0.05/$0.10) - 2025/04/08 16:51:22 CET [2025/04/08 10:51:22 ET]
Table 'Aludra' 6-max Seat #1 is the button
Seat 1: Mahu2021 ($8.80 in chips) 
Seat 2: hogatto3 ($17.22 in chips) 
Seat 3: The Dunda ($10 in chips) 
Seat 4: WoozyFace ($10.97 in chips) 
Seat 5: BluffsLord ($10.33 in chips) 
Seat 6: citizen6e ($10 in chips) 
hogatto3: posts small blind $0.05
The Dunda: posts big blind $0.10
*** HOLE CARDS ***
Dealt to Mahu2021 [Qc 5s]
WoozyFace: folds 
BluffsLord: folds 
citizen6e: raises $0.20 to $0.30
Mahu2021: folds 
hogatto3: raises $0.90 to $1.20
The Dunda: folds 
citizen6e: raises $1.30 to $2.50
hogatto3: folds 
Uncalled bet ($1.30) returned to citizen6e
citizen6e collected $2.50 from pot
citizen6e: doesn't show hand 
*** SUMMARY ***
Total pot $2.50 | Rake $0 
Seat 1: Mahu2021 (button) folded before Flop (didn't bet)
Seat 2: hogatto3 (small blind) folded before Flop
Seat 3: The Dunda (big blind) folded before Flop
Seat 4: WoozyFace folded before Flop (didn't bet)
Seat 5: BluffsLord folded before Flop (didn't bet)
Seat 6: citizen6e collected ($2.50)



PokerStars Zoom Hand #255646844674:  Hold'em No Limit ($0.05/$0.10) - 2025/04/08 16:51:56 CET [2025/04/08 10:51:56 ET]
Table 'Aludra' 6-max Seat #1 is the button
Seat 1: denis4250 ($8.86 in chips) 
Seat 2: akeno1987 ($19.95 in chips) 
Seat 3: PROSTOZIDAR ($4.90 in chips) 
Seat 4: Yuck0811 ($10 in chips) 
Seat 5: citizen6e ($10.80 in chips) 
Seat 6: Mahu2021 ($8.60 in chips) 
akeno1987: posts small blind $0.05
PROSTOZIDAR: posts big blind $0.10
*** HOLE CARDS ***
Dealt to Mahu2021 [7c 9s]
Yuck0811: folds 
citizen6e: folds 
Mahu2021: folds 
denis4250: raises $0.15 to $0.25
akeno1987: folds 
PROSTOZIDAR: folds 
Uncalled bet ($0.15) returned to denis4250
denis4250 collected $0.25 from pot
denis4250: doesn't show hand 
*** SUMMARY ***
Total pot $0.25 | Rake $0 
Seat 1: denis4250 (button) collected ($0.25)
Seat 2: akeno1987 (small blind) folded before Flop
Seat 3: PROSTOZIDAR (big blind) folded before Flop
Seat 4: Yuck0811 folded before Flop (didn't bet)
Seat 5: citizen6e folded before Flop (didn't bet)
Seat 6: Mahu2021 folded before Flop (didn't bet)



PokerStars Zoom Hand #255646845245:  Hold'em No Limit ($0.05/$0.10) - 2025/04/08 16:52:00 CET [2025/04/08 10:52:00 ET]
Table 'Aludra' 6-max Seat #1 is the button
Seat 1: Mahu2021 ($8.60 in chips) 
Seat 2: StrongMercedes ($20.35 in chips) 
Seat 3: SevenDeuceSSuit ($7.94 in chips) 
Seat 4: Sailorliebe ($14.07 in chips) 
Seat 5: PRace13 ($10.15 in chips) 
Seat 6: MarkRegen ($9.70 in chips) 
StrongMercedes: posts small blind $0.05
SevenDeuceSSuit: posts big blind $0.10
*** HOLE CARDS ***
Dealt to Mahu2021 [Ad 5s]
Sailorliebe: raises $0.15 to $0.25
PRace13: folds 
MarkRegen: folds 
Mahu2021: folds 
StrongMercedes: folds 
SevenDeuceSSuit: folds 
Uncalled bet ($0.15) returned to Sailorliebe
Sailorliebe collected $0.25 from pot
Sailorliebe: doesn't show hand 
*** SUMMARY ***
Total pot $0.25 | Rake $0 
Seat 1: Mahu2021 (button) folded before Flop (didn't bet)
Seat 2: StrongMercedes (small blind) folded before Flop
Seat 3: SevenDeuceSSuit (big blind) folded before Flop
Seat 4: Sailorliebe collected ($0.25)
Seat 5: PRace13 folded before Flop (didn't bet)
Seat 6: MarkRegen folded before Flop (didn't bet)



PokerStars Zoom Hand #255646845978:  Hold'em No Limit ($0.05/$0.10) - 2025/04/08 16:52:04 CET [2025/04/08 10:52:04 ET]
Table 'Aludra' 6-max Seat #1 is the button
Seat 1: Sirwoops ($3.10 in chips) 
Seat 2: ninoviejo ($10 in chips) 
Seat 3: Mahu2021 ($8.60 in chips) 
Seat 4: MarkRegen ($9.70 in chips) 
Seat 5: jenshgj ($9.90 in chips) 
Seat 6: FECM27 ($8.06 in chips) 
ninoviejo: posts small blind $0.05
Mahu2021: posts big blind $0.10
*** HOLE CARDS ***
Dealt to Mahu2021 [8h Qd]
MarkRegen: folds 
jenshgj is disconnected 
jenshgj has timed out while disconnected
jenshgj: folds 
FECM27: folds 
Sirwoops: folds 
ninoviejo: raises $0.20 to $0.30
Mahu2021: folds 
Uncalled bet ($0.20) returned to ninoviejo
ninoviejo collected $0.20 from pot
ninoviejo: doesn't show hand 
*** SUMMARY ***
Total pot $0.20 | Rake $0 
Seat 1: Sirwoops (button) folded before Flop (didn't bet)
Seat 2: ninoviejo (small blind) collected ($0.20)
Seat 3: Mahu2021 (big blind) folded before Flop
Seat 4: MarkRegen folded before Flop (didn't bet)
Seat 5: jenshgj folded before Flop (didn't bet)
Seat 6: FECM27 folded before Flop (didn't bet)



PokerStars Zoom Hand #255646849315:  Hold'em No Limit ($0.05/$0.10) - 2025/04/08 16:52:22 CET [2025/04/08 10:52:22 ET]
Table 'Aludra' 6-max Seat #1 is the button
Seat 1: PROSTOZIDAR ($4.31 in chips) 
Seat 2: Mahu2021 ($8.50 in chips) 
Seat 3: AceWise ($15.13 in chips) 
Seat 4: raik611 ($10.75 in chips) 
Seat 5: denis4250 ($8.96 in chips) 
Seat 6: Glaucou ($29.13 in chips) 
Mahu2021: posts small blind $0.05
AceWise: posts big blind $0.10
*** HOLE CARDS ***
Dealt to Mahu2021 [8s 9d]
raik611: raises $0.14 to $0.24
denis4250: folds 
Glaucou: folds 
PROSTOZIDAR: folds 
Mahu2021: folds 
AceWise: folds 
Uncalled bet ($0.14) returned to raik611
raik611 collected $0.25 from pot
raik611: doesn't show hand 
*** SUMMARY ***
Total pot $0.25 | Rake $0 
Seat 1: PROSTOZIDAR (button) folded before Flop (didn't bet)
Seat 2: Mahu2021 (small blind) folded before Flop
Seat 3: AceWise (big blind) folded before Flop
Seat 4: raik611 collected ($0.25)
Seat 5: denis4250 folded before Flop (didn't bet)
Seat 6: Glaucou folded before Flop (didn't bet)



PokerStars Zoom Hand #255646837604:  Hold'em No Limit ($0.05/$0.10) - 2025/04/08 16:51:17 CET [2025/04/08 10:51:17 ET]
Table 'Aludra' 6-max Seat #1 is the button
Seat 1: tal-kaj ($10 in chips) 
Seat 2: Mahu2021 ($8.85 in chips) 
Seat 3: AceWise ($15.13 in chips) 
Seat 4: WoozyFace ($10.97 in chips) 
Seat 5: Yuck0811 ($10 in chips) 
Seat 6: Die8 ($13.30 in chips) 
Mahu2021: posts small blind $0.05
AceWise: posts big blind $0.10
*** HOLE CARDS ***
Dealt to Mahu2021 [7h 5h]
WoozyFace: folds 
Yuck0811: folds 
Die8: raises $0.16 to $0.26
tal-kaj: calls $0.26
Mahu2021: folds 
AceWise: folds 
*** FLOP *** [4h 7c Ts]
Die8: checks 
tal-kaj: bets $0.21
Die8: folds 
Uncalled bet ($0.21) returned to tal-kaj
tal-kaj collected $0.64 from pot
tal-kaj: doesn't show hand 
*** SUMMARY ***
Total pot $0.67 | Rake $0.03 
Board [4h 7c Ts]
Seat 1: tal-kaj (button) collected ($0.64)
Seat 2: Mahu2021 (small blind) folded before Flop
Seat 3: AceWise (big blind) folded before Flop
Seat 4: WoozyFace folded before Flop (didn't bet)
Seat 5: Yuck0811 folded before Flop (didn't bet)
Seat 6: Die8 folded on the Flop



PokerStars Zoom Hand #255646850138:  Hold'em No Limit ($0.05/$0.10) - 2025/04/08 16:52:27 CET [2025/04/08 10:52:27 ET]
Table 'Aludra' 6-max Seat #1 is the button
Seat 1: Gto_gtfo ($11.20 in chips) 
Seat 2: grekozeus ($6.18 in chips) 
Seat 3: Rückiracki ($10 in chips) 
Seat 4: Mahu2021 ($8.45 in chips) 
Seat 5: putzkedudu ($10 in chips) 
Seat 6: StrongMercedes ($11.38 in chips) 
grekozeus: posts small blind $0.05
Rückiracki: posts big blind $0.10
*** HOLE CARDS ***
Dealt to Mahu2021 [Kh 2d]
Mahu2021: folds 
putzkedudu: folds 
StrongMercedes: folds 
Gto_gtfo: raises $0.15 to $0.25
grekozeus: calls $0.20
Rückiracki: folds 
*** FLOP *** [7s Qs 9s]
grekozeus: checks 
Gto_gtfo: bets $0.14
grekozeus: calls $0.14
*** TURN *** [7s Qs 9s] [3s]
grekozeus: checks 
Gto_gtfo: checks 
*** RIVER *** [7s Qs 9s 3s] [Jd]
grekozeus: bets $0.84
Gto_gtfo: calls $0.84
*** SHOW DOWN ***
grekozeus: shows [Ks Jh] (a flush, King high)
Gto_gtfo: mucks hand 
grekozeus collected $2.44 from pot
*** SUMMARY ***
Total pot $2.56 | Rake $0.12 
Board [7s Qs 9s 3s Jd]
Seat 1: Gto_gtfo (button) mucked [9d 9h]
Seat 2: grekozeus (small blind) showed [Ks Jh] and won ($2.44) with a flush, King high
Seat 3: Rückiracki (big blind) folded before Flop
Seat 4: Mahu2021 folded before Flop (didn't bet)
Seat 5: putzkedudu folded before Flop (didn't bet)
Seat 6: StrongMercedes folded before Flop (didn't bet)



PokerStars Zoom Hand #255646850975:  Hold'em No Limit ($0.05/$0.10) - 2025/04/08 16:52:31 CET [2025/04/08 10:52:31 ET]
Table 'Aludra' 6-max Seat #1 is the button
Seat 1: franz Z750 ($10.50 in chips) 
Seat 2: respectedD888 ($10.73 in chips) 
Seat 3: Mallardz ($16.90 in chips) 
Seat 4: Winik810 ($12.38 in chips) 
Seat 5: The Dunda ($10.46 in chips) 
Seat 6: Mahu2021 ($8.45 in chips) 
respectedD888: posts small blind $0.05
Mallardz: posts big blind $0.10
*** HOLE CARDS ***
Dealt to Mahu2021 [7c Kd]
Winik810: raises $0.20 to $0.30
The Dunda: raises $0.50 to $0.80
Mahu2021: folds 
franz Z750: folds 
respectedD888: folds 
Mallardz: folds 
Winik810: raises $1.70 to $2.50
The Dunda: folds 
Uncalled bet ($1.70) returned to Winik810
Winik810 collected $1.75 from pot
Winik810: doesn't show hand 
*** SUMMARY ***
Total pot $1.75 | Rake $0 
Seat 1: franz Z750 (button) folded before Flop (didn't bet)
Seat 2: respectedD888 (small blind) folded before Flop
Seat 3: Mallardz (big blind) folded before Flop
Seat 4: Winik810 collected ($1.75)
Seat 5: The Dunda folded before Flop
Seat 6: Mahu2021 folded before Flop (didn't bet)



PokerStars Zoom Hand #255646851952:  Hold'em No Limit ($0.05/$0.10) - 2025/04/08 16:52:37 CET [2025/04/08 10:52:37 ET]
Table 'Aludra' 6-max Seat #1 is the button
Seat 1: Gto_gtfo ($10 in chips) 
Seat 2: Sn1p3rBR ($13.69 in chips) 
Seat 3: Bur1k ($5.30 in chips) 
Seat 4: Shari RD ($12.14 in chips) 
Seat 5: Mahu2021 ($8.45 in chips) 
Seat 6: Rafael lig ($18.16 in chips) 
Sn1p3rBR: posts small blind $0.05
Bur1k: posts big blind $0.10
*** HOLE CARDS ***
Dealt to Mahu2021 [Td 9h]
Shari RD: folds 
Mahu2021: folds 
Rafael lig: folds 
Gto_gtfo: folds 
Sn1p3rBR: folds 
Uncalled bet ($0.05) returned to Bur1k
Bur1k collected $0.10 from pot
Bur1k: doesn't show hand 
*** SUMMARY ***
Total pot $0.10 | Rake $0 
Seat 1: Gto_gtfo (button) folded before Flop (didn't bet)
Seat 2: Sn1p3rBR (small blind) folded before Flop
Seat 3: Bur1k (big blind) collected ($0.10)
Seat 4: Shari RD folded before Flop (didn't bet)
Seat 5: Mahu2021 folded before Flop (didn't bet)
Seat 6: Rafael lig folded before Flop (didn't bet)



PokerStars Zoom Hand #255646853485:  Hold'em No Limit ($0.05/$0.10) - 2025/04/08 16:52:46 CET [2025/04/08 10:52:46 ET]
Table 'Aludra' 6-max Seat #1 is the button
Seat 1: The Dunda ($10 in chips) 
Seat 2: 15lawrencea ($22.13 in chips) 
Seat 3: Mahu2021 ($8.45 in chips) 
Seat 4: Bigbacon510 ($13.15 in chips) 
Seat 5: putzkedudu ($10 in chips) 
Seat 6: Withnai1 ($13.58 in chips) 
15lawrencea: posts small blind $0.05
Mahu2021: posts big blind $0.10
*** HOLE CARDS ***
Dealt to Mahu2021 [Jd 4d]
Bigbacon510: folds 
putzkedudu: folds 
Withnai1: folds 
The Dunda: folds 
15lawrencea: folds 
Uncalled bet ($0.05) returned to Mahu2021
Mahu2021 collected $0.10 from pot
Mahu2021: doesn't show hand 
*** SUMMARY ***
Total pot $0.10 | Rake $0 
Seat 1: The Dunda (button) folded before Flop (didn't bet)
Seat 2: 15lawrencea (small blind) folded before Flop
Seat 3: Mahu2021 (big blind) collected ($0.10)
Seat 4: Bigbacon510 folded before Flop (didn't bet)
Seat 5: putzkedudu folded before Flop (didn't bet)
Seat 6: Withnai1 folded before Flop (didn't bet)



PokerStars Zoom Hand #255646855231:  Hold'em No Limit ($0.05/$0.10) - 2025/04/08 16:52:55 CET [2025/04/08 10:52:55 ET]
Table 'Aludra' 6-max Seat #1 is the button
Seat 1: respectedD888 ($15.94 in chips) 
Seat 2: Mahu2021 ($8.50 in chips) 
Seat 3: PRace13 ($10.15 in chips) 
Seat 4: prettika ($7.67 in chips) 
Seat 5: GODR2 ($10 in chips) 
Seat 6: coolDadJimbo ($10 in chips) 
Mahu2021: posts small blind $0.05
PRace13: posts big blind $0.10
*** HOLE CARDS ***
Dealt to Mahu2021 [6s 2c]
prettika: folds 
GODR2: folds 
coolDadJimbo: folds 
respectedD888: raises $0.14 to $0.24
Mahu2021: folds 
PRace13: folds 
Uncalled bet ($0.14) returned to respectedD888
respectedD888 collected $0.25 from pot
respectedD888: doesn't show hand 
*** SUMMARY ***
Total pot $0.25 | Rake $0 
Seat 1: respectedD888 (button) collected ($0.25)
Seat 2: Mahu2021 (small blind) folded before Flop
Seat 3: PRace13 (big blind) folded before Flop
Seat 4: prettika folded before Flop (didn't bet)
Seat 5: GODR2 folded before Flop (didn't bet)
Seat 6: coolDadJimbo folded before Flop (didn't bet)



PokerStars Zoom Hand #255646852854:  Hold'em No Limit ($0.05/$0.10) - 2025/04/08 16:52:42 CET [2025/04/08 10:52:42 ET]
Table 'Aludra' 6-max Seat #1 is the button
Seat 1: StrongMercedes ($11.33 in chips) 
Seat 2: PRace13 ($10.20 in chips) 
Seat 3: Luffy V ($10.15 in chips) 
Seat 4: Mahu2021 ($8.45 in chips) 
Seat 5: Rafael lig ($18.16 in chips) 
Seat 6: Matzet1ka ($10 in chips) 
PRace13: posts small blind $0.05
Luffy V: posts big blind $0.10
*** HOLE CARDS ***
Dealt to Mahu2021 [6d Qh]
Mahu2021: folds 
Rafael lig: raises $0.14 to $0.24
Matzet1ka: folds 
StrongMercedes: raises $0.51 to $0.75
PRace13: folds 
Luffy V: raises $1.40 to $2.15
Rafael lig: folds 
StrongMercedes: folds 
Uncalled bet ($1.40) returned to Luffy V
Luffy V collected $1.79 from pot
Luffy V: doesn't show hand 
*** SUMMARY ***
Total pot $1.79 | Rake $0 
Seat 1: StrongMercedes (button) folded before Flop
Seat 2: PRace13 (small blind) folded before Flop
Seat 3: Luffy V (big blind) collected ($1.79)
Seat 4: Mahu2021 folded before Flop (didn't bet)
Seat 5: Rafael lig folded before Flop
Seat 6: Matzet1ka folded before Flop (didn't bet)



PokerStars Zoom Hand #255646857608:  Hold'em No Limit ($0.05/$0.10) - 2025/04/08 16:53:08 CET [2025/04/08 10:53:08 ET]
Table 'Aludra' 6-max Seat #1 is the button
Seat 1: The Dunda ($10.23 in chips) 
Seat 2: v4valter88 ($10.70 in chips) 
Seat 3: citizen6e ($10.71 in chips) 
Seat 4: MyTHaeBoka ($12.22 in chips) 
Seat 5: Mahu2021 ($8.45 in chips) 
Seat 6: GODR2 ($10 in chips) 
v4valter88: posts small blind $0.05
citizen6e: posts big blind $0.10
*** HOLE CARDS ***
Dealt to Mahu2021 [7h Kd]
MyTHaeBoka: folds 
Mahu2021: folds 
GODR2: folds 
The Dunda: folds 
v4valter88: folds 
Uncalled bet ($0.05) returned to citizen6e
citizen6e collected $0.10 from pot
citizen6e: doesn't show hand 
*** SUMMARY ***
Total pot $0.10 | Rake $0 
Seat 1: The Dunda (button) folded before Flop (didn't bet)
Seat 2: v4valter88 (small blind) folded before Flop
Seat 3: citizen6e (big blind) collected ($0.10)
Seat 4: MyTHaeBoka folded before Flop (didn't bet)
Seat 5: Mahu2021 folded before Flop (didn't bet)
Seat 6: GODR2 folded before Flop (didn't bet)



PokerStars Zoom Hand #255646856684:  Hold'em No Limit ($0.05/$0.10) - 2025/04/08 16:53:03 CET [2025/04/08 10:53:03 ET]
Table 'Aludra' 6-max Seat #1 is the button
Seat 1: Withnai1 ($13.53 in chips) 
Seat 2: mickmoe ($8.21 in chips) 
Seat 3: Winik810 ($13.33 in chips) 
Seat 4: citizen6e ($10.71 in chips) 
Seat 5: Sailorliebe ($14.12 in chips) 
Seat 6: Mahu2021 ($8.45 in chips) 
mickmoe: posts small blind $0.05
Winik810: posts big blind $0.10
*** HOLE CARDS ***
Dealt to Mahu2021 [4h Qc]
citizen6e: folds 
Sailorliebe: raises $0.15 to $0.25
Mahu2021: folds 
Withnai1: folds 
mickmoe: folds 
Winik810: folds 
Uncalled bet ($0.15) returned to Sailorliebe
Sailorliebe collected $0.25 from pot
Sailorliebe: doesn't show hand 
*** SUMMARY ***
Total pot $0.25 | Rake $0 
Seat 1: Withnai1 (button) folded before Flop (didn't bet)
Seat 2: mickmoe (small blind) folded before Flop
Seat 3: Winik810 (big blind) folded before Flop
Seat 4: citizen6e folded before Flop (didn't bet)
Seat 5: Sailorliebe collected ($0.25)
Seat 6: Mahu2021 folded before Flop (didn't bet)



PokerStars Zoom Hand #255646858516:  Hold'em No Limit ($0.05/$0.10) - 2025/04/08 16:53:13 CET [2025/04/08 10:53:13 ET]
Table 'Aludra' 6-max Seat #1 is the button
Seat 1: GODR2 ($10.40 in chips) 
Seat 2: Ghitan0921 ($10.51 in chips) 
Seat 3: Mahu2021 ($8.45 in chips) 
Seat 4: bloodedesert ($14.37 in chips) 
Seat 5: templof ($10.81 in chips) 
Seat 6: Orstednyan ($10.83 in chips) 
Ghitan0921: posts small blind $0.05
Mahu2021: posts big blind $0.10
*** HOLE CARDS ***
Dealt to Mahu2021 [4c 4d]
bloodedesert: folds 
templof: folds 
Orstednyan: raises $0.14 to $0.24
GODR2: folds 
Ghitan0921: folds 
Mahu2021: calls $0.14
*** FLOP *** [Jc 3s Td]
Mahu2021: bets $0.30
Orstednyan: calls $0.30
*** TURN *** [Jc 3s Td] [Kc]
Mahu2021: checks 
Orstednyan: checks 
*** RIVER *** [Jc 3s Td Kc] [Kh]
Mahu2021: checks 
Orstednyan: checks 
*** SHOW DOWN ***
Mahu2021: shows [4c 4d] (two pair, Kings and Fours)
Orstednyan: shows [Js Ac] (two pair, Kings and Jacks)
Orstednyan collected $1.08 from pot
*** SUMMARY ***
Total pot $1.13 | Rake $0.05 
Board [Jc 3s Td Kc Kh]
Seat 1: GODR2 (button) folded before Flop (didn't bet)
Seat 2: Ghitan0921 (small blind) folded before Flop
Seat 3: Mahu2021 (big blind) showed [4c 4d] and lost with two pair, Kings and Fours
Seat 4: bloodedesert folded before Flop (didn't bet)
Seat 5: templof folded before Flop (didn't bet)
Seat 6: Orstednyan showed [Js Ac] and won ($1.08) with two pair, Kings and Jacks



PokerStars Zoom Hand #255646855904:  Hold'em No Limit ($0.05/$0.10) - 2025/04/08 16:52:59 CET [2025/04/08 10:52:59 ET]
Table 'Aludra' 6-max Seat #1 is the button
Seat 1: Mahu2021 ($8.45 in chips) 
Seat 2: Gto_gtfo ($10 in chips) 
Seat 3: BluffsLord ($10.17 in chips) 
Seat 4: putzkedudu ($11.86 in chips) 
Seat 5: vananej ($11.48 in chips) 
Seat 6: tal-kaj ($10.38 in chips) 
Gto_gtfo: posts small blind $0.05
BluffsLord: posts big blind $0.10
*** HOLE CARDS ***
Dealt to Mahu2021 [6s Th]
putzkedudu: folds 
vananej: folds 
tal-kaj: raises $0.15 to $0.25
Mahu2021: folds 
Gto_gtfo: folds 
BluffsLord: calls $0.15
*** FLOP *** [Jd Kh 9c]
BluffsLord: checks 
tal-kaj: checks 
*** TURN *** [Jd Kh 9c] [6d]
BluffsLord: checks 
tal-kaj: bets $0.36
BluffsLord: folds 
Uncalled bet ($0.36) returned to tal-kaj
tal-kaj collected $0.53 from pot
tal-kaj: doesn't show hand 
*** SUMMARY ***
Total pot $0.55 | Rake $0.02 
Board [Jd Kh 9c 6d]
Seat 1: Mahu2021 (button) folded before Flop (didn't bet)
Seat 2: Gto_gtfo (small blind) folded before Flop
Seat 3: BluffsLord (big blind) folded on the Turn
Seat 4: putzkedudu folded before Flop (didn't bet)
Seat 5: vananej folded before Flop (didn't bet)
Seat 6: tal-kaj collected ($0.53)



PokerStars Zoom Hand #255646865414:  Hold'em No Limit ($0.05/$0.10) - 2025/04/08 16:53:52 CET [2025/04/08 10:53:52 ET]
Table 'Aludra' 6-max Seat #1 is the button
Seat 1: Blast4Sure ($10 in chips) 
Seat 2: MTziiinn ($10.05 in chips) 
Seat 3: Baratrum777 ($11.06 in chips) 
Seat 4: grekozeus ($8.83 in chips) 
Seat 5: Mahu2021 ($7.91 in chips) 
Seat 6: v4valter88 ($10.50 in chips) 
MTziiinn: posts small blind $0.05
Baratrum777: posts big blind $0.10
*** HOLE CARDS ***
Dealt to Mahu2021 [8h 8s]
grekozeus: folds 
Mahu2021: raises $0.11 to $0.21
v4valter88: folds 
Blast4Sure: calls $0.21
MTziiinn: folds 
Baratrum777: folds 
*** FLOP *** [6c 8c 2s]
Mahu2021: checks 
Blast4Sure: checks 
*** TURN *** [6c 8c 2s] [Kh]
Mahu2021: bets $0.54
Blast4Sure: calls $0.54
*** RIVER *** [6c 8c 2s Kh] [5s]
Mahu2021: bets $1.58
Blast4Sure: folds 
Uncalled bet ($1.58) returned to Mahu2021
Mahu2021 collected $1.58 from pot
Mahu2021: doesn't show hand 
*** SUMMARY ***
Total pot $1.65 | Rake $0.07 
Board [6c 8c 2s Kh 5s]
Seat 1: Blast4Sure (button) folded on the River
Seat 2: MTziiinn (small blind) folded before Flop
Seat 3: Baratrum777 (big blind) folded before Flop
Seat 4: grekozeus folded before Flop (didn't bet)
Seat 5: Mahu2021 collected ($1.58)
Seat 6: v4valter88 folded before Flop (didn't bet)



PokerStars Zoom Hand #255646877079:  Hold'em No Limit ($0.05/$0.10) - 2025/04/08 16:54:56 CET [2025/04/08 10:54:56 ET]
Table 'Aludra' 6-max Seat #1 is the button
Seat 1: The Dunda ($10 in chips) 
Seat 2: Luffy V ($10 in chips) 
Seat 3: Footraiser ($10 in chips) 
Seat 4: Mahu2021 ($8.74 in chips) 
Seat 5: putzkedudu ($11.54 in chips) 
Seat 6: sabrisodre ($8.97 in chips) 
Luffy V: posts small blind $0.05
Footraiser: posts big blind $0.10
*** HOLE CARDS ***
Dealt to Mahu2021 [Ah 8c]
Mahu2021: folds 
putzkedudu: folds 
sabrisodre: folds 
The Dunda: folds 
Luffy V: folds 
Uncalled bet ($0.05) returned to Footraiser
Footraiser collected $0.10 from pot
Footraiser: doesn't show hand 
*** SUMMARY ***
Total pot $0.10 | Rake $0 
Seat 1: The Dunda (button) folded before Flop (didn't bet)
Seat 2: Luffy V (small blind) folded before Flop
Seat 3: Footraiser (big blind) collected ($0.10)
Seat 4: Mahu2021 folded before Flop (didn't bet)
Seat 5: putzkedudu folded before Flop (didn't bet)
Seat 6: sabrisodre folded before Flop (didn't bet)



PokerStars Zoom Hand #255646877779:  Hold'em No Limit ($0.05/$0.10) - 2025/04/08 16:55:00 CET [2025/04/08 10:55:00 ET]
Table 'Aludra' 6-max Seat #1 is the button
Seat 1: Sn1p3rBR ($12.69 in chips) 
Seat 2: Mahu2021 ($8.74 in chips) 
Seat 3: The Dunda ($10 in chips) 
Seat 4: PRace13 ($10 in chips) 
Seat 5: BluffsLord ($13.52 in chips) 
Seat 6: MarkRegen ($9.07 in chips) 
Mahu2021: posts small blind $0.05
The Dunda: posts big blind $0.10
*** HOLE CARDS ***
Dealt to Mahu2021 [9c Th]
PRace13: folds 
BluffsLord: folds 
MarkRegen: folds 
Sn1p3rBR: raises $0.15 to $0.25
Mahu2021: folds 
The Dunda: folds 
Uncalled bet ($0.15) returned to Sn1p3rBR
Sn1p3rBR collected $0.25 from pot
Sn1p3rBR: doesn't show hand 
*** SUMMARY ***
Total pot $0.25 | Rake $0 
Seat 1: Sn1p3rBR (button) collected ($0.25)
Seat 2: Mahu2021 (small blind) folded before Flop
Seat 3: The Dunda (big blind) folded before Flop
Seat 4: PRace13 folded before Flop (didn't bet)
Seat 5: BluffsLord folded before Flop (didn't bet)
Seat 6: MarkRegen folded before Flop (didn't bet)



PokerStars Zoom Hand #255646879721:  Hold'em No Limit ($0.05/$0.10) - 2025/04/08 16:55:11 CET [2025/04/08 10:55:11 ET]
Table 'Aludra' 6-max Seat #1 is the button
Seat 1: Mahu2021 ($8.69 in chips) 
Seat 2: PRace13 ($10 in chips) 
Seat 3: allrauneR ($2.22 in chips) 
Seat 4: Yuck0811 ($10.15 in chips) 
Seat 5: doccian ($31.26 in chips) 
Seat 6: MTziiinn ($10 in chips) 
PRace13: posts small blind $0.05
allrauneR: posts big blind $0.10
*** HOLE CARDS ***
Dealt to Mahu2021 [Ks Jd]
Yuck0811: folds 
doccian: raises $0.15 to $0.25
MTziiinn: folds 
Mahu2021: calls $0.25
PRace13: calls $0.20
allrauneR: folds 
*** FLOP *** [Kh 2d 3d]
PRace13: checks 
doccian: checks 
Mahu2021: bets $0.40
PRace13: folds 
doccian: folds 
Uncalled bet ($0.40) returned to Mahu2021
Mahu2021 collected $0.81 from pot
Mahu2021: doesn't show hand 
*** SUMMARY ***
Total pot $0.85 | Rake $0.04 
Board [Kh 2d 3d]
Seat 1: Mahu2021 (button) collected ($0.81)
Seat 2: PRace13 (small blind) folded on the Flop
Seat 3: allrauneR (big blind) folded before Flop
Seat 4: Yuck0811 folded before Flop (didn't bet)
Seat 5: doccian folded on the Flop
Seat 6: MTziiinn folded before Flop (didn't bet)



PokerStars Zoom Hand #255646882859:  Hold'em No Limit ($0.05/$0.10) - 2025/04/08 16:55:33 CET [2025/04/08 10:55:33 ET]
Table 'Aludra' 6-max Seat #1 is the button
Seat 1: Matzet1ka ($10.43 in chips) 
Seat 2: 15lawrencea ($21.71 in chips) 
Seat 3: dsanchez11 ($15.59 in chips) 
Seat 4: Sailorliebe ($13.34 in chips) 
Seat 5: DIMBA1977 ($8.31 in chips) 
Seat 6: Mahu2021 ($9.25 in chips) 
15lawrencea: posts small blind $0.05
dsanchez11: posts big blind $0.10
*** HOLE CARDS ***
Dealt to Mahu2021 [Qd 8c]
Sailorliebe: raises $0.15 to $0.25
DIMBA1977: calls $0.25
Mahu2021: folds 
Matzet1ka: raises $0.95 to $1.20
15lawrencea: folds 
dsanchez11: folds 
Sailorliebe: folds 
DIMBA1977: folds 
Uncalled bet ($0.95) returned to Matzet1ka
Matzet1ka collected $0.90 from pot
Matzet1ka: doesn't show hand 
*** SUMMARY ***
Total pot $0.90 | Rake $0 
Seat 1: Matzet1ka (button) collected ($0.90)
Seat 2: 15lawrencea (small blind) folded before Flop
Seat 3: dsanchez11 (big blind) folded before Flop
Seat 4: Sailorliebe folded before Flop
Seat 5: DIMBA1977 folded before Flop
Seat 6: Mahu2021 folded before Flop (didn't bet)



PokerStars Zoom Hand #255646883396:  Hold'em No Limit ($0.05/$0.10) - 2025/04/08 16:55:37 CET [2025/04/08 10:55:37 ET]
Table 'Aludra' 6-max Seat #1 is the button
Seat 1: Hokazono Iroha ($15.86 in chips) 
Seat 2: A_Rommel ($15.82 in chips) 
Seat 3: 15lawrencea ($21.66 in chips) 
Seat 4: Mahu2021 ($9.25 in chips) 
Seat 5: PRace13 ($10 in chips) 
Seat 6: Winik810 ($13.18 in chips) 
A_Rommel: posts small blind $0.05
15lawrencea: posts big blind $0.10
*** HOLE CARDS ***
Dealt to Mahu2021 [5d 2h]
Mahu2021: folds 
PRace13: folds 
Winik810: folds 
Hokazono Iroha: folds 
A_Rommel: raises $0.20 to $0.30
15lawrencea: folds 
Uncalled bet ($0.20) returned to A_Rommel
A_Rommel collected $0.20 from pot
A_Rommel: doesn't show hand 
*** SUMMARY ***
Total pot $0.20 | Rake $0 
Seat 1: Hokazono Iroha (button) folded before Flop (didn't bet)
Seat 2: A_Rommel (small blind) collected ($0.20)
Seat 3: 15lawrencea (big blind) folded before Flop
Seat 4: Mahu2021 folded before Flop (didn't bet)
Seat 5: PRace13 folded before Flop (didn't bet)
Seat 6: Winik810 folded before Flop (didn't bet)



PokerStars Zoom Hand #255646884508:  Hold'em No Limit ($0.05/$0.10) - 2025/04/08 16:55:45 CET [2025/04/08 10:55:45 ET]
Table 'Aludra' 6-max Seat #1 is the button
Seat 1: putzkedudu ($10 in chips) 
Seat 2: BluffsLord ($10 in chips) 
Seat 3: Mahu2021 ($9.25 in chips) 
Seat 4: The Dunda ($10 in chips) 
Seat 5: templof ($11.11 in chips) 
Seat 6: cowboyniKK ($7.87 in chips) 
BluffsLord: posts small blind $0.05
Mahu2021: posts big blind $0.10
*** HOLE CARDS ***
Dealt to Mahu2021 [7h 2d]
The Dunda: folds 
templof: folds 
cowboyniKK: folds 
putzkedudu: raises $0.10 to $0.20
BluffsLord: folds 
Mahu2021: folds 
Uncalled bet ($0.10) returned to putzkedudu
putzkedudu collected $0.25 from pot
putzkedudu: doesn't show hand 
*** SUMMARY ***
Total pot $0.25 | Rake $0 
Seat 1: putzkedudu (button) collected ($0.25)
Seat 2: BluffsLord (small blind) folded before Flop
Seat 3: Mahu2021 (big blind) folded before Flop
Seat 4: The Dunda folded before Flop (didn't bet)
Seat 5: templof folded before Flop (didn't bet)
Seat 6: cowboyniKK folded before Flop (didn't bet)



PokerStars Zoom Hand #255646885694:  Hold'em No Limit ($0.05/$0.10) - 2025/04/08 16:55:54 CET [2025/04/08 10:55:54 ET]
Table 'Aludra' 6-max Seat #1 is the button
Seat 1: Hokazono Iroha ($12.63 in chips) 
Seat 2: Mahu2021 ($9.15 in chips) 
Seat 3: Matzet1ka ($11.40 in chips) 
Seat 4: SevenDeuceSSuit ($13.19 in chips) 
Seat 5: Luffy V ($13.19 in chips) 
Seat 6: Sailorliebe ($13.09 in chips) 
Mahu2021: posts small blind $0.05
Matzet1ka: posts big blind $0.10
*** HOLE CARDS ***
Dealt to Mahu2021 [4c 3s]
SevenDeuceSSuit: folds 
Luffy V: raises $0.15 to $0.25
Sailorliebe: folds 
Hokazono Iroha: folds 
Mahu2021: folds 
Matzet1ka: folds 
Uncalled bet ($0.15) returned to Luffy V
Luffy V collected $0.25 from pot
Luffy V: doesn't show hand 
*** SUMMARY ***
Total pot $0.25 | Rake $0 
Seat 1: Hokazono Iroha (button) folded before Flop (didn't bet)
Seat 2: Mahu2021 (small blind) folded before Flop
Seat 3: Matzet1ka (big blind) folded before Flop
Seat 4: SevenDeuceSSuit folded before Flop (didn't bet)
Seat 5: Luffy V collected ($0.25)
Seat 6: Sailorliebe folded before Flop (didn't bet)



PokerStars Zoom Hand #255646886787:  Hold'em No Limit ($0.05/$0.10) - 2025/04/08 16:56:02 CET [2025/04/08 10:56:02 ET]
Table 'Aludra' 6-max Seat #1 is the button
Seat 1: PROSTOZIDAR ($4.03 in chips) 
Seat 2: MegaTbp1 ($10.05 in chips) 
Seat 3: koroto2 ($6.01 in chips) 
Seat 4: templof ($11.01 in chips) 
Seat 5: Mahu2021 ($9.10 in chips) 
Seat 6: Kristjan Lõv ($8.58 in chips) 
MegaTbp1: posts small blind $0.05
koroto2: posts big blind $0.10
*** HOLE CARDS ***
Dealt to Mahu2021 [9d 2d]
templof: folds 
Mahu2021: folds 
Kristjan Lõv: folds 
PROSTOZIDAR: raises $0.10 to $0.20
MegaTbp1: folds 
koroto2: folds 
Uncalled bet ($0.10) returned to PROSTOZIDAR
PROSTOZIDAR collected $0.25 from pot
PROSTOZIDAR: doesn't show hand 
*** SUMMARY ***
Total pot $0.25 | Rake $0 
Seat 1: PROSTOZIDAR (button) collected ($0.25)
Seat 2: MegaTbp1 (small blind) folded before Flop
Seat 3: koroto2 (big blind) folded before Flop
Seat 4: templof folded before Flop (didn't bet)
Seat 5: Mahu2021 folded before Flop (didn't bet)
Seat 6: Kristjan Lõv folded before Flop (didn't bet)



PokerStars Zoom Hand #255646887255:  Hold'em No Limit ($0.05/$0.10) - 2025/04/08 16:56:05 CET [2025/04/08 10:56:05 ET]
Table 'Aludra' 6-max Seat #1 is the button
Seat 1: dsanchez11 ($10.71 in chips) 
Seat 2: citizen6e ($10.50 in chips) 
Seat 3: Mahu2021 ($9.10 in chips) 
Seat 4: tonyid001 ($10.23 in chips) 
Seat 5: 15lawrencea ($21.56 in chips) 
Seat 6: Bur1k ($5.15 in chips) 
citizen6e: posts small blind $0.05
Mahu2021: posts big blind $0.10
*** HOLE CARDS ***
Dealt to Mahu2021 [6c 2h]
tonyid001: folds 
15lawrencea: folds 
Bur1k: folds 
dsanchez11: raises $0.15 to $0.25
citizen6e: folds 
Mahu2021: folds 
Uncalled bet ($0.15) returned to dsanchez11
dsanchez11 collected $0.25 from pot
dsanchez11: doesn't show hand 
*** SUMMARY ***
Total pot $0.25 | Rake $0 
Seat 1: dsanchez11 (button) collected ($0.25)
Seat 2: citizen6e (small blind) folded before Flop
Seat 3: Mahu2021 (big blind) folded before Flop
Seat 4: tonyid001 folded before Flop (didn't bet)
Seat 5: 15lawrencea folded before Flop (didn't bet)
Seat 6: Bur1k folded before Flop (didn't bet)



PokerStars Zoom Hand #255646886236:  Hold'em No Limit ($0.05/$0.10) - 2025/04/08 16:55:57 CET [2025/04/08 10:55:57 ET]
Table 'Aludra' 6-max Seat #1 is the button
Seat 1: Mahu2021 ($9.10 in chips) 
Seat 2: Rückiracki ($10.02 in chips) 
Seat 3: DIMBA1977 ($8.06 in chips) 
Seat 4: downsynjerome ($12.75 in chips) 
Seat 5: StrongMercedes ($10 in chips) 
Seat 6: Gto_gtfo ($10 in chips) 
Rückiracki: posts small blind $0.05
DIMBA1977: posts big blind $0.10
*** HOLE CARDS ***
Dealt to Mahu2021 [2c Ks]
downsynjerome: raises $0.10 to $0.20
StrongMercedes: folds 
Gto_gtfo: folds 
Mahu2021: folds 
Rückiracki: raises $0.10 to $0.30
DIMBA1977: folds 
downsynjerome: calls $0.10
*** FLOP *** [4s 6s 6h]
Rückiracki: checks 
downsynjerome: bets $0.34
Rückiracki: calls $0.34
*** TURN *** [4s 6s 6h] [8h]
Rückiracki: checks 
downsynjerome: bets $0.92
Rückiracki: folds 
Uncalled bet ($0.92) returned to downsynjerome
downsynjerome collected $1.32 from pot
downsynjerome: doesn't show hand 
*** SUMMARY ***
Total pot $1.38 | Rake $0.06 
Board [4s 6s 6h 8h]
Seat 1: Mahu2021 (button) folded before Flop (didn't bet)
Seat 2: Rückiracki (small blind) folded on the Turn
Seat 3: DIMBA1977 (big blind) folded before Flop
Seat 4: downsynjerome collected ($1.32)
Seat 5: StrongMercedes folded before Flop (didn't bet)
Seat 6: Gto_gtfo folded before Flop (didn't bet)



PokerStars Zoom Hand #255646890099:  Hold'em No Limit ($0.05/$0.10) - 2025/04/08 16:56:25 CET [2025/04/08 10:56:25 ET]
Table 'Aludra' 6-max Seat #1 is the button
Seat 1: The Dunda ($10 in chips) 
Seat 2: Mahu2021 ($9 in chips) 
Seat 3: willpea2 ($34.58 in chips) 
Seat 4: StrongMercedes ($19.35 in chips) 
Seat 5: GIORGI5909 ($8.32 in chips) 
Seat 6: Hokazono Iroha ($12.48 in chips) 
Mahu2021: posts small blind $0.05
willpea2: posts big blind $0.10
*** HOLE CARDS ***
Dealt to Mahu2021 [Qs Qh]
StrongMercedes: folds 
GIORGI5909: folds 
Hokazono Iroha: folds 
The Dunda: folds 
Mahu2021: raises $0.20 to $0.30
willpea2: folds 
Uncalled bet ($0.20) returned to Mahu2021
Mahu2021 collected $0.20 from pot
Mahu2021: doesn't show hand 
*** SUMMARY ***
Total pot $0.20 | Rake $0 
Seat 1: The Dunda (button) folded before Flop (didn't bet)
Seat 2: Mahu2021 (small blind) collected ($0.20)
Seat 3: willpea2 (big blind) folded before Flop
Seat 4: StrongMercedes folded before Flop (didn't bet)
Seat 5: GIORGI5909 folded before Flop (didn't bet)
Seat 6: Hokazono Iroha folded before Flop (didn't bet)



PokerStars Zoom Hand #255646893385:  Hold'em No Limit ($0.05/$0.10) - 2025/04/08 16:56:48 CET [2025/04/08 10:56:48 ET]
Table 'Aludra' 6-max Seat #1 is the button
Seat 1: bloodedesert ($12.41 in chips) 
Seat 2: Blast4Sure ($10 in chips) 
Seat 3: The Dunda ($10.23 in chips) 
Seat 4: MTziiinn ($11.09 in chips) 
Seat 5: BradocckPro ($5.63 in chips) 
Seat 6: Mahu2021 ($9.10 in chips) 
Blast4Sure: posts small blind $0.05
The Dunda: posts big blind $0.10
*** HOLE CARDS ***
Dealt to Mahu2021 [2c 8d]
MTziiinn: folds 
BradocckPro: folds 
Mahu2021: folds 
bloodedesert: folds 
Blast4Sure: folds 
Uncalled bet ($0.05) returned to The Dunda
The Dunda collected $0.10 from pot
The Dunda: doesn't show hand 
*** SUMMARY ***
Total pot $0.10 | Rake $0 
Seat 1: bloodedesert (button) folded before Flop (didn't bet)
Seat 2: Blast4Sure (small blind) folded before Flop
Seat 3: The Dunda (big blind) collected ($0.10)
Seat 4: MTziiinn folded before Flop (didn't bet)
Seat 5: BradocckPro folded before Flop (didn't bet)
Seat 6: Mahu2021 folded before Flop (didn't bet)



PokerStars Zoom Hand #255646894532:  Hold'em No Limit ($0.05/$0.10) - 2025/04/08 16:56:57 CET [2025/04/08 10:56:57 ET]
Table 'Aludra' 6-max Seat #1 is the button
Seat 1: Mahu2021 ($9.10 in chips) 
Seat 2: Baratrum777 ($10.64 in chips) 
Seat 3: Lanziee ($10 in chips) 
Seat 4: The Dunda ($10.66 in chips) 
Seat 5: Matzet1ka ($10 in chips) 
Seat 6: denis4250 ($6 in chips) 
Baratrum777: posts small blind $0.05
Lanziee: posts big blind $0.10
*** HOLE CARDS ***
Dealt to Mahu2021 [Jd 3s]
The Dunda: folds 
Matzet1ka: folds 
denis4250: folds 
Mahu2021: folds 
Baratrum777: raises $0.20 to $0.30
Lanziee: folds 
Uncalled bet ($0.20) returned to Baratrum777
Baratrum777 collected $0.20 from pot
Baratrum777: doesn't show hand 
*** SUMMARY ***
Total pot $0.20 | Rake $0 
Seat 1: Mahu2021 (button) folded before Flop (didn't bet)
Seat 2: Baratrum777 (small blind) collected ($0.20)
Seat 3: Lanziee (big blind) folded before Flop
Seat 4: The Dunda folded before Flop (didn't bet)
Seat 5: Matzet1ka folded before Flop (didn't bet)
Seat 6: denis4250 folded before Flop (didn't bet)



PokerStars Zoom Hand #255646896000:  Hold'em No Limit ($0.05/$0.10) - 2025/04/08 16:57:07 CET [2025/04/08 10:57:07 ET]
Table 'Aludra' 6-max Seat #1 is the button
Seat 1: WoozyFace ($10.89 in chips) 
Seat 2: Matzet1ka ($11.15 in chips) 
Seat 3: Mahu2021 ($9.10 in chips) 
Seat 4: viceman82 ($9.20 in chips) 
Seat 5: Blast4Sure ($10 in chips) 
Seat 6: Zangetsu2000 ($9.84 in chips) 
Matzet1ka: posts small blind $0.05
Mahu2021: posts big blind $0.10
*** HOLE CARDS ***
Dealt to Mahu2021 [Ks 7d]
viceman82: raises $0.10 to $0.20
Blast4Sure: folds 
Zangetsu2000: folds 
WoozyFace: folds 
Matzet1ka: folds 
Mahu2021: folds 
Uncalled bet ($0.10) returned to viceman82
viceman82 collected $0.25 from pot
viceman82: doesn't show hand 
*** SUMMARY ***
Total pot $0.25 | Rake $0 
Seat 1: WoozyFace (button) folded before Flop (didn't bet)
Seat 2: Matzet1ka (small blind) folded before Flop
Seat 3: Mahu2021 (big blind) folded before Flop
Seat 4: viceman82 collected ($0.25)
Seat 5: Blast4Sure folded before Flop (didn't bet)
Seat 6: Zangetsu2000 folded before Flop (didn't bet)



PokerStars Zoom Hand #255646895610:  Hold'em No Limit ($0.05/$0.10) - 2025/04/08 16:57:04 CET [2025/04/08 10:57:04 ET]
Table 'Aludra' 6-max Seat #1 is the button
Seat 1: koroto2 ($5.81 in chips) 
Seat 2: putzkedudu ($10.29 in chips) 
Seat 3: PROSTOZIDAR ($4.80 in chips) 
Seat 4: BluffsLord ($10 in chips) 
Seat 5: Mahu2021 ($9.10 in chips) 
Seat 6: 15lawrencea ($45.12 in chips) 
putzkedudu: posts small blind $0.05
PROSTOZIDAR: posts big blind $0.10
*** HOLE CARDS ***
Dealt to Mahu2021 [8s 4c]
BluffsLord: raises $0.15 to $0.25
Mahu2021: folds 
15lawrencea: folds 
koroto2: folds 
putzkedudu: folds 
PROSTOZIDAR: folds 
Uncalled bet ($0.15) returned to BluffsLord
BluffsLord collected $0.25 from pot
BluffsLord: doesn't show hand 
*** SUMMARY ***
Total pot $0.25 | Rake $0 
Seat 1: koroto2 (button) folded before Flop (didn't bet)
Seat 2: putzkedudu (small blind) folded before Flop
Seat 3: PROSTOZIDAR (big blind) folded before Flop
Seat 4: BluffsLord collected ($0.25)
Seat 5: Mahu2021 folded before Flop (didn't bet)
Seat 6: 15lawrencea folded before Flop (didn't bet)



PokerStars Zoom Hand #255646893960:  Hold'em No Limit ($0.05/$0.10) - 2025/04/08 16:56:53 CET [2025/04/08 10:56:53 ET]
Table 'Aludra' 6-max Seat #1 is the button
Seat 1: denis4250 ($6 in chips) 
Seat 2: bloodedesert ($12.41 in chips) 
Seat 3: Ghitan0921 ($11.36 in chips) 
Seat 4: Glaucou ($28.73 in chips) 
Seat 5: whit&sh@rk ($10.15 in chips) 
Seat 6: Mahu2021 ($9.10 in chips) 
bloodedesert: posts small blind $0.05
Ghitan0921: posts big blind $0.10
*** HOLE CARDS ***
Dealt to Mahu2021 [9s 2c]
Glaucou: folds 
whit&sh@rk: folds 
Mahu2021: folds 
denis4250: folds 
bloodedesert: raises $0.20 to $0.30
Ghitan0921: calls $0.20
*** FLOP *** [3h Qd 6h]
bloodedesert: bets $0.19
Ghitan0921: calls $0.19
*** TURN *** [3h Qd 6h] [Qc]
bloodedesert: checks 
Ghitan0921: checks 
*** RIVER *** [3h Qd 6h Qc] [As]
bloodedesert: checks 
Ghitan0921: checks 
*** SHOW DOWN ***
bloodedesert: shows [Jd Jc] (two pair, Queens and Jacks)
Ghitan0921: mucks hand 
bloodedesert collected $0.94 from pot
*** SUMMARY ***
Total pot $0.98 | Rake $0.04 
Board [3h Qd 6h Qc As]
Seat 1: denis4250 (button) folded before Flop (didn't bet)
Seat 2: bloodedesert (small blind) showed [Jd Jc] and won ($0.94) with two pair, Queens and Jacks
Seat 3: Ghitan0921 (big blind) mucked [6d 5d]
Seat 4: Glaucou folded before Flop (didn't bet)
Seat 5: whit&sh@rk folded before Flop (didn't bet)
Seat 6: Mahu2021 folded before Flop (didn't bet)



PokerStars Zoom Hand #255646896746:  Hold'em No Limit ($0.05/$0.10) - 2025/04/08 16:57:13 CET [2025/04/08 10:57:13 ET]
Table 'Aludra' 6-max Seat #1 is the button
Seat 1: Lanziee ($9.90 in chips) 
Seat 2: luckyviale ($5.39 in chips) 
Seat 3: StrongMercedes ($20.10 in chips) 
Seat 4: Mahu2021 ($9 in chips) 
Seat 5: franz Z750 ($19.59 in chips) 
Seat 6: Blast4Sure ($10 in chips) 
luckyviale: posts small blind $0.05
StrongMercedes: posts big blind $0.10
*** HOLE CARDS ***
Dealt to Mahu2021 [9s 5h]
Mahu2021: folds 
franz Z750: folds 
Blast4Sure: folds 
Lanziee: folds 
luckyviale: calls $0.05
StrongMercedes: checks 
*** FLOP *** [2h 6c As]
luckyviale: bets $0.10
StrongMercedes: calls $0.10
*** TURN *** [2h 6c As] [9d]
luckyviale: bets $0.10
StrongMercedes: folds 
Uncalled bet ($0.10) returned to luckyviale
luckyviale collected $0.38 from pot
luckyviale: doesn't show hand 
*** SUMMARY ***
Total pot $0.40 | Rake $0.02 
Board [2h 6c As 9d]
Seat 1: Lanziee (button) folded before Flop (didn't bet)
Seat 2: luckyviale (small blind) collected ($0.38)
Seat 3: StrongMercedes (big blind) folded on the Turn
Seat 4: Mahu2021 folded before Flop (didn't bet)
Seat 5: franz Z750 folded before Flop (didn't bet)
Seat 6: Blast4Sure folded before Flop (didn't bet)



PokerStars Zoom Hand #255646898440:  Hold'em No Limit ($0.05/$0.10) - 2025/04/08 16:57:25 CET [2025/04/08 10:57:25 ET]
Table 'Aludra' 6-max Seat #1 is the button
Seat 1: vananej ($10.61 in chips) 
Seat 2: Yuck0811 ($10 in chips) 
Seat 3: denis4250 ($7.68 in chips) 
Seat 4: MTziiinn ($10.15 in chips) 
Seat 5: Baratrum777 ($10 in chips) 
Seat 6: Mahu2021 ($8.95 in chips) 
Yuck0811: posts small blind $0.05
denis4250: posts big blind $0.10
*** HOLE CARDS ***
Dealt to Mahu2021 [Ts 4c]
MTziiinn: folds 
Baratrum777: folds 
Mahu2021: folds 
vananej: folds 
Yuck0811: folds 
Uncalled bet ($0.05) returned to denis4250
denis4250 collected $0.10 from pot
denis4250: doesn't show hand 
*** SUMMARY ***
Total pot $0.10 | Rake $0 
Seat 1: vananej (button) folded before Flop (didn't bet)
Seat 2: Yuck0811 (small blind) folded before Flop
Seat 3: denis4250 (big blind) collected ($0.10)
Seat 4: MTziiinn folded before Flop (didn't bet)
Seat 5: Baratrum777 folded before Flop (didn't bet)
Seat 6: Mahu2021 folded before Flop (didn't bet)



PokerStars Zoom Hand #255646895242:  Hold'em No Limit ($0.05/$0.10) - 2025/04/08 16:57:02 CET [2025/04/08 10:57:02 ET]
Table 'Aludra' 6-max Seat #1 is the button
Seat 1: whit&sh@rk ($10 in chips) 
Seat 2: Winik810 ($14.96 in chips) 
Seat 3: The Dunda ($10.66 in chips) 
Seat 4: vananej ($10.68 in chips) 
Seat 5: Mahu2021 ($9.10 in chips) 
Seat 6: A_Rommel ($15.92 in chips) 
Winik810: posts small blind $0.05
The Dunda: posts big blind $0.10
*** HOLE CARDS ***
Dealt to Mahu2021 [9c 6c]
vananej: folds 
Mahu2021: folds 
A_Rommel: raises $0.12 to $0.22
whit&sh@rk: folds 
Winik810: folds 
The Dunda: folds 
Uncalled bet ($0.12) returned to A_Rommel
A_Rommel collected $0.25 from pot
A_Rommel: doesn't show hand 
*** SUMMARY ***
Total pot $0.25 | Rake $0 
Seat 1: whit&sh@rk (button) folded before Flop (didn't bet)
Seat 2: Winik810 (small blind) folded before Flop
Seat 3: The Dunda (big blind) folded before Flop
Seat 4: vananej folded before Flop (didn't bet)
Seat 5: Mahu2021 folded before Flop (didn't bet)
Seat 6: A_Rommel collected ($0.25)



PokerStars Zoom Hand #255646897831:  Hold'em No Limit ($0.05/$0.10) - 2025/04/08 16:57:21 CET [2025/04/08 10:57:21 ET]
Table 'Aludra' 6-max Seat #1 is the button
Seat 1: Mahu2021 ($8.95 in chips) 
Seat 2: PROSTOZIDAR ($4.70 in chips) 
Seat 3: dsanchez11 ($13.29 in chips) 
Seat 4: bloodedesert ($20.01 in chips) 
Seat 5: Glaucou ($28.63 in chips) 
Seat 6: allrauneR ($1.28 in chips) 
PROSTOZIDAR: posts small blind $0.05
dsanchez11: posts big blind $0.10
*** HOLE CARDS ***
Dealt to Mahu2021 [4s 2h]
bloodedesert: folds 
Glaucou: folds 
allrauneR: folds 
Mahu2021: folds 
PROSTOZIDAR: calls $0.05
dsanchez11: checks 
*** FLOP *** [Kd Qs Ad]
PROSTOZIDAR: bets $0.10
dsanchez11: folds 
Uncalled bet ($0.10) returned to PROSTOZIDAR
PROSTOZIDAR collected $0.19 from pot
PROSTOZIDAR: doesn't show hand 
*** SUMMARY ***
Total pot $0.20 | Rake $0.01 
Board [Kd Qs Ad]
Seat 1: Mahu2021 (button) folded before Flop (didn't bet)
Seat 2: PROSTOZIDAR (small blind) collected ($0.19)
Seat 3: dsanchez11 (big blind) folded on the Flop
Seat 4: bloodedesert folded before Flop (didn't bet)
Seat 5: Glaucou folded before Flop (didn't bet)
Seat 6: allrauneR folded before Flop (didn't bet)



PokerStars Zoom Hand #255646897305:  Hold'em No Limit ($0.05/$0.10) - 2025/04/08 16:57:17 CET [2025/04/08 10:57:17 ET]
Table 'Aludra' 6-max Seat #1 is the button
Seat 1: vananej ($10.68 in chips) 
Seat 2: Mahu2021 ($9 in chips) 
Seat 3: putzkedudu ($10 in chips) 
Seat 4: ninoviejo ($10.54 in chips) 
Seat 5: chameau001 ($9.65 in chips) 
Seat 6: respectedD888 ($26.27 in chips) 
Mahu2021: posts small blind $0.05
putzkedudu: posts big blind $0.10
*** HOLE CARDS ***
Dealt to Mahu2021 [2d Ts]
ninoviejo: folds 
chameau001: calls $0.10
respectedD888: folds 
vananej: folds 
Mahu2021: folds 
putzkedudu: checks 
*** FLOP *** [Jh 7d 4c]
putzkedudu: checks 
chameau001: checks 
*** TURN *** [Jh 7d 4c] [Qc]
putzkedudu: checks 
chameau001: checks 
*** RIVER *** [Jh 7d 4c Qc] [7s]
putzkedudu: checks 
chameau001: checks 
*** SHOW DOWN ***
putzkedudu: shows [Jc 2h] (two pair, Jacks and Sevens)
chameau001: mucks hand 
putzkedudu collected $0.24 from pot
*** SUMMARY ***
Total pot $0.25 | Rake $0.01 
Board [Jh 7d 4c Qc 7s]
Seat 1: vananej (button) folded before Flop (didn't bet)
Seat 2: Mahu2021 (small blind) folded before Flop
Seat 3: putzkedudu (big blind) showed [Jc 2h] and won ($0.24) with two pair, Jacks and Sevens
Seat 4: ninoviejo folded before Flop (didn't bet)
Seat 5: chameau001 mucked [Ac 8s]
Seat 6: respectedD888 folded before Flop (didn't bet)



PokerStars Zoom Hand #255646883962:  Hold'em No Limit ($0.05/$0.10) - 2025/04/08 16:55:41 CET [2025/04/08 10:55:41 ET]
Table 'Aludra' 6-max Seat #1 is the button
Seat 1: Ayetolive87 ($15.92 in chips) 
Seat 2: AceWise ($15.16 in chips) 
Seat 3: Hokazono Iroha ($14.97 in chips) 
Seat 4: Mahu2021 ($9.25 in chips) 
Seat 5: Sn1p3rBR ($10.20 in chips) 
Seat 6: PRace13 ($10.10 in chips) 
AceWise: posts small blind $0.05
Hokazono Iroha: posts big blind $0.10
*** HOLE CARDS ***
Dealt to Mahu2021 [6h Kd]
Mahu2021: folds 
Sn1p3rBR: raises $0.10 to $0.20
PRace13: folds 
Ayetolive87: folds 
AceWise: raises $0.80 to $1
Hokazono Iroha: folds 
Sn1p3rBR: raises $1.10 to $2.10
AceWise: calls $1.10
*** FLOP *** [9h Td 2c]
AceWise: checks 
Sn1p3rBR: checks 
*** TURN *** [9h Td 2c] [Th]
AceWise: checks 
Sn1p3rBR: checks 
*** RIVER *** [9h Td 2c Th] [4c]
AceWise: checks 
Sn1p3rBR: bets $8.10 and is all-in
AceWise: folds 
Uncalled bet ($8.10) returned to Sn1p3rBR
Sn1p3rBR collected $4.11 from pot
Sn1p3rBR: doesn't show hand 
*** SUMMARY ***
Total pot $4.30 | Rake $0.19 
Board [9h Td 2c Th 4c]
Seat 1: Ayetolive87 (button) folded before Flop (didn't bet)
Seat 2: AceWise (small blind) folded on the River
Seat 3: Hokazono Iroha (big blind) folded before Flop
Seat 4: Mahu2021 folded before Flop (didn't bet)
Seat 5: Sn1p3rBR collected ($4.11)
Seat 6: PRace13 folded before Flop (didn't bet)



PokerStars Zoom Hand #255646898870:  Hold'em No Limit ($0.05/$0.10) - 2025/04/08 16:57:28 CET [2025/04/08 10:57:28 ET]
Table 'Aludra' 6-max Seat #1 is the button
Seat 1: willpea2 ($26.88 in chips) 
Seat 2: PRace13 ($10 in chips) 
Seat 3: bloodedesert ($20.01 in chips) 
Seat 4: Mahu2021 ($8.95 in chips) 
Seat 5: ninoviejo ($10.54 in chips) 
Seat 6: respectedD888 ($19.20 in chips) 
PRace13: posts small blind $0.05
bloodedesert: posts big blind $0.10
*** HOLE CARDS ***
Dealt to Mahu2021 [6s Kd]
Mahu2021: folds 
ninoviejo: folds 
respectedD888: folds 
willpea2: raises $0.15 to $0.25
PRace13: folds 
bloodedesert: calls $0.15
*** FLOP *** [Jd 9c Ts]
bloodedesert: checks 
willpea2: checks 
*** TURN *** [Jd 9c Ts] [4s]
bloodedesert: checks 
willpea2: bets $0.17
bloodedesert: calls $0.17
*** RIVER *** [Jd 9c Ts 4s] [9d]
bloodedesert: checks 
willpea2: bets $0.56
bloodedesert: calls $0.56
*** SHOW DOWN ***
willpea2: shows [Ad 7d] (a pair of Nines)
bloodedesert: shows [8c 8s] (two pair, Nines and Eights)
bloodedesert collected $1.92 from pot
*** SUMMARY ***
Total pot $2.01 | Rake $0.09 
Board [Jd 9c Ts 4s 9d]
Seat 1: willpea2 (button) showed [Ad 7d] and lost with a pair of Nines
Seat 2: PRace13 (small blind) folded before Flop
Seat 3: bloodedesert (big blind) showed [8c 8s] and won ($1.92) with two pair, Nines and Eights
Seat 4: Mahu2021 folded before Flop (didn't bet)
Seat 5: ninoviejo folded before Flop (didn't bet)
Seat 6: respectedD888 folded before Flop (didn't bet)



PokerStars Zoom Hand #255646899444:  Hold'em No Limit ($0.05/$0.10) - 2025/04/08 16:57:32 CET [2025/04/08 10:57:32 ET]
Table 'Aludra' 6-max Seat #1 is the button
Seat 1: Mahu2021 ($8.95 in chips) 
Seat 2: stazio2008 ($9.90 in chips) 
Seat 3: Luffy V ($16.64 in chips) 
Seat 4: Blast4Sure ($10 in chips) 
Seat 5: Ayetolive87 ($10.99 in chips) 
Seat 6: RickMasterGM ($5.58 in chips) 
stazio2008: posts small blind $0.05
Luffy V: posts big blind $0.10
*** HOLE CARDS ***
Dealt to Mahu2021 [Ad Jd]
Blast4Sure: folds 
Ayetolive87: raises $0.10 to $0.20
RickMasterGM: folds 
Mahu2021: calls $0.20
stazio2008: folds 
Luffy V: folds 
*** FLOP *** [9h 8s 7c]
Ayetolive87: checks 
Mahu2021: bets $0.53
Ayetolive87: calls $0.53
*** TURN *** [9h 8s 7c] [8d]
Ayetolive87: checks 
Mahu2021: checks 
*** RIVER *** [9h 8s 7c 8d] [Ts]
Ayetolive87: checks 
Mahu2021: bets $1.54
Ayetolive87: folds 
Uncalled bet ($1.54) returned to Mahu2021
Mahu2021 collected $1.54 from pot
Mahu2021: doesn't show hand 
*** SUMMARY ***
Total pot $1.61 | Rake $0.07 
Board [9h 8s 7c 8d Ts]
Seat 1: Mahu2021 (button) collected ($1.54)
Seat 2: stazio2008 (small blind) folded before Flop
Seat 3: Luffy V (big blind) folded before Flop
Seat 4: Blast4Sure folded before Flop (didn't bet)
Seat 5: Ayetolive87 folded on the River
Seat 6: RickMasterGM folded before Flop (didn't bet)



PokerStars Zoom Hand #255646911218:  Hold'em No Limit ($0.05/$0.10) - 2025/04/08 16:58:55 CET [2025/04/08 10:58:55 ET]
Table 'Aludra' 6-max Seat #1 is the button
Seat 1: HakuBD ($15.03 in chips) 
Seat 2: Mahu2021 ($9.66 in chips) 
Seat 3: AceWise ($10.97 in chips) 
Seat 4: Footraiser ($10 in chips) 
Seat 5: DIMBA1977 ($9.32 in chips) 
Seat 6: 15lawrencea ($44.69 in chips) 
Mahu2021: posts small blind $0.05
AceWise: posts big blind $0.10
*** HOLE CARDS ***
Dealt to Mahu2021 [3c 4d]
Footraiser: folds 
DIMBA1977: folds 
15lawrencea: folds 
HakuBD: folds 
Mahu2021: folds 
Uncalled bet ($0.05) returned to AceWise
AceWise collected $0.10 from pot
AceWise: doesn't show hand 
*** SUMMARY ***
Total pot $0.10 | Rake $0 
Seat 1: HakuBD (button) folded before Flop (didn't bet)
Seat 2: Mahu2021 (small blind) folded before Flop
Seat 3: AceWise (big blind) collected ($0.10)
Seat 4: Footraiser folded before Flop (didn't bet)
Seat 5: DIMBA1977 folded before Flop (didn't bet)
Seat 6: 15lawrencea folded before Flop (didn't bet)



PokerStars Zoom Hand #255646911716:  Hold'em No Limit ($0.05/$0.10) - 2025/04/08 16:58:59 CET [2025/04/08 10:58:59 ET]
Table 'Aludra' 6-max Seat #1 is the button
Seat 1: Rafael lig ($19.19 in chips) 
Seat 2: Matzet1ka ($11.29 in chips) 
Seat 3: oisinkehoe ($18.82 in chips) 
Seat 4: Mahu2021 ($9.61 in chips) 
Seat 5: v4valter88 ($10.58 in chips) 
Seat 6: Luffy V ($14.84 in chips) 
Matzet1ka: posts small blind $0.05
oisinkehoe: posts big blind $0.10
*** HOLE CARDS ***
Dealt to Mahu2021 [3s 4h]
Mahu2021: folds 
v4valter88: folds 
Luffy V: folds 
Rafael lig: folds 
Matzet1ka: folds 
Uncalled bet ($0.05) returned to oisinkehoe
oisinkehoe collected $0.10 from pot
oisinkehoe: doesn't show hand 
*** SUMMARY ***
Total pot $0.10 | Rake $0 
Seat 1: Rafael lig (button) folded before Flop (didn't bet)
Seat 2: Matzet1ka (small blind) folded before Flop
Seat 3: oisinkehoe (big blind) collected ($0.10)
Seat 4: Mahu2021 folded before Flop (didn't bet)
Seat 5: v4valter88 folded before Flop (didn't bet)
Seat 6: Luffy V folded before Flop (didn't bet)



PokerStars Zoom Hand #255646909662:  Hold'em No Limit ($0.05/$0.10) - 2025/04/08 16:58:44 CET [2025/04/08 10:58:44 ET]
Table 'Aludra' 6-max Seat #1 is the button
Seat 1: allrauneR ($0.88 in chips) 
Seat 2: SevenDeuceSSuit ($11.92 in chips) 
Seat 3: Mahu2021 ($9.76 in chips) 
Seat 4: raik611 ($10.60 in chips) 
Seat 5: Hokazono Iroha ($12.33 in chips) 
Seat 6: WoozyFace ($10.33 in chips) 
SevenDeuceSSuit: posts small blind $0.05
Mahu2021: posts big blind $0.10
*** HOLE CARDS ***
Dealt to Mahu2021 [Ts 2d]
raik611: folds 
Hokazono Iroha: raises $0.10 to $0.20
WoozyFace: folds 
allrauneR: folds 
SevenDeuceSSuit: calls $0.15
Mahu2021: folds 
*** FLOP *** [4s Qh 7h]
SevenDeuceSSuit: bets $0.16
Hokazono Iroha: folds 
Uncalled bet ($0.16) returned to SevenDeuceSSuit
SevenDeuceSSuit collected $0.48 from pot
SevenDeuceSSuit: doesn't show hand 
*** SUMMARY ***
Total pot $0.50 | Rake $0.02 
Board [4s Qh 7h]
Seat 1: allrauneR (button) folded before Flop (didn't bet)
Seat 2: SevenDeuceSSuit (small blind) collected ($0.48)
Seat 3: Mahu2021 (big blind) folded before Flop
Seat 4: raik611 folded before Flop (didn't bet)
Seat 5: Hokazono Iroha folded on the Flop
Seat 6: WoozyFace folded before Flop (didn't bet)



PokerStars Zoom Hand #255646912698:  Hold'em No Limit ($0.05/$0.10) - 2025/04/08 16:59:06 CET [2025/04/08 10:59:06 ET]
Table 'Aludra' 6-max Seat #1 is the button
Seat 1: whit&sh@rk ($11.20 in chips) 
Seat 2: bloodedesert ($12.66 in chips) 
Seat 3: chrisdef ($10.52 in chips) 
Seat 4: Bur1k ($6.17 in chips) 
Seat 5: Mahu2021 ($9.61 in chips) 
Seat 6: denis4250 ($4 in chips) 
bloodedesert: posts small blind $0.05
chrisdef: posts big blind $0.10
*** HOLE CARDS ***
Dealt to Mahu2021 [Qh 6s]
Bur1k: folds 
Mahu2021: folds 
denis4250: folds 
whit&sh@rk: raises $0.15 to $0.25
bloodedesert: folds 
chrisdef: calls $0.15
*** FLOP *** [Td Th Ad]
chrisdef: checks 
whit&sh@rk: bets $0.17
chrisdef: folds 
Uncalled bet ($0.17) returned to whit&sh@rk
whit&sh@rk collected $0.53 from pot
whit&sh@rk: doesn't show hand 
*** SUMMARY ***
Total pot $0.55 | Rake $0.02 
Board [Td Th Ad]
Seat 1: whit&sh@rk (button) collected ($0.53)
Seat 2: bloodedesert (small blind) folded before Flop
Seat 3: chrisdef (big blind) folded on the Flop
Seat 4: Bur1k folded before Flop (didn't bet)
Seat 5: Mahu2021 folded before Flop (didn't bet)
Seat 6: denis4250 folded before Flop (didn't bet)



PokerStars Zoom Hand #255646913653:  Hold'em No Limit ($0.05/$0.10) - 2025/04/08 16:59:13 CET [2025/04/08 10:59:13 ET]
Table 'Aludra' 6-max Seat #1 is the button
Seat 1: Glaucou ($28.73 in chips) 
Seat 2: bloodedesert ($14.26 in chips) 
Seat 3: Mahu2021 ($9.61 in chips) 
Seat 4: Zangetsu2000 ($9.44 in chips) 
Seat 5: adelcio70 ($6.36 in chips) 
Seat 6: WoozyFace ($12.77 in chips) 
bloodedesert: posts small blind $0.05
Mahu2021: posts big blind $0.10
*** HOLE CARDS ***
Dealt to Mahu2021 [Jc Jd]
Zangetsu2000: folds 
adelcio70: folds 
WoozyFace: folds 
Glaucou: raises $0.15 to $0.25
bloodedesert: folds 
Mahu2021: raises $0.85 to $1.10
Glaucou: calls $0.85
*** FLOP *** [6h 8s Kh]
Mahu2021: bets $0.90
Glaucou: folds 
Uncalled bet ($0.90) returned to Mahu2021
Mahu2021 collected $2.15 from pot
Mahu2021: doesn't show hand 
*** SUMMARY ***
Total pot $2.25 | Rake $0.10 
Board [6h 8s Kh]
Seat 1: Glaucou (button) folded on the Flop
Seat 2: bloodedesert (small blind) folded before Flop
Seat 3: Mahu2021 (big blind) collected ($2.15)
Seat 4: Zangetsu2000 folded before Flop (didn't bet)
Seat 5: adelcio70 folded before Flop (didn't bet)
Seat 6: WoozyFace folded before Flop (didn't bet)



PokerStars Zoom Hand #255646913261:  Hold'em No Limit ($0.05/$0.10) - 2025/04/08 16:59:10 CET [2025/04/08 10:59:10 ET]
Table 'Aludra' 6-max Seat #1 is the button
Seat 1: putzkedudu ($10.09 in chips) 
Seat 2: whit&sh@rk ($10 in chips) 
Seat 3: denis4250 ($4 in chips) 
Seat 4: koroto2 ($5.61 in chips) 
Seat 5: Luffy V ($10.99 in chips) 
Seat 6: Mahu2021 ($9.61 in chips) 
whit&sh@rk: posts small blind $0.05
denis4250: posts big blind $0.10
*** HOLE CARDS ***
Dealt to Mahu2021 [2s Qs]
koroto2: folds 
Luffy V: folds 
Mahu2021: folds 
putzkedudu: raises $0.10 to $0.20
whit&sh@rk: raises $0.80 to $1
denis4250: folds 
putzkedudu: folds 
Uncalled bet ($0.80) returned to whit&sh@rk
whit&sh@rk collected $0.50 from pot
whit&sh@rk: doesn't show hand 
*** SUMMARY ***
Total pot $0.50 | Rake $0 
Seat 1: putzkedudu (button) folded before Flop
Seat 2: whit&sh@rk (small blind) collected ($0.50)
Seat 3: denis4250 (big blind) folded before Flop
Seat 4: koroto2 folded before Flop (didn't bet)
Seat 5: Luffy V folded before Flop (didn't bet)
Seat 6: Mahu2021 folded before Flop (didn't bet)



PokerStars Zoom Hand #255646917580:  Hold'em No Limit ($0.05/$0.10) - 2025/04/08 16:59:41 CET [2025/04/08 10:59:41 ET]
Table 'Aludra' 6-max Seat #1 is the button
Seat 1: denis4250 ($6.99 in chips) 
Seat 2: willpea2 ($38.11 in chips) 
Seat 3: viceman82 ($6.11 in chips) 
Seat 4: Mahu2021 ($10.61 in chips) 
Seat 5: strashilisht ($10.10 in chips) 
Seat 6: MTziiinn ($10.15 in chips) 
willpea2: posts small blind $0.05
viceman82: posts big blind $0.10
*** HOLE CARDS ***
Dealt to Mahu2021 [Qh 6s]
Mahu2021: folds 
strashilisht: folds 
MTziiinn: folds 
denis4250: raises $0.15 to $0.25
willpea2: folds 
viceman82: folds 
Uncalled bet ($0.15) returned to denis4250
denis4250 collected $0.25 from pot
denis4250: doesn't show hand 
*** SUMMARY ***
Total pot $0.25 | Rake $0 
Seat 1: denis4250 (button) collected ($0.25)
Seat 2: willpea2 (small blind) folded before Flop
Seat 3: viceman82 (big blind) folded before Flop
Seat 4: Mahu2021 folded before Flop (didn't bet)
Seat 5: strashilisht folded before Flop (didn't bet)
Seat 6: MTziiinn folded before Flop (didn't bet)



PokerStars Zoom Hand #255646917026:  Hold'em No Limit ($0.05/$0.10) - 2025/04/08 16:59:37 CET [2025/04/08 10:59:37 ET]
Table 'Aludra' 6-max Seat #1 is the button
Seat 1: AceWise ($10.97 in chips) 
Seat 2: Mahu2021 ($10.66 in chips) 
Seat 3: Gto_gtfo ($10.94 in chips) 
Seat 4: Rafael lig ($19.19 in chips) 
Seat 5: chameau001 ($9.60 in chips) 
Seat 6: Baratrum777 ($10 in chips) 
Mahu2021: posts small blind $0.05
Gto_gtfo: posts big blind $0.10
*** HOLE CARDS ***
Dealt to Mahu2021 [4s 9c]
Rafael lig: raises $0.14 to $0.24
chameau001: folds 
Baratrum777: folds 
AceWise: folds 
Mahu2021: folds 
Gto_gtfo: calls $0.14
*** FLOP *** [As 2c 6s]
Gto_gtfo: checks 
Rafael lig: checks 
*** TURN *** [As 2c 6s] [Tc]
Gto_gtfo: bets $0.36
Rafael lig: calls $0.36
*** RIVER *** [As 2c 6s Tc] [Qd]
Gto_gtfo: bets $0.71
Rafael lig: folds 
Uncalled bet ($0.71) returned to Gto_gtfo
Gto_gtfo collected $1.19 from pot
Gto_gtfo: doesn't show hand 
*** SUMMARY ***
Total pot $1.25 | Rake $0.06 
Board [As 2c 6s Tc Qd]
Seat 1: AceWise (button) folded before Flop (didn't bet)
Seat 2: Mahu2021 (small blind) folded before Flop
Seat 3: Gto_gtfo (big blind) collected ($1.19)
Seat 4: Rafael lig folded on the River
Seat 5: chameau001 folded before Flop (didn't bet)
Seat 6: Baratrum777 folded before Flop (didn't bet)



PokerStars Zoom Hand #255646920277:  Hold'em No Limit ($0.05/$0.10) - 2025/04/08 17:00:00 CET [2025/04/08 11:00:00 ET]
Table 'Aludra' 6-max Seat #1 is the button
Seat 1: Diligent377 ($11.02 in chips) 
Seat 2: MegaTbp1 ($8.96 in chips) 
Seat 3: Mahu2021 ($10.56 in chips) 
Seat 4: MTziiinn ($10.10 in chips) 
Seat 5: Ghitan0921 ($14.79 in chips) 
Seat 6: stazio2008 ($10.32 in chips) 
MegaTbp1: posts small blind $0.05
Mahu2021: posts big blind $0.10
*** HOLE CARDS ***
Dealt to Mahu2021 [3c Kh]
MTziiinn: raises $0.15 to $0.25
Ghitan0921: folds 
stazio2008: folds 
Diligent377: folds 
MegaTbp1: folds 
Mahu2021: folds 
Uncalled bet ($0.15) returned to MTziiinn
MTziiinn collected $0.25 from pot
MTziiinn: doesn't show hand 
*** SUMMARY ***
Total pot $0.25 | Rake $0 
Seat 1: Diligent377 (button) folded before Flop (didn't bet)
Seat 2: MegaTbp1 (small blind) folded before Flop
Seat 3: Mahu2021 (big blind) folded before Flop
Seat 4: MTziiinn collected ($0.25)
Seat 5: Ghitan0921 folded before Flop (didn't bet)
Seat 6: stazio2008 folded before Flop (didn't bet)



PokerStars Zoom Hand #255646919674:  Hold'em No Limit ($0.05/$0.10) - 2025/04/08 16:59:56 CET [2025/04/08 10:59:56 ET]
Table 'Aludra' 6-max Seat #1 is the button
Seat 1: Baratrum777 ($10 in chips) 
Seat 2: BluffsLord ($14.29 in chips) 
Seat 3: Glaucou ($27.78 in chips) 
Seat 4: Blast4Sure ($10 in chips) 
Seat 5: A_Rommel ($27.36 in chips) 
Seat 6: Mahu2021 ($10.56 in chips) 
BluffsLord: posts small blind $0.05
Glaucou: posts big blind $0.10
*** HOLE CARDS ***
Dealt to Mahu2021 [8s 7d]
Blast4Sure: folds 
A_Rommel: raises $0.12 to $0.22
Mahu2021: folds 
Baratrum777: folds 
BluffsLord: raises $0.84 to $1.06
Glaucou: folds 
A_Rommel: folds 
Uncalled bet ($0.84) returned to BluffsLord
BluffsLord collected $0.54 from pot
BluffsLord: doesn't show hand 
*** SUMMARY ***
Total pot $0.54 | Rake $0 
Seat 1: Baratrum777 (button) folded before Flop (didn't bet)
Seat 2: BluffsLord (small blind) collected ($0.54)
Seat 3: Glaucou (big blind) folded before Flop
Seat 4: Blast4Sure folded before Flop (didn't bet)
Seat 5: A_Rommel folded before Flop
Seat 6: Mahu2021 folded before Flop (didn't bet)



PokerStars Zoom Hand #255646919112:  Hold'em No Limit ($0.05/$0.10) - 2025/04/08 16:59:52 CET [2025/04/08 10:59:52 ET]
Table 'Aludra' 6-max Seat #1 is the button
Seat 1: AceWise ($13.16 in chips) 
Seat 2: Mahu2021 ($10.61 in chips) 
Seat 3: GambledoreV ($7.09 in chips) 
Seat 4: allrauneR ($1.37 in chips) 
Seat 5: pokeripuikko ($11.31 in chips) 
Seat 6: Mallardz ($12.81 in chips) 
Mahu2021: posts small blind $0.05
GambledoreV: posts big blind $0.10
*** HOLE CARDS ***
Dealt to Mahu2021 [7h 6c]
allrauneR: folds 
pokeripuikko: folds 
Mallardz: raises $0.15 to $0.25
AceWise: folds 
Mahu2021: folds 
GambledoreV: calls $0.15
*** FLOP *** [5h Js 9s]
GambledoreV: checks 
Mallardz: checks 
*** TURN *** [5h Js 9s] [4c]
GambledoreV: checks 
Mallardz: bets $0.40
GambledoreV: folds 
Uncalled bet ($0.40) returned to Mallardz
Mallardz collected $0.53 from pot
Mallardz: doesn't show hand 
*** SUMMARY ***
Total pot $0.55 | Rake $0.02 
Board [5h Js 9s 4c]
Seat 1: AceWise (button) folded before Flop (didn't bet)
Seat 2: Mahu2021 (small blind) folded before Flop
Seat 3: GambledoreV (big blind) folded on the Turn
Seat 4: allrauneR folded before Flop (didn't bet)
Seat 5: pokeripuikko folded before Flop (didn't bet)
Seat 6: Mallardz collected ($0.53)



PokerStars Zoom Hand #255646912307:  Hold'em No Limit ($0.05/$0.10) - 2025/04/08 16:59:03 CET [2025/04/08 10:59:03 ET]
Table 'Aludra' 6-max Seat #1 is the button
Seat 1: bloodedesert ($14.26 in chips) 
Seat 2: Rafael lig ($19.19 in chips) 
Seat 3: MTziiinn ($10.15 in chips) 
Seat 4: Mahu2021 ($9.61 in chips) 
Seat 5: PRace13 ($10.27 in chips) 
Seat 6: HakuBD ($15.03 in chips) 
Rafael lig: posts small blind $0.05
MTziiinn: posts big blind $0.10
*** HOLE CARDS ***
Dealt to Mahu2021 [Ad 9s]
Mahu2021: folds 
PRace13: raises $0.20 to $0.30
HakuBD: raises $0.60 to $0.90
bloodedesert: folds 
Rafael lig: folds 
MTziiinn: folds 
PRace13: calls $0.60
*** FLOP *** [Kh Qh Th]
PRace13: checks 
HakuBD: bets $0.53
PRace13: calls $0.53
*** TURN *** [Kh Qh Th] [9h]
PRace13: checks 
HakuBD: bets $1.04
PRace13: folds 
Uncalled bet ($1.04) returned to HakuBD
HakuBD collected $2.87 from pot
HakuBD: doesn't show hand 
*** SUMMARY ***
Total pot $3.01 | Rake $0.14 
Board [Kh Qh Th 9h]
Seat 1: bloodedesert (button) folded before Flop (didn't bet)
Seat 2: Rafael lig (small blind) folded before Flop
Seat 3: MTziiinn (big blind) folded before Flop
Seat 4: Mahu2021 folded before Flop (didn't bet)
Seat 5: PRace13 folded on the Turn
Seat 6: HakuBD collected ($2.87)



PokerStars Zoom Hand #255646921445:  Hold'em No Limit ($0.05/$0.10) - 2025/04/08 17:00:08 CET [2025/04/08 11:00:08 ET]
Table 'Aludra' 6-max Seat #1 is the button
Seat 1: PRace13 ($12.51 in chips) 
Seat 2: WoozyFace ($12.52 in chips) 
Seat 3: StrongMercedes ($29.96 in chips) 
Seat 4: downsynjerome ($9.81 in chips) 
Seat 5: Mahu2021 ($10.46 in chips) 
Seat 6: putzkedudu ($20.67 in chips) 
WoozyFace: posts small blind $0.05
StrongMercedes: posts big blind $0.10
*** HOLE CARDS ***
Dealt to Mahu2021 [6s Tc]
downsynjerome: folds 
Mahu2021: folds 
putzkedudu: raises $0.10 to $0.20
PRace13: folds 
WoozyFace: folds 
StrongMercedes: folds 
Uncalled bet ($0.10) returned to putzkedudu
putzkedudu collected $0.25 from pot
putzkedudu: doesn't show hand 
*** SUMMARY ***
Total pot $0.25 | Rake $0 
Seat 1: PRace13 (button) folded before Flop (didn't bet)
Seat 2: WoozyFace (small blind) folded before Flop
Seat 3: StrongMercedes (big blind) folded before Flop
Seat 4: downsynjerome folded before Flop (didn't bet)
Seat 5: Mahu2021 folded before Flop (didn't bet)
Seat 6: putzkedudu collected ($0.25)



PokerStars Zoom Hand #255646918406:  Hold'em No Limit ($0.05/$0.10) - 2025/04/08 16:59:47 CET [2025/04/08 10:59:47 ET]
Table 'Aludra' 6-max Seat #1 is the button
Seat 1: Mahu2021 ($10.61 in chips) 
Seat 2: putzkedudu ($10 in chips) 
Seat 3: Kris.T.S.95 ($13.64 in chips) 
Seat 4: GODR2 ($10.74 in chips) 
Seat 5: Matzet1ka ($10 in chips) 
Seat 6: booty100 ($3.19 in chips) 
putzkedudu: posts small blind $0.05
Kris.T.S.95: posts big blind $0.10
*** HOLE CARDS ***
Dealt to Mahu2021 [Jc 4c]
GODR2: folds 
Matzet1ka: folds 
booty100: folds 
Mahu2021: folds 
putzkedudu: raises $0.20 to $0.30
Kris.T.S.95: raises $0.90 to $1.20
putzkedudu: raises $1.80 to $3
Kris.T.S.95: folds 
Uncalled bet ($1.80) returned to putzkedudu
putzkedudu collected $2.40 from pot
putzkedudu: doesn't show hand 
*** SUMMARY ***
Total pot $2.40 | Rake $0 
Seat 1: Mahu2021 (button) folded before Flop (didn't bet)
Seat 2: putzkedudu (small blind) collected ($2.40)
Seat 3: Kris.T.S.95 (big blind) folded before Flop
Seat 4: GODR2 folded before Flop (didn't bet)
Seat 5: Matzet1ka folded before Flop (didn't bet)
Seat 6: booty100 folded before Flop (didn't bet)



PokerStars Zoom Hand #255646922532:  Hold'em No Limit ($0.05/$0.10) - 2025/04/08 17:00:15 CET [2025/04/08 11:00:15 ET]
Table 'Aludra' 6-max Seat #1 is the button
Seat 1: denis4250 ($7.04 in chips) 
Seat 2: StrongMercedes ($29.86 in chips) 
Seat 3: koroto2 ($5.21 in chips) 
Seat 4: Mahu2021 ($10.46 in chips) 
Seat 5: BluffsLord ($14.61 in chips) 
Seat 6: Bur1k ($6.47 in chips) 
StrongMercedes: posts small blind $0.05
koroto2: posts big blind $0.10
*** HOLE CARDS ***
Dealt to Mahu2021 [5s 3c]
Mahu2021: folds 
BluffsLord: folds 
Bur1k: folds 
denis4250: raises $0.15 to $0.25
StrongMercedes: folds 
koroto2: folds 
Uncalled bet ($0.15) returned to denis4250
denis4250 collected $0.25 from pot
denis4250: doesn't show hand 
*** SUMMARY ***
Total pot $0.25 | Rake $0 
Seat 1: denis4250 (button) collected ($0.25)
Seat 2: StrongMercedes (small blind) folded before Flop
Seat 3: koroto2 (big blind) folded before Flop
Seat 4: Mahu2021 folded before Flop (didn't bet)
Seat 5: BluffsLord folded before Flop (didn't bet)
Seat 6: Bur1k folded before Flop (didn't bet)



PokerStars Zoom Hand #255646923149:  Hold'em No Limit ($0.05/$0.10) - 2025/04/08 17:00:20 CET [2025/04/08 11:00:20 ET]
Table 'Aludra' 6-max Seat #1 is the button
Seat 1: dsanchez11 ($16.53 in chips) 
Seat 2: Gto_gtfo ($10.33 in chips) 
Seat 3: tonyid001 ($11.67 in chips) 
Seat 4: Mahu2021 ($10.46 in chips) 
Seat 5: putzkedudu ($20.82 in chips) 
Seat 6: PRace13 ($10 in chips) 
Gto_gtfo: posts small blind $0.05
tonyid001: posts big blind $0.10
*** HOLE CARDS ***
Dealt to Mahu2021 [Qd 8h]
Mahu2021: folds 
putzkedudu: folds 
PRace13: folds 
dsanchez11: folds 
Gto_gtfo: raises $0.20 to $0.30
tonyid001: folds 
Uncalled bet ($0.20) returned to Gto_gtfo
Gto_gtfo collected $0.20 from pot
Gto_gtfo: doesn't show hand 
*** SUMMARY ***
Total pot $0.20 | Rake $0 
Seat 1: dsanchez11 (button) folded before Flop (didn't bet)
Seat 2: Gto_gtfo (small blind) collected ($0.20)
Seat 3: tonyid001 (big blind) folded before Flop
Seat 4: Mahu2021 folded before Flop (didn't bet)
Seat 5: putzkedudu folded before Flop (didn't bet)
Seat 6: PRace13 folded before Flop (didn't bet)



PokerStars Zoom Hand #255646923695:  Hold'em No Limit ($0.05/$0.10) - 2025/04/08 17:00:24 CET [2025/04/08 11:00:24 ET]
Table 'Aludra' 6-max Seat #1 is the button
Seat 1: Mahu2021 ($10.46 in chips) 
Seat 2: strashilisht ($10 in chips) 
Seat 3: Luffy V ($15.19 in chips) 
Seat 4: chrisdef ($10.07 in chips) 
Seat 5: Mallardz ($21.02 in chips) 
Seat 6: AceWise ($12.96 in chips) 
strashilisht: posts small blind $0.05
Luffy V: posts big blind $0.10
*** HOLE CARDS ***
Dealt to Mahu2021 [8h 9h]
chrisdef: folds 
Mallardz: raises $0.15 to $0.25
AceWise: folds 
Mahu2021: calls $0.25
strashilisht: folds 
Luffy V: folds 
*** FLOP *** [Td Qd 9s]
Mallardz: checks 
Mahu2021: bets $0.30
Mallardz: folds 
Uncalled bet ($0.30) returned to Mahu2021
Mahu2021 collected $0.62 from pot
Mahu2021: doesn't show hand 
*** SUMMARY ***
Total pot $0.65 | Rake $0.03 
Board [Td Qd 9s]
Seat 1: Mahu2021 (button) collected ($0.62)
Seat 2: strashilisht (small blind) folded before Flop
Seat 3: Luffy V (big blind) folded before Flop
Seat 4: chrisdef folded before Flop (didn't bet)
Seat 5: Mallardz folded on the Flop
Seat 6: AceWise folded before Flop (didn't bet)



PokerStars Zoom Hand #255646930833:  Hold'em No Limit ($0.05/$0.10) - 2025/04/08 17:01:09 CET [2025/04/08 11:01:09 ET]
Table 'Aludra' 6-max Seat #1 is the button
Seat 1: WoozyFace ($12.65 in chips) 
Seat 2: Mahu2021 ($10.73 in chips) 
Seat 3: grekozeus ($10.36 in chips) 
Seat 4: stazio2008 ($10.49 in chips) 
Seat 5: Luffy V ($20.11 in chips) 
Seat 6: Lanziee ($8.76 in chips) 
Mahu2021: posts small blind $0.05
grekozeus: posts big blind $0.10
*** HOLE CARDS ***
Dealt to Mahu2021 [6d Ad]
stazio2008: folds 
Luffy V: folds 
Lanziee: raises $0.12 to $0.22
WoozyFace: folds 
Mahu2021: calls $0.17
grekozeus: calls $0.12
*** FLOP *** [8c Kc 4c]
Mahu2021: checks 
grekozeus: bets $0.20
Lanziee: folds 
Mahu2021: folds 
Uncalled bet ($0.20) returned to grekozeus
grekozeus collected $0.63 from pot
grekozeus: doesn't show hand 
*** SUMMARY ***
Total pot $0.66 | Rake $0.03 
Board [8c Kc 4c]
Seat 1: WoozyFace (button) folded before Flop (didn't bet)
Seat 2: Mahu2021 (small blind) folded on the Flop
Seat 3: grekozeus (big blind) collected ($0.63)
Seat 4: stazio2008 folded before Flop (didn't bet)
Seat 5: Luffy V folded before Flop (didn't bet)
Seat 6: Lanziee folded on the Flop



PokerStars Zoom Hand #255646928210:  Hold'em No Limit ($0.05/$0.10) - 2025/04/08 17:00:54 CET [2025/04/08 11:00:54 ET]
Table 'Aludra' 6-max Seat #1 is the button
Seat 1: Winik810 ($12.05 in chips) 
Seat 2: citizen6e ($11.03 in chips) 
Seat 3: Mahu2021 ($10.83 in chips) 
Seat 4: v4valter88 ($11.39 in chips) 
Seat 5: niallC1234 ($2.53 in chips) 
Seat 6: chrisdef ($10.21 in chips) 
citizen6e: posts small blind $0.05
Mahu2021: posts big blind $0.10
*** HOLE CARDS ***
Dealt to Mahu2021 [Ah Jd]
v4valter88: raises $0.10 to $0.20
niallC1234: raises $0.55 to $0.75
chrisdef: folds 
Winik810: folds 
citizen6e: folds 
Mahu2021: folds 
v4valter88: calls $0.55
*** FLOP *** [Kd 3d 6h]
v4valter88: checks 
niallC1234: bets $1.78 and is all-in
v4valter88: calls $1.78
*** TURN *** [Kd 3d 6h] [5h]
*** RIVER *** [Kd 3d 6h 5h] [4c]
*** SHOW DOWN ***
v4valter88: shows [Qh Qc] (a pair of Queens)
niallC1234: shows [Jh Ad] (high card Ace)
v4valter88 collected $4.98 from pot
*** SUMMARY ***
Total pot $5.21 | Rake $0.23 
Board [Kd 3d 6h 5h 4c]
Seat 1: Winik810 (button) folded before Flop (didn't bet)
Seat 2: citizen6e (small blind) folded before Flop
Seat 3: Mahu2021 (big blind) folded before Flop
Seat 4: v4valter88 showed [Qh Qc] and won ($4.98) with a pair of Queens
Seat 5: niallC1234 showed [Jh Ad] and lost with high card Ace
Seat 6: chrisdef folded before Flop (didn't bet)



PokerStars Zoom Hand #255646921994:  Hold'em No Limit ($0.05/$0.10) - 2025/04/08 17:00:12 CET [2025/04/08 11:00:12 ET]
Table 'Aludra' 6-max Seat #1 is the button
Seat 1: Mahu2021 ($10.46 in chips) 
Seat 2: willpea2 ($10 in chips) 
Seat 3: Hokazono Iroha ($16.12 in chips) 
Seat 4: Gto_gtfo ($10.33 in chips) 
Seat 5: citizen6e ($10 in chips) 
Seat 6: koroto2 ($5.21 in chips) 
willpea2: posts small blind $0.05
Hokazono Iroha: posts big blind $0.10
*** HOLE CARDS ***
Dealt to Mahu2021 [Tc 4c]
Gto_gtfo: folds 
citizen6e: folds 
koroto2: folds 
Mahu2021: folds 
willpea2: raises $0.20 to $0.30
Hokazono Iroha: calls $0.20
*** FLOP *** [3d 9c 2d]
willpea2: bets $0.29
Hokazono Iroha: calls $0.29
*** TURN *** [3d 9c 2d] [9d]
willpea2: checks 
Hokazono Iroha: bets $0.85
willpea2: calls $0.85
*** RIVER *** [3d 9c 2d 9d] [Qd]
willpea2: checks 
Hokazono Iroha: bets $1.38
willpea2: folds 
Uncalled bet ($1.38) returned to Hokazono Iroha
Hokazono Iroha collected $2.75 from pot
Hokazono Iroha: doesn't show hand 
*** SUMMARY ***
Total pot $2.88 | Rake $0.13 
Board [3d 9c 2d 9d Qd]
Seat 1: Mahu2021 (button) folded before Flop (didn't bet)
Seat 2: willpea2 (small blind) folded on the River
Seat 3: Hokazono Iroha (big blind) collected ($2.75)
Seat 4: Gto_gtfo folded before Flop (didn't bet)
Seat 5: citizen6e folded before Flop (didn't bet)
Seat 6: koroto2 folded before Flop (didn't bet)



PokerStars Zoom Hand #255646934223:  Hold'em No Limit ($0.05/$0.10) - 2025/04/08 17:01:29 CET [2025/04/08 11:01:29 ET]
Table 'Aludra' 6-max Seat #1 is the button
Seat 1: Gto_gtfo ($10.58 in chips) 
Seat 2: augtoth ($10.30 in chips) 
Seat 3: Bur1k ($5.70 in chips) 
Seat 4: NoSweat666 ($10 in chips) 
Seat 5: Yuck0811 ($10.15 in chips) 
Seat 6: Mahu2021 ($10.51 in chips) 
augtoth: posts small blind $0.05
Bur1k: posts big blind $0.10
*** HOLE CARDS ***
Dealt to Mahu2021 [7d Td]
NoSweat666: folds 
Yuck0811: folds 
Mahu2021: folds 
Gto_gtfo: folds 
augtoth: raises $0.20 to $0.30
Bur1k: calls $0.20
*** FLOP *** [4s Ks 9s]
augtoth: bets $0.10
Bur1k: folds 
Uncalled bet ($0.10) returned to augtoth
augtoth collected $0.57 from pot
augtoth: doesn't show hand 
*** SUMMARY ***
Total pot $0.60 | Rake $0.03 
Board [4s Ks 9s]
Seat 1: Gto_gtfo (button) folded before Flop (didn't bet)
Seat 2: augtoth (small blind) collected ($0.57)
Seat 3: Bur1k (big blind) folded on the Flop
Seat 4: NoSweat666 folded before Flop (didn't bet)
Seat 5: Yuck0811 folded before Flop (didn't bet)
Seat 6: Mahu2021 folded before Flop (didn't bet)



PokerStars Zoom Hand #255646934831:  Hold'em No Limit ($0.05/$0.10) - 2025/04/08 17:01:33 CET [2025/04/08 11:01:33 ET]
Table 'Aludra' 6-max Seat #1 is the button
Seat 1: Zangetsu2000 ($10.95 in chips) 
Seat 2: The Dunda ($10 in chips) 
Seat 3: NoSweat666 ($10 in chips) 
Seat 4: citizen6e ($10.95 in chips) 
Seat 5: Mahu2021 ($10.51 in chips) 
Seat 6: franz Z750 ($14.49 in chips) 
The Dunda: posts small blind $0.05
NoSweat666: posts big blind $0.10
*** HOLE CARDS ***
Dealt to Mahu2021 [Jd Ks]
citizen6e: folds 
Mahu2021: raises $0.11 to $0.21
franz Z750: folds 
Zangetsu2000: folds 
The Dunda: folds 
NoSweat666: calls $0.11
*** FLOP *** [Tc 3d Td]
NoSweat666: checks 
Mahu2021: checks 
*** TURN *** [Tc 3d Td] [Qd]
NoSweat666: checks 
Mahu2021: bets $0.45
NoSweat666: folds 
Uncalled bet ($0.45) returned to Mahu2021
Mahu2021 collected $0.45 from pot
Mahu2021: doesn't show hand 
*** SUMMARY ***
Total pot $0.47 | Rake $0.02 
Board [Tc 3d Td Qd]
Seat 1: Zangetsu2000 (button) folded before Flop (didn't bet)
Seat 2: The Dunda (small blind) folded before Flop
Seat 3: NoSweat666 (big blind) folded on the Turn
Seat 4: citizen6e folded before Flop (didn't bet)
Seat 5: Mahu2021 collected ($0.45)
Seat 6: franz Z750 folded before Flop (didn't bet)



PokerStars Zoom Hand #255646940235:  Hold'em No Limit ($0.05/$0.10) - 2025/04/08 17:02:04 CET [2025/04/08 11:02:04 ET]
Table 'Aludra' 6-max Seat #1 is the button
Seat 1: BluffsLord ($10 in chips) 
Seat 2: Mahu2021 ($10.75 in chips) 
Seat 3: A_Rommel ($26.94 in chips) 
Seat 4: Ghitan0921 ($16.80 in chips) 
Seat 5: Luffy V ($14.37 in chips) 
Seat 6: stazio2008 ($9.72 in chips) 
Mahu2021: posts small blind $0.05
A_Rommel: posts big blind $0.10
*** HOLE CARDS ***
Dealt to Mahu2021 [Jh 7c]
Ghitan0921: folds 
Luffy V: folds 
stazio2008: folds 
BluffsLord: folds 
Mahu2021: folds 
Uncalled bet ($0.05) returned to A_Rommel
A_Rommel collected $0.10 from pot
A_Rommel: doesn't show hand 
*** SUMMARY ***
Total pot $0.10 | Rake $0 
Seat 1: BluffsLord (button) folded before Flop (didn't bet)
Seat 2: Mahu2021 (small blind) folded before Flop
Seat 3: A_Rommel (big blind) collected ($0.10)
Seat 4: Ghitan0921 folded before Flop (didn't bet)
Seat 5: Luffy V folded before Flop (didn't bet)
Seat 6: stazio2008 folded before Flop (didn't bet)



PokerStars Zoom Hand #255646939539:  Hold'em No Limit ($0.05/$0.10) - 2025/04/08 17:02:00 CET [2025/04/08 11:02:00 ET]
Table 'Aludra' 6-max Seat #1 is the button
Seat 1: stazio2008 ($9.72 in chips) 
Seat 2: NoSweat666 ($10 in chips) 
Seat 3: GSKG987 ($10.57 in chips) 
Seat 4: putzkedudu ($10.33 in chips) 
Seat 5: GODR2 ($11.98 in chips) 
Seat 6: Mahu2021 ($10.75 in chips) 
NoSweat666: posts small blind $0.05
GSKG987: posts big blind $0.10
*** HOLE CARDS ***
Dealt to Mahu2021 [Tc 9h]
putzkedudu: folds 
GODR2: folds 
Mahu2021: folds 
stazio2008: folds 
NoSweat666: folds 
Uncalled bet ($0.05) returned to GSKG987
GSKG987 collected $0.10 from pot
GSKG987: doesn't show hand 
*** SUMMARY ***
Total pot $0.10 | Rake $0 
Seat 1: stazio2008 (button) folded before Flop (didn't bet)
Seat 2: NoSweat666 (small blind) folded before Flop
Seat 3: GSKG987 (big blind) collected ($0.10)
Seat 4: putzkedudu folded before Flop (didn't bet)
Seat 5: GODR2 folded before Flop (didn't bet)
Seat 6: Mahu2021 folded before Flop (didn't bet)



PokerStars Zoom Hand #255646940878:  Hold'em No Limit ($0.05/$0.10) - 2025/04/08 17:02:08 CET [2025/04/08 11:02:08 ET]
Table 'Aludra' 6-max Seat #1 is the button
Seat 1: willpea2 ($25.03 in chips) 
Seat 2: The Dunda ($10.23 in chips) 
Seat 3: Mahu2021 ($10.70 in chips) 
Seat 4: BluffsLord ($10 in chips) 
Seat 5: citizen6e ($10 in chips) 
Seat 6: augtoth ($10.57 in chips) 
The Dunda: posts small blind $0.05
Mahu2021: posts big blind $0.10
*** HOLE CARDS ***
Dealt to Mahu2021 [6c 3s]
BluffsLord: folds 
citizen6e: folds 
augtoth: folds 
willpea2: raises $0.15 to $0.25
The Dunda: folds 
Mahu2021: folds 
Uncalled bet ($0.15) returned to willpea2
willpea2 collected $0.25 from pot
willpea2: doesn't show hand 
*** SUMMARY ***
Total pot $0.25 | Rake $0 
Seat 1: willpea2 (button) collected ($0.25)
Seat 2: The Dunda (small blind) folded before Flop
Seat 3: Mahu2021 (big blind) folded before Flop
Seat 4: BluffsLord folded before Flop (didn't bet)
Seat 5: citizen6e folded before Flop (didn't bet)
Seat 6: augtoth folded before Flop (didn't bet)



PokerStars Zoom Hand #255646944120:  Hold'em No Limit ($0.05/$0.10) - 2025/04/08 17:02:26 CET [2025/04/08 11:02:26 ET]
Table 'Aludra' 6-max Seat #1 is the button
Seat 1: NoSweat666 ($10 in chips) 
Seat 2: Bur1k ($5.40 in chips) 
Seat 3: Luffy V ($17.77 in chips) 
Seat 4: whit&sh@rk ($10.43 in chips) 
Seat 5: Mahu2021 ($10.60 in chips) 
Seat 6: pokeripuikko ($31.65 in chips) 
Bur1k: posts small blind $0.05
Luffy V: posts big blind $0.10
*** HOLE CARDS ***
Dealt to Mahu2021 [Ah As]
whit&sh@rk: folds 
Mahu2021: raises $0.20 to $0.30
pokeripuikko: folds 
NoSweat666: folds 
Bur1k: folds 
Luffy V: folds 
Uncalled bet ($0.20) returned to Mahu2021
Mahu2021 collected $0.25 from pot
Mahu2021: doesn't show hand 
*** SUMMARY ***
Total pot $0.25 | Rake $0 
Seat 1: NoSweat666 (button) folded before Flop (didn't bet)
Seat 2: Bur1k (small blind) folded before Flop
Seat 3: Luffy V (big blind) folded before Flop
Seat 4: whit&sh@rk folded before Flop (didn't bet)
Seat 5: Mahu2021 collected ($0.25)
Seat 6: pokeripuikko folded before Flop (didn't bet)



PokerStars Zoom Hand #255646947652:  Hold'em No Limit ($0.05/$0.10) - 2025/04/08 17:02:46 CET [2025/04/08 11:02:46 ET]
Table 'Aludra' 6-max Seat #1 is the button
Seat 1: Luffy V ($17.67 in chips) 
Seat 2: BluffsLord ($10.05 in chips) 
Seat 3: dsanchez11 ($11.50 in chips) 
Seat 4: willpea2 ($25.18 in chips) 
Seat 5: Mahu2021 ($10.75 in chips) 
Seat 6: WoozyFace ($10.62 in chips) 
BluffsLord: posts small blind $0.05
dsanchez11: posts big blind $0.10
*** HOLE CARDS ***
Dealt to Mahu2021 [Jc 2c]
willpea2: folds 
Mahu2021: folds 
WoozyFace: folds 
Luffy V: raises $0.15 to $0.25
BluffsLord: folds 
dsanchez11: folds 
Uncalled bet ($0.15) returned to Luffy V
Luffy V collected $0.25 from pot
Luffy V: doesn't show hand 
*** SUMMARY ***
Total pot $0.25 | Rake $0 
Seat 1: Luffy V (button) collected ($0.25)
Seat 2: BluffsLord (small blind) folded before Flop
Seat 3: dsanchez11 (big blind) folded before Flop
Seat 4: willpea2 folded before Flop (didn't bet)
Seat 5: Mahu2021 folded before Flop (didn't bet)
Seat 6: WoozyFace folded before Flop (didn't bet)



PokerStars Zoom Hand #255646948279:  Hold'em No Limit ($0.05/$0.10) - 2025/04/08 17:02:49 CET [2025/04/08 11:02:49 ET]
Table 'Aludra' 6-max Seat #1 is the button
Seat 1: Mahu2021 ($10.75 in chips) 
Seat 2: henrique1265 ($11.93 in chips) 
Seat 3: grekozeus ($11.62 in chips) 
Seat 4: Matzet1ka ($10.10 in chips) 
Seat 5: Rückiracki ($12.42 in chips) 
Seat 6: MTziiinn ($11.75 in chips) 
henrique1265: posts small blind $0.05
grekozeus: posts big blind $0.10
*** HOLE CARDS ***
Dealt to Mahu2021 [6h 6d]
Matzet1ka: folds 
Rückiracki: folds 
MTziiinn: raises $0.15 to $0.25
Mahu2021: calls $0.25
henrique1265: folds 
grekozeus: folds 
*** FLOP *** [2d 2h 3c]
MTziiinn: checks 
Mahu2021: bets $0.62
MTziiinn: raises $0.62 to $1.24
Mahu2021: calls $0.62
*** TURN *** [2d 2h 3c] [Qc]
MTziiinn: checks 
Mahu2021: checks 
*** RIVER *** [2d 2h 3c Qc] [3s]
MTziiinn: checks 
Mahu2021: bets $2.99
MTziiinn: folds 
Uncalled bet ($2.99) returned to Mahu2021
Mahu2021 collected $2.99 from pot
Mahu2021: doesn't show hand 
*** SUMMARY ***
Total pot $3.13 | Rake $0.14 
Board [2d 2h 3c Qc 3s]
Seat 1: Mahu2021 (button) collected ($2.99)
Seat 2: henrique1265 (small blind) folded before Flop
Seat 3: grekozeus (big blind) folded before Flop
Seat 4: Matzet1ka folded before Flop (didn't bet)
Seat 5: Rückiracki folded before Flop (didn't bet)
Seat 6: MTziiinn folded on the River



