PokerStars Zoom Hand #255448647271:  Hold'em No Limit ($0.05/$0.10) - 2025/03/25 19:19:00 CET [2025/03/25 14:19:00 ET]
Table 'Aludra' 6-max Seat #1 is the button
Seat 1: Luffy V ($10 in chips) 
Seat 2: Gertus100 ($10.78 in chips) 
Seat 3: Mahu2021 ($10 in chips) 
Seat 4: Dungwish ($11.33 in chips) 
Seat 5: Lux007804 ($13.66 in chips) 
Seat 6: humo97 ($10.92 in chips) 
Gertus100: posts small blind $0.05
Mahu2021: posts big blind $0.10
*** HOLE CARDS ***
Dealt to Mahu2021 [Ac 8c]
Dungwish: folds 
Lux007804: raises $0.15 to $0.25
humo97: folds 
Luffy V: folds 
Gertus100: folds 
Mahu2021: calls $0.15
*** FLOP *** [6c 2s 8h]
Mahu2021: bets $0.53
Lux007804: calls $0.53
*** TURN *** [6c 2s 8h] [7d]
Mahu2021: bets $1.54
Lux007804: calls $1.54
*** RIVER *** [6c 2s 8h 7d] [3d]
Mahu2021: bets $4.48
Lux007804: calls $4.48
*** SHOW DOWN ***
Mahu2021: shows [Ac 8c] (a pair of Eights)
Lux007804: shows [Th Tc] (a pair of Tens)
Lux007804 collected $13.04 from pot
*** SUMMARY ***
Total pot $13.65 | Rake $0.61 
Board [6c 2s 8h 7d 3d]
Seat 1: Luffy V (button) folded before Flop (didn't bet)
Seat 2: Gertus100 (small blind) folded before Flop
Seat 3: Mahu2021 (big blind) showed [Ac 8c] and lost with a pair of Eights
Seat 4: Dungwish folded before Flop (didn't bet)
Seat 5: Lux007804 showed [Th Tc] and won ($13.04) with a pair of Tens
Seat 6: humo97 folded before Flop (didn't bet)



PokerStars Zoom Hand #255448661725:  Hold'em No Limit ($0.05/$0.10) - 2025/03/25 19:19:57 CET [2025/03/25 14:19:57 ET]
Table 'Aludra' 6-max Seat #1 is the button
Seat 1: Smailodon ($4.12 in chips) 
Seat 2: Mahu2021 ($3.20 in chips) 
Seat 3: Lux007804 ($19.90 in chips) 
Seat 4: PavanaTTo23 ($10.50 in chips) 
Seat 5: ruffcut68 ($10.92 in chips) 
Seat 6: killerita67 ($35.12 in chips) 
Mahu2021: posts small blind $0.05
Lux007804: posts big blind $0.10
*** HOLE CARDS ***
Dealt to Mahu2021 [9s 5s]
PavanaTTo23: folds 
ruffcut68: raises $0.20 to $0.30
killerita67: folds 
Smailodon: raises $0.40 to $0.70
Mahu2021: folds 
Lux007804: folds 
ruffcut68: calls $0.40
*** FLOP *** [Ac 2c 3d]
ruffcut68: checks 
Smailodon: bets $0.74
ruffcut68: folds 
Uncalled bet ($0.74) returned to Smailodon
Smailodon collected $1.48 from pot
Smailodon: doesn't show hand 
*** SUMMARY ***
Total pot $1.55 | Rake $0.07 
Board [Ac 2c 3d]
Seat 1: Smailodon (button) collected ($1.48)
Seat 2: Mahu2021 (small blind) folded before Flop
Seat 3: Lux007804 (big blind) folded before Flop
Seat 4: PavanaTTo23 folded before Flop (didn't bet)
Seat 5: ruffcut68 folded on the Flop
Seat 6: killerita67 folded before Flop (didn't bet)



PokerStars Zoom Hand #255448662667:  Hold'em No Limit ($0.05/$0.10) - 2025/03/25 19:20:00 CET [2025/03/25 14:20:00 ET]
Table 'Aludra' 6-max Seat #1 is the button
Seat 1: Mahu2021 ($3.15 in chips) 
Seat 2: Tschaggo25 ($16.70 in chips) 
Seat 3: pokeripuikko ($12.06 in chips) 
Seat 4: Dungwish ($10.55 in chips) 
Seat 5: strashilisht ($10.05 in chips) 
Seat 6: Kac4kac ($11.56 in chips) 
Tschaggo25: posts small blind $0.05
pokeripuikko: posts big blind $0.10
*** HOLE CARDS ***
Dealt to Mahu2021 [3d 8c]
Dungwish: folds 
strashilisht: folds 
Kac4kac: folds 
Mahu2021: folds 
Tschaggo25: raises $0.15 to $0.25
pokeripuikko: calls $0.15
*** FLOP *** [3c Jh Tc]
Tschaggo25: checks 
pokeripuikko: checks 
*** TURN *** [3c Jh Tc] [Kd]
Tschaggo25: checks 
pokeripuikko: bets $0.33
Tschaggo25: calls $0.33
*** RIVER *** [3c Jh Tc Kd] [9c]
Tschaggo25: bets $0.83
pokeripuikko: calls $0.83
*** SHOW DOWN ***
Tschaggo25: shows [8h As] (high card Ace)
pokeripuikko: shows [Kc 9s] (two pair, Kings and Nines)
pokeripuikko collected $2.69 from pot
*** SUMMARY ***
Total pot $2.82 | Rake $0.13 
Board [3c Jh Tc Kd 9c]
Seat 1: Mahu2021 (button) folded before Flop (didn't bet)
Seat 2: Tschaggo25 (small blind) showed [8h As] and lost with high card Ace
Seat 3: pokeripuikko (big blind) showed [Kc 9s] and won ($2.69) with two pair, Kings and Nines
Seat 4: Dungwish folded before Flop (didn't bet)
Seat 5: strashilisht folded before Flop (didn't bet)
Seat 6: Kac4kac folded before Flop (didn't bet)



PokerStars Zoom Hand #255448663816:  Hold'em No Limit ($0.05/$0.10) - 2025/03/25 19:20:05 CET [2025/03/25 14:20:05 ET]
Table 'Aludra' 6-max Seat #1 is the button
Seat 1: Thiguin9 ($16.50 in chips) 
Seat 2: rodooxdog ($10.41 in chips) 
Seat 3: Chun221 ($30.87 in chips) 
Seat 4: afwing16 ($11.29 in chips) 
Seat 5: Mallardz ($10.84 in chips) 
Seat 6: Mahu2021 ($3.15 in chips) 
rodooxdog: posts small blind $0.05
Chun221: posts big blind $0.10
*** HOLE CARDS ***
Dealt to Mahu2021 [Kc Ah]
afwing16: folds 
Mallardz: folds 
Mahu2021: raises $0.20 to $0.30
Thiguin9: folds 
rodooxdog: folds 
Chun221: calls $0.20
*** FLOP *** [9d 3c Ks]
Chun221: checks 
Mahu2021: bets $0.62
Chun221: folds 
Uncalled bet ($0.62) returned to Mahu2021
Mahu2021 collected $0.62 from pot
Mahu2021: doesn't show hand 
*** SUMMARY ***
Total pot $0.65 | Rake $0.03 
Board [9d 3c Ks]
Seat 1: Thiguin9 (button) folded before Flop (didn't bet)
Seat 2: rodooxdog (small blind) folded before Flop
Seat 3: Chun221 (big blind) folded on the Flop
Seat 4: afwing16 folded before Flop (didn't bet)
Seat 5: Mallardz folded before Flop (didn't bet)
Seat 6: Mahu2021 collected ($0.62)



PokerStars Zoom Hand #255448679229:  Hold'em No Limit ($0.05/$0.10) - 2025/03/25 19:21:06 CET [2025/03/25 14:21:06 ET]
Table 'Aludra' 6-max Seat #1 is the button
Seat 1: Mahu2021 ($3.37 in chips) 
Seat 2: pougia777 ($10.15 in chips) 
Seat 3: PovilasX ($16.13 in chips) 
Seat 4: fmarciooliv ($7.91 in chips) 
Seat 5: Babuin_Look ($11.08 in chips) 
Seat 6: Smailodon ($4.41 in chips) 
pougia777: posts small blind $0.05
PovilasX: posts big blind $0.10
*** HOLE CARDS ***
Dealt to Mahu2021 [6d Kd]
fmarciooliv: folds 
Babuin_Look: raises $0.15 to $0.25
Smailodon: folds 
Mahu2021: folds 
pougia777: folds 
PovilasX: folds 
Uncalled bet ($0.15) returned to Babuin_Look
Babuin_Look collected $0.25 from pot
Babuin_Look: doesn't show hand 
*** SUMMARY ***
Total pot $0.25 | Rake $0 
Seat 1: Mahu2021 (button) folded before Flop (didn't bet)
Seat 2: pougia777 (small blind) folded before Flop
Seat 3: PovilasX (big blind) folded before Flop
Seat 4: fmarciooliv folded before Flop (didn't bet)
Seat 5: Babuin_Look collected ($0.25)
Seat 6: Smailodon folded before Flop (didn't bet)



PokerStars Zoom Hand #255448675679:  Hold'em No Limit ($0.05/$0.10) - 2025/03/25 19:20:52 CET [2025/03/25 14:20:52 ET]
Table 'Aludra' 6-max Seat #1 is the button
Seat 1: sigu0540 ($10.44 in chips) 
Seat 2: Kac4kac ($13.19 in chips) 
Seat 3: Mahu2021 ($3.47 in chips) 
Seat 4: Matzet1ka ($10.20 in chips) 
Seat 5: Chun221 ($30.57 in chips) 
Seat 6: Arachnid56 ($16.98 in chips) 
Kac4kac: posts small blind $0.05
Mahu2021: posts big blind $0.10
*** HOLE CARDS ***
Dealt to Mahu2021 [2s 6d]
Matzet1ka: raises $0.10 to $0.20
Chun221: folds 
Arachnid56: folds 
sigu0540: calls $0.20
Kac4kac: raises $1.10 to $1.30
Mahu2021: folds 
Matzet1ka: folds 
sigu0540: folds 
Uncalled bet ($1.10) returned to Kac4kac
Kac4kac collected $0.70 from pot
Kac4kac: doesn't show hand 
*** SUMMARY ***
Total pot $0.70 | Rake $0 
Seat 1: sigu0540 (button) folded before Flop
Seat 2: Kac4kac (small blind) collected ($0.70)
Seat 3: Mahu2021 (big blind) folded before Flop
Seat 4: Matzet1ka folded before Flop
Seat 5: Chun221 folded before Flop (didn't bet)
Seat 6: Arachnid56 folded before Flop (didn't bet)



PokerStars Zoom Hand #255448678138:  Hold'em No Limit ($0.05/$0.10) - 2025/03/25 19:21:02 CET [2025/03/25 14:21:02 ET]
Table 'Aludra' 6-max Seat #1 is the button
Seat 1: Mallardz ($10.94 in chips) 
Seat 2: Mozart440 ($10 in chips) 
Seat 3: Arctqrès_ ($18.13 in chips) 
Seat 4: Chun221 ($30.52 in chips) 
Seat 5: Mahu2021 ($3.37 in chips) 
Seat 6: Lux007804 ($18.58 in chips) 
Mozart440: posts small blind $0.05
Arctqrès_: posts big blind $0.10
*** HOLE CARDS ***
Dealt to Mahu2021 [4c 6c]
Chun221: folds 
Mahu2021: folds 
Lux007804: folds 
Mallardz: raises $0.15 to $0.25
Mozart440: raises $0.75 to $1
Arctqrès_: folds 
Mallardz: folds 
Uncalled bet ($0.75) returned to Mozart440
Mozart440 collected $0.60 from pot
Mozart440: doesn't show hand 
*** SUMMARY ***
Total pot $0.60 | Rake $0 
Seat 1: Mallardz (button) folded before Flop
Seat 2: Mozart440 (small blind) collected ($0.60)
Seat 3: Arctqrès_ (big blind) folded before Flop
Seat 4: Chun221 folded before Flop (didn't bet)
Seat 5: Mahu2021 folded before Flop (didn't bet)
Seat 6: Lux007804 folded before Flop (didn't bet)



PokerStars Zoom Hand #255448680490:  Hold'em No Limit ($0.05/$0.10) - 2025/03/25 19:21:11 CET [2025/03/25 14:21:11 ET]
Table 'Aludra' 6-max Seat #1 is the button
Seat 1: nidal55 ($15.90 in chips) 
Seat 2: pokeripuikko ($25.26 in chips) 
Seat 3: SwishTiroCerto ($13.18 in chips) 
Seat 4: Mahu2021 ($3.37 in chips) 
Seat 5: 19Slavon95 ($10.14 in chips) 
Seat 6: fmarciooliv ($7.91 in chips) 
pokeripuikko: posts small blind $0.05
SwishTiroCerto: posts big blind $0.10
*** HOLE CARDS ***
Dealt to Mahu2021 [2s 5d]
Mahu2021: folds 
19Slavon95: folds 
fmarciooliv: folds 
nidal55: folds 
pokeripuikko: folds 
Uncalled bet ($0.05) returned to SwishTiroCerto
SwishTiroCerto collected $0.10 from pot
SwishTiroCerto: doesn't show hand 
*** SUMMARY ***
Total pot $0.10 | Rake $0 
Seat 1: nidal55 (button) folded before Flop (didn't bet)
Seat 2: pokeripuikko (small blind) folded before Flop
Seat 3: SwishTiroCerto (big blind) collected ($0.10)
Seat 4: Mahu2021 folded before Flop (didn't bet)
Seat 5: 19Slavon95 folded before Flop (didn't bet)
Seat 6: fmarciooliv folded before Flop (didn't bet)



PokerStars Zoom Hand #255448681227:  Hold'em No Limit ($0.05/$0.10) - 2025/03/25 19:21:14 CET [2025/03/25 14:21:14 ET]
Table 'Aludra' 6-max Seat #1 is the button
Seat 1: 3betallday ($10.27 in chips) 
Seat 2: Mahu2021 ($3.37 in chips) 
Seat 3: Bur1k ($6.21 in chips) 
Seat 4: TrMaEu ($10 in chips) 
Seat 5: pokeripuikko ($12.82 in chips) 
Seat 6: Mozart440 ($10 in chips) 
Mahu2021: posts small blind $0.05
Bur1k: posts big blind $0.10
*** HOLE CARDS ***
Dealt to Mahu2021 [9h 3c]
TrMaEu: folds 
pokeripuikko: folds 
Mozart440: folds 
3betallday: folds 
Mahu2021: folds 
Uncalled bet ($0.05) returned to Bur1k
Bur1k collected $0.10 from pot
Bur1k: doesn't show hand 
*** SUMMARY ***
Total pot $0.10 | Rake $0 
Seat 1: 3betallday (button) folded before Flop (didn't bet)
Seat 2: Mahu2021 (small blind) folded before Flop
Seat 3: Bur1k (big blind) collected ($0.10)
Seat 4: TrMaEu folded before Flop (didn't bet)
Seat 5: pokeripuikko folded before Flop (didn't bet)
Seat 6: Mozart440 folded before Flop (didn't bet)



PokerStars Zoom Hand #255448681851:  Hold'em No Limit ($0.05/$0.10) - 2025/03/25 19:21:16 CET [2025/03/25 14:21:16 ET]
Table 'Aludra' 6-max Seat #1 is the button
Seat 1: WhosRogue ($13.35 in chips) 
Seat 2: Humme94 ($16.40 in chips) 
Seat 3: Mahu2021 ($3.32 in chips) 
Seat 4: ZacMacD500 ($21.65 in chips) 
Seat 5: luckyagainn ($14 in chips) 
Seat 6: pokeripuikko ($25.21 in chips) 
Humme94: posts small blind $0.05
Mahu2021: posts big blind $0.10
*** HOLE CARDS ***
Dealt to Mahu2021 [Kh 2h]
ZacMacD500: raises $0.10 to $0.20
luckyagainn: folds 
pokeripuikko: folds 
WhosRogue: calls $0.20
Humme94: folds 
Mahu2021: folds 
*** FLOP *** [7h 6c Qs]
ZacMacD500: checks 
WhosRogue: bets $0.20
ZacMacD500: folds 
Uncalled bet ($0.20) returned to WhosRogue
WhosRogue collected $0.53 from pot
WhosRogue: doesn't show hand 
*** SUMMARY ***
Total pot $0.55 | Rake $0.02 
Board [7h 6c Qs]
Seat 1: WhosRogue (button) collected ($0.53)
Seat 2: Humme94 (small blind) folded before Flop
Seat 3: Mahu2021 (big blind) folded before Flop
Seat 4: ZacMacD500 folded on the Flop
Seat 5: luckyagainn folded before Flop (didn't bet)
Seat 6: pokeripuikko folded before Flop (didn't bet)



PokerStars Zoom Hand #255448683213:  Hold'em No Limit ($0.05/$0.10) - 2025/03/25 19:21:22 CET [2025/03/25 14:21:22 ET]
Table 'Aludra' 6-max Seat #1 is the button
Seat 1: Luffy V ($10.15 in chips) 
Seat 2: nikku13 ($10.26 in chips) 
Seat 3: killerita67 ($35.34 in chips) 
Seat 4: Mozart440 ($10 in chips) 
Seat 5: pokeripuikko ($13.96 in chips) 
Seat 6: Mahu2021 ($3.22 in chips) 
nikku13: posts small blind $0.05
killerita67: posts big blind $0.10
*** HOLE CARDS ***
Dealt to Mahu2021 [6c 3s]
Mozart440: folds 
pokeripuikko: folds 
Mahu2021: folds 
Luffy V: raises $0.15 to $0.25
nikku13: folds 
killerita67: folds 
Uncalled bet ($0.15) returned to Luffy V
Luffy V collected $0.25 from pot
Luffy V: doesn't show hand 
*** SUMMARY ***
Total pot $0.25 | Rake $0 
Seat 1: Luffy V (button) collected ($0.25)
Seat 2: nikku13 (small blind) folded before Flop
Seat 3: killerita67 (big blind) folded before Flop
Seat 4: Mozart440 folded before Flop (didn't bet)
Seat 5: pokeripuikko folded before Flop (didn't bet)
Seat 6: Mahu2021 folded before Flop (didn't bet)



PokerStars Zoom Hand #255448685054:  Hold'em No Limit ($0.05/$0.10) - 2025/03/25 19:21:29 CET [2025/03/25 14:21:29 ET]
Table 'Aludra' 6-max Seat #1 is the button
Seat 1: Monetaty ($10 in chips) 
Seat 2: Matzet1ka ($10 in chips) 
Seat 3: s!cko0 ($6.47 in chips) 
Seat 4: coolio1984 ($10.10 in chips) 
Seat 5: Mahu2021 ($3.22 in chips) 
Seat 6: topax76 ($15.85 in chips) 
Matzet1ka: posts small blind $0.05
s!cko0: posts big blind $0.10
*** HOLE CARDS ***
Dealt to Mahu2021 [2d 2h]
coolio1984: raises $0.25 to $0.35
Mahu2021: folds 
topax76: folds 
Monetaty: folds 
Matzet1ka: folds 
s!cko0: folds 
Uncalled bet ($0.25) returned to coolio1984
coolio1984 collected $0.25 from pot
coolio1984: doesn't show hand 
*** SUMMARY ***
Total pot $0.25 | Rake $0 
Seat 1: Monetaty (button) folded before Flop (didn't bet)
Seat 2: Matzet1ka (small blind) folded before Flop
Seat 3: s!cko0 (big blind) folded before Flop
Seat 4: coolio1984 collected ($0.25)
Seat 5: Mahu2021 folded before Flop (didn't bet)
Seat 6: topax76 folded before Flop (didn't bet)



PokerStars Zoom Hand #255448689319:  Hold'em No Limit ($0.05/$0.10) - 2025/03/25 19:21:46 CET [2025/03/25 14:21:46 ET]
Table 'Aludra' 6-max Seat #1 is the button
Seat 1: Luffy V ($10.30 in chips) 
Seat 2: marcio1979 ($10 in chips) 
Seat 3: Mahu2021 ($3.17 in chips) 
Seat 4: Kac4kac ($13.84 in chips) 
Seat 5: humo97 ($11.28 in chips) 
Seat 6: hong0627 ($11.40 in chips) 
marcio1979: posts small blind $0.05
Mahu2021: posts big blind $0.10
*** HOLE CARDS ***
Dealt to Mahu2021 [Qh 3h]
Kac4kac: folds 
humo97: folds 
hong0627: raises $0.12 to $0.22
Luffy V: folds 
marcio1979: folds 
Mahu2021: folds 
Uncalled bet ($0.12) returned to hong0627
hong0627 collected $0.25 from pot
hong0627: doesn't show hand 
*** SUMMARY ***
Total pot $0.25 | Rake $0 
Seat 1: Luffy V (button) folded before Flop (didn't bet)
Seat 2: marcio1979 (small blind) folded before Flop
Seat 3: Mahu2021 (big blind) folded before Flop
Seat 4: Kac4kac folded before Flop (didn't bet)
Seat 5: humo97 folded before Flop (didn't bet)
Seat 6: hong0627 collected ($0.25)



PokerStars Zoom Hand #255448687757:  Hold'em No Limit ($0.05/$0.10) - 2025/03/25 19:21:40 CET [2025/03/25 14:21:40 ET]
Table 'Aludra' 6-max Seat #1 is the button
Seat 1: gimmiurstack ($14.40 in chips) 
Seat 2: looser00091 ($27.92 in chips) 
Seat 3: nidal55 ($15.90 in chips) 
Seat 4: Mahu2021 ($3.22 in chips) 
Seat 5: PICCOLI0803 ($25.74 in chips) 
Seat 6: TreboRrz ($10.45 in chips) 
looser00091: posts small blind $0.05
nidal55: posts big blind $0.10
*** HOLE CARDS ***
Dealt to Mahu2021 [Kc 2d]
Mahu2021: folds 
PICCOLI0803: folds 
TreboRrz: folds 
gimmiurstack: raises $0.13 to $0.23
looser00091: folds 
nidal55: folds 
Uncalled bet ($0.13) returned to gimmiurstack
gimmiurstack collected $0.25 from pot
gimmiurstack: doesn't show hand 
*** SUMMARY ***
Total pot $0.25 | Rake $0 
Seat 1: gimmiurstack (button) collected ($0.25)
Seat 2: looser00091 (small blind) folded before Flop
Seat 3: nidal55 (big blind) folded before Flop
Seat 4: Mahu2021 folded before Flop (didn't bet)
Seat 5: PICCOLI0803 folded before Flop (didn't bet)
Seat 6: TreboRrz folded before Flop (didn't bet)



PokerStars Zoom Hand #255448684161:  Hold'em No Limit ($0.05/$0.10) - 2025/03/25 19:21:26 CET [2025/03/25 14:21:26 ET]
Table 'Aludra' 6-max Seat #1 is the button
Seat 1: Mahu2021 ($3.22 in chips) 
Seat 2: Lux007804 ($7.42 in chips) 
Seat 3: Mozart440 ($10 in chips) 
Seat 4: Mallardz ($10.69 in chips) 
Seat 5: wlaytonwatts ($10.89 in chips) 
Seat 6: s!cko0 ($6.47 in chips) 
Lux007804: posts small blind $0.05
Mozart440: posts big blind $0.10
*** HOLE CARDS ***
Dealt to Mahu2021 [6d Kd]
Mallardz: folds 
wlaytonwatts: folds 
s!cko0: folds 
Mahu2021: folds 
Lux007804: raises $0.20 to $0.30
Mozart440: raises $0.60 to $0.90
Lux007804: folds 
Uncalled bet ($0.60) returned to Mozart440
Mozart440 collected $0.60 from pot
Mozart440: doesn't show hand 
*** SUMMARY ***
Total pot $0.60 | Rake $0 
Seat 1: Mahu2021 (button) folded before Flop (didn't bet)
Seat 2: Lux007804 (small blind) folded before Flop
Seat 3: Mozart440 (big blind) collected ($0.60)
Seat 4: Mallardz folded before Flop (didn't bet)
Seat 5: wlaytonwatts folded before Flop (didn't bet)
Seat 6: s!cko0 folded before Flop (didn't bet)



PokerStars Zoom Hand #255448686513:  Hold'em No Limit ($0.05/$0.10) - 2025/03/25 19:21:35 CET [2025/03/25 14:21:35 ET]
Table 'Aludra' 6-max Seat #1 is the button
Seat 1: afwing16 ($19.59 in chips) 
Seat 2: MindOverMoney ($10.88 in chips) 
Seat 3: topax76 ($15.85 in chips) 
Seat 4: Dungwish ($10.15 in chips) 
Seat 5: Mahu2021 ($3.22 in chips) 
Seat 6: Bur1k ($5.52 in chips) 
MindOverMoney: posts small blind $0.05
topax76: posts big blind $0.10
*** HOLE CARDS ***
Dealt to Mahu2021 [Td 4d]
Dungwish: folds 
Mahu2021: folds 
Bur1k: raises $0.15 to $0.25
afwing16: folds 
MindOverMoney: folds 
topax76: folds 
Uncalled bet ($0.15) returned to Bur1k
Bur1k collected $0.25 from pot
Bur1k: doesn't show hand 
*** SUMMARY ***
Total pot $0.25 | Rake $0 
Seat 1: afwing16 (button) folded before Flop (didn't bet)
Seat 2: MindOverMoney (small blind) folded before Flop
Seat 3: topax76 (big blind) folded before Flop
Seat 4: Dungwish folded before Flop (didn't bet)
Seat 5: Mahu2021 folded before Flop (didn't bet)
Seat 6: Bur1k collected ($0.25)



PokerStars Zoom Hand #255448692583:  Hold'em No Limit ($0.05/$0.10) - 2025/03/25 19:21:59 CET [2025/03/25 14:21:59 ET]
Table 'Aludra' 6-max Seat #1 is the button
Seat 1: Mahu2021 ($3.07 in chips) 
Seat 2: DxCrispimT ($19.95 in chips) 
Seat 3: looser00091 ($27.87 in chips) 
Seat 4: al1481 ($20.09 in chips) 
Seat 5: PavanaTTo23 ($12.66 in chips) 
Seat 6: nidal55 ($17.95 in chips) 
DxCrispimT: posts small blind $0.05
looser00091: posts big blind $0.10
*** HOLE CARDS ***
Dealt to Mahu2021 [8d 6c]
al1481: folds 
PavanaTTo23: folds 
nidal55: folds 
Mahu2021: folds 
DxCrispimT: folds 
Uncalled bet ($0.05) returned to looser00091
looser00091 collected $0.10 from pot
looser00091: doesn't show hand 
*** SUMMARY ***
Total pot $0.10 | Rake $0 
Seat 1: Mahu2021 (button) folded before Flop (didn't bet)
Seat 2: DxCrispimT (small blind) folded before Flop
Seat 3: looser00091 (big blind) collected ($0.10)
Seat 4: al1481 folded before Flop (didn't bet)
Seat 5: PavanaTTo23 folded before Flop (didn't bet)
Seat 6: nidal55 folded before Flop (didn't bet)



PokerStars Zoom Hand #255448688470:  Hold'em No Limit ($0.05/$0.10) - 2025/03/25 19:21:43 CET [2025/03/25 14:21:43 ET]
Table 'Aludra' 6-max Seat #1 is the button
Seat 1: badbetman ($9.90 in chips) 
Seat 2: Mahu2021 ($3.22 in chips) 
Seat 3: wlaytonwatts ($10 in chips) 
Seat 4: strashilisht ($20.48 in chips) 
Seat 5: maxjenics ($11.48 in chips) 
Seat 6: Tozsy17 ($10 in chips) 
Mahu2021: posts small blind $0.05
wlaytonwatts: posts big blind $0.10
*** HOLE CARDS ***
Dealt to Mahu2021 [Qh 5h]
strashilisht: folds 
maxjenics: folds 
Tozsy17: raises $0.11 to $0.21
badbetman: calls $0.21
Mahu2021: folds 
wlaytonwatts: calls $0.11
*** FLOP *** [5c Td As]
wlaytonwatts: checks 
Tozsy17: checks 
badbetman: bets $0.27
wlaytonwatts: folds 
Tozsy17: folds 
Uncalled bet ($0.27) returned to badbetman
badbetman collected $0.65 from pot
badbetman: doesn't show hand 
*** SUMMARY ***
Total pot $0.68 | Rake $0.03 
Board [5c Td As]
Seat 1: badbetman (button) collected ($0.65)
Seat 2: Mahu2021 (small blind) folded before Flop
Seat 3: wlaytonwatts (big blind) folded on the Flop
Seat 4: strashilisht folded before Flop (didn't bet)
Seat 5: maxjenics folded before Flop (didn't bet)
Seat 6: Tozsy17 folded on the Flop



PokerStars Zoom Hand #255448691580:  Hold'em No Limit ($0.05/$0.10) - 2025/03/25 19:21:55 CET [2025/03/25 14:21:55 ET]
Table 'Aludra' 6-max Seat #1 is the button
Seat 1: Chribam2 ($13.65 in chips) 
Seat 2: s!cko0 ($6.37 in chips) 
Seat 3: Dungwish ($10.43 in chips) 
Seat 4: losscreeners ($9.80 in chips) 
Seat 5: PovilasX ($10 in chips) 
Seat 6: Mahu2021 ($3.07 in chips) 
s!cko0: posts small blind $0.05
Dungwish: posts big blind $0.10
*** HOLE CARDS ***
Dealt to Mahu2021 [5s Ks]
losscreeners: folds 
PovilasX: folds 
Mahu2021: folds 
Chribam2: raises $0.10 to $0.20
s!cko0: folds 
Dungwish: calls $0.10
*** FLOP *** [5d 3c 8h]
Dungwish: checks 
Chribam2: checks 
*** TURN *** [5d 3c 8h] [Tc]
Dungwish: checks 
Chribam2: checks 
*** RIVER *** [5d 3c 8h Tc] [6d]
Dungwish: bets $0.27
Chribam2: folds 
Uncalled bet ($0.27) returned to Dungwish
Dungwish collected $0.43 from pot
Dungwish: doesn't show hand 
*** SUMMARY ***
Total pot $0.45 | Rake $0.02 
Board [5d 3c 8h Tc 6d]
Seat 1: Chribam2 (button) folded on the River
Seat 2: s!cko0 (small blind) folded before Flop
Seat 3: Dungwish (big blind) collected ($0.43)
Seat 4: losscreeners folded before Flop (didn't bet)
Seat 5: PovilasX folded before Flop (didn't bet)
Seat 6: Mahu2021 folded before Flop (didn't bet)



PokerStars Zoom Hand #255448695156:  Hold'em No Limit ($0.05/$0.10) - 2025/03/25 19:22:09 CET [2025/03/25 14:22:09 ET]
Table 'Aludra' 6-max Seat #1 is the button
Seat 1: DaveH456 ($11.31 in chips) 
Seat 2: maxjenics ($11.38 in chips) 
Seat 3: prak455 ($13.54 in chips) 
Seat 4: Monetaty ($10.22 in chips) 
Seat 5: Madalinrap8 ($4.65 in chips) 
Seat 6: Mahu2021 ($3.07 in chips) 
maxjenics: posts small blind $0.05
prak455: posts big blind $0.10
*** HOLE CARDS ***
Dealt to Mahu2021 [4c 8d]
Monetaty: folds 
Madalinrap8: folds 
Mahu2021: folds 
DaveH456: folds 
maxjenics: raises $0.15 to $0.25
prak455: calls $0.15
*** FLOP *** [Qc 5s Jc]
maxjenics: bets $0.29
prak455: folds 
Uncalled bet ($0.29) returned to maxjenics
maxjenics collected $0.48 from pot
maxjenics: doesn't show hand 
*** SUMMARY ***
Total pot $0.50 | Rake $0.02 
Board [Qc 5s Jc]
Seat 1: DaveH456 (button) folded before Flop (didn't bet)
Seat 2: maxjenics (small blind) collected ($0.48)
Seat 3: prak455 (big blind) folded on the Flop
Seat 4: Monetaty folded before Flop (didn't bet)
Seat 5: Madalinrap8 folded before Flop (didn't bet)
Seat 6: Mahu2021 folded before Flop (didn't bet)



PokerStars Zoom Hand #255448696392:  Hold'em No Limit ($0.05/$0.10) - 2025/03/25 19:22:14 CET [2025/03/25 14:22:14 ET]
Table 'Aludra' 6-max Seat #1 is the button
Seat 1: DxCrispimT ($19.90 in chips) 
Seat 2: Mahu2021 ($3.07 in chips) 
Seat 3: saljam23 ($15.99 in chips) 
Seat 4: gimmiurstack ($14.55 in chips) 
Seat 5: rk_ito7 ($10 in chips) 
Seat 6: 3betallday ($10.12 in chips) 
Mahu2021: posts small blind $0.05
saljam23: posts big blind $0.10
*** HOLE CARDS ***
Dealt to Mahu2021 [Kc Jd]
gimmiurstack: folds 
rk_ito7: folds 
3betallday: folds 
DxCrispimT: folds 
Mahu2021: raises $0.20 to $0.30
saljam23: folds 
Uncalled bet ($0.20) returned to Mahu2021
Mahu2021 collected $0.20 from pot
Mahu2021: doesn't show hand 
*** SUMMARY ***
Total pot $0.20 | Rake $0 
Seat 1: DxCrispimT (button) folded before Flop (didn't bet)
Seat 2: Mahu2021 (small blind) collected ($0.20)
Seat 3: saljam23 (big blind) folded before Flop
Seat 4: gimmiurstack folded before Flop (didn't bet)
Seat 5: rk_ito7 folded before Flop (didn't bet)
Seat 6: 3betallday folded before Flop (didn't bet)



PokerStars Zoom Hand #255448699869:  Hold'em No Limit ($0.05/$0.10) - 2025/03/25 19:22:28 CET [2025/03/25 14:22:28 ET]
Table 'Aludra' 6-max Seat #1 is the button
Seat 1: rk_ito7 ($10 in chips) 
Seat 2: MicZnuk ($17.35 in chips) 
Seat 3: Thiguin9 ($24.61 in chips) 
Seat 4: luckyagainn ($13.88 in chips) 
Seat 5: Mahu2021 ($3.17 in chips) 
Seat 6: pokeripuikko ($13.53 in chips) 
MicZnuk: posts small blind $0.05
Thiguin9: posts big blind $0.10
*** HOLE CARDS ***
Dealt to Mahu2021 [Qh 7s]
luckyagainn: folds 
Mahu2021: folds 
pokeripuikko: folds 
rk_ito7: folds 
MicZnuk: folds 
Uncalled bet ($0.05) returned to Thiguin9
Thiguin9 collected $0.10 from pot
Thiguin9: doesn't show hand 
*** SUMMARY ***
Total pot $0.10 | Rake $0 
Seat 1: rk_ito7 (button) folded before Flop (didn't bet)
Seat 2: MicZnuk (small blind) folded before Flop
Seat 3: Thiguin9 (big blind) collected ($0.10)
Seat 4: luckyagainn folded before Flop (didn't bet)
Seat 5: Mahu2021 folded before Flop (didn't bet)
Seat 6: pokeripuikko folded before Flop (didn't bet)



PokerStars Zoom Hand #255448700816:  Hold'em No Limit ($0.05/$0.10) - 2025/03/25 19:22:32 CET [2025/03/25 14:22:32 ET]
Table 'Aludra' 6-max Seat #1 is the button
Seat 1: prak455 ($13.24 in chips) 
Seat 2: alexevo91 ($12.23 in chips) 
Seat 3: Mahu2021 ($3.17 in chips) 
Seat 4: killerita67 ($35.49 in chips) 
Seat 5: andriy58504 ($8.03 in chips) 
Seat 6: rk_ito7 ($10 in chips) 
alexevo91: posts small blind $0.05
Mahu2021: posts big blind $0.10
*** HOLE CARDS ***
Dealt to Mahu2021 [4d 6d]
killerita67: folds 
andriy58504: folds 
rk_ito7: folds 
prak455: folds 
alexevo91: folds 
Uncalled bet ($0.05) returned to Mahu2021
Mahu2021 collected $0.10 from pot
Mahu2021: doesn't show hand 
*** SUMMARY ***
Total pot $0.10 | Rake $0 
Seat 1: prak455 (button) folded before Flop (didn't bet)
Seat 2: alexevo91 (small blind) folded before Flop
Seat 3: Mahu2021 (big blind) collected ($0.10)
Seat 4: killerita67 folded before Flop (didn't bet)
Seat 5: andriy58504 folded before Flop (didn't bet)
Seat 6: rk_ito7 folded before Flop (didn't bet)



PokerStars Zoom Hand #255448694322:  Hold'em No Limit ($0.05/$0.10) - 2025/03/25 19:22:06 CET [2025/03/25 14:22:06 ET]
Table 'Aludra' 6-max Seat #1 is the button
Seat 1: marcio1979 ($10.05 in chips) 
Seat 2: rk_ito7 ($10.15 in chips) 
Seat 3: Bur1k ($6.26 in chips) 
Seat 4: Mahu2021 ($3.07 in chips) 
Seat 5: Lentwood ($8.69 in chips) 
Seat 6: Lux007804 ($18.43 in chips) 
rk_ito7: posts small blind $0.05
Bur1k: posts big blind $0.10
*** HOLE CARDS ***
Dealt to Mahu2021 [Ts 3h]
Mahu2021: folds 
Lentwood: folds 
Lux007804: folds 
marcio1979: raises $0.15 to $0.25
rk_ito7: folds 
Bur1k: folds 
Uncalled bet ($0.15) returned to marcio1979
marcio1979 collected $0.25 from pot
marcio1979: doesn't show hand 
*** SUMMARY ***
Total pot $0.25 | Rake $0 
Seat 1: marcio1979 (button) collected ($0.25)
Seat 2: rk_ito7 (small blind) folded before Flop
Seat 3: Bur1k (big blind) folded before Flop
Seat 4: Mahu2021 folded before Flop (didn't bet)
Seat 5: Lentwood folded before Flop (didn't bet)
Seat 6: Lux007804 folded before Flop (didn't bet)



PokerStars Zoom Hand #255448703061:  Hold'em No Limit ($0.05/$0.10) - 2025/03/25 19:22:41 CET [2025/03/25 14:22:41 ET]
Table 'Aludra' 6-max Seat #1 is the button
Seat 1: Smdpair77 ($31.80 in chips) 
Seat 2: Mahu2021 ($3.22 in chips) 
Seat 3: wlaytonwatts ($10.84 in chips) 
Seat 4: vovo4kapooh ($18.54 in chips) 
Seat 5: reaffiliate ($9.29 in chips) 
Seat 6: Lux007804 ($21.42 in chips) 
Mahu2021: posts small blind $0.05
wlaytonwatts: posts big blind $0.10
*** HOLE CARDS ***
Dealt to Mahu2021 [3h 6d]
vovo4kapooh: folds 
reaffiliate: folds 
Lux007804: folds 
Smdpair77: folds 
Mahu2021: folds 
Uncalled bet ($0.05) returned to wlaytonwatts
wlaytonwatts collected $0.10 from pot
wlaytonwatts: doesn't show hand 
*** SUMMARY ***
Total pot $0.10 | Rake $0 
Seat 1: Smdpair77 (button) folded before Flop (didn't bet)
Seat 2: Mahu2021 (small blind) folded before Flop
Seat 3: wlaytonwatts (big blind) collected ($0.10)
Seat 4: vovo4kapooh folded before Flop (didn't bet)
Seat 5: reaffiliate folded before Flop (didn't bet)
Seat 6: Lux007804 folded before Flop (didn't bet)



PokerStars Zoom Hand #255448704658:  Hold'em No Limit ($0.05/$0.10) - 2025/03/25 19:22:47 CET [2025/03/25 14:22:47 ET]
Table 'Aludra' 6-max Seat #1 is the button
Seat 1: MicZnuk ($17.30 in chips) 
Seat 2: pokeripuikko ($12.86 in chips) 
Seat 3: sumdkdl ($10 in chips) 
Seat 4: stoik83 ($10 in chips) 
Seat 5: nidal55 ($18.05 in chips) 
Seat 6: Mahu2021 ($3.17 in chips) 
pokeripuikko: posts small blind $0.05
sumdkdl: posts big blind $0.10
*** HOLE CARDS ***
Dealt to Mahu2021 [6c 2c]
stoik83: folds 
nidal55: folds 
Mahu2021: folds 
MicZnuk: folds 
pokeripuikko: folds 
Uncalled bet ($0.05) returned to sumdkdl
sumdkdl collected $0.10 from pot
sumdkdl: doesn't show hand 
*** SUMMARY ***
Total pot $0.10 | Rake $0 
Seat 1: MicZnuk (button) folded before Flop (didn't bet)
Seat 2: pokeripuikko (small blind) folded before Flop
Seat 3: sumdkdl (big blind) collected ($0.10)
Seat 4: stoik83 folded before Flop (didn't bet)
Seat 5: nidal55 folded before Flop (didn't bet)
Seat 6: Mahu2021 folded before Flop (didn't bet)



PokerStars Zoom Hand #255448705365:  Hold'em No Limit ($0.05/$0.10) - 2025/03/25 19:22:50 CET [2025/03/25 14:22:50 ET]
Table 'Aludra' 6-max Seat #1 is the button
Seat 1: PovilasX ($10 in chips) 
Seat 2: 3betallday ($9.87 in chips) 
Seat 3: reaffiliate ($11.51 in chips) 
Seat 4: luckyagainn ($10.10 in chips) 
Seat 5: Mahu2021 ($3.17 in chips) 
Seat 6: AllMenMstSrv ($10.96 in chips) 
3betallday: posts small blind $0.05
reaffiliate: posts big blind $0.10
*** HOLE CARDS ***
Dealt to Mahu2021 [Ts 6s]
luckyagainn: raises $0.12 to $0.22
Mahu2021: folds 
AllMenMstSrv: folds 
PovilasX: folds 
3betallday: folds 
reaffiliate: folds 
Uncalled bet ($0.12) returned to luckyagainn
luckyagainn collected $0.25 from pot
luckyagainn: doesn't show hand 
*** SUMMARY ***
Total pot $0.25 | Rake $0 
Seat 1: PovilasX (button) folded before Flop (didn't bet)
Seat 2: 3betallday (small blind) folded before Flop
Seat 3: reaffiliate (big blind) folded before Flop
Seat 4: luckyagainn collected ($0.25)
Seat 5: Mahu2021 folded before Flop (didn't bet)
Seat 6: AllMenMstSrv folded before Flop (didn't bet)



PokerStars Zoom Hand #255448706191:  Hold'em No Limit ($0.05/$0.10) - 2025/03/25 19:22:53 CET [2025/03/25 14:22:53 ET]
Table 'Aludra' 6-max Seat #1 is the button
Seat 1: topax76 ($15.75 in chips) 
Seat 2: Mozart440 ($10.40 in chips) 
Seat 3: Mahu2021 ($3.17 in chips) 
Seat 4: Kac4kac ($13.50 in chips) 
Seat 5: wlaytonwatts ($10.89 in chips) 
Seat 6: DH1996LFC ($7.47 in chips) 
Mozart440: posts small blind $0.05
Mahu2021: posts big blind $0.10
*** HOLE CARDS ***
Dealt to Mahu2021 [9s 3d]
Kac4kac: folds 
wlaytonwatts: folds 
DH1996LFC: folds 
topax76: raises $0.10 to $0.20
Mozart440: folds 
Mahu2021: folds 
Uncalled bet ($0.10) returned to topax76
topax76 collected $0.25 from pot
topax76: doesn't show hand 
*** SUMMARY ***
Total pot $0.25 | Rake $0 
Seat 1: topax76 (button) collected ($0.25)
Seat 2: Mozart440 (small blind) folded before Flop
Seat 3: Mahu2021 (big blind) folded before Flop
Seat 4: Kac4kac folded before Flop (didn't bet)
Seat 5: wlaytonwatts folded before Flop (didn't bet)
Seat 6: DH1996LFC folded before Flop (didn't bet)



PokerStars Zoom Hand #255448702224:  Hold'em No Limit ($0.05/$0.10) - 2025/03/25 19:22:37 CET [2025/03/25 14:22:37 ET]
Table 'Aludra' 6-max Seat #1 is the button
Seat 1: Mahu2021 ($3.22 in chips) 
Seat 2: Tozsy17 ($10 in chips) 
Seat 3: alexevo91 ($12.18 in chips) 
Seat 4: maxjenics ($11.61 in chips) 
Seat 5: komodo75 ($9.12 in chips) 
Seat 6: serso5964 ($4.67 in chips) 
Tozsy17: posts small blind $0.05
alexevo91: posts big blind $0.10
*** HOLE CARDS ***
Dealt to Mahu2021 [2s Ac]
maxjenics: folds 
komodo75: raises $0.10 to $0.20
serso5964: folds 
Mahu2021: folds 
Tozsy17: folds 
alexevo91: calls $0.10
*** FLOP *** [Jd Tc 8c]
alexevo91: checks 
komodo75: bets $0.20
alexevo91: calls $0.20
*** TURN *** [Jd Tc 8c] [3h]
alexevo91: checks 
komodo75: bets $0.20
alexevo91: calls $0.20
*** RIVER *** [Jd Tc 8c 3h] [6d]
alexevo91: checks 
komodo75: checks 
*** SHOW DOWN ***
alexevo91: shows [8s Qh] (a pair of Eights)
komodo75: shows [Jc Qd] (a pair of Jacks)
komodo75 collected $1.19 from pot
*** SUMMARY ***
Total pot $1.25 | Rake $0.06 
Board [Jd Tc 8c 3h 6d]
Seat 1: Mahu2021 (button) folded before Flop (didn't bet)
Seat 2: Tozsy17 (small blind) folded before Flop
Seat 3: alexevo91 (big blind) showed [8s Qh] and lost with a pair of Eights
Seat 4: maxjenics folded before Flop (didn't bet)
Seat 5: komodo75 showed [Jc Qd] and won ($1.19) with a pair of Jacks
Seat 6: serso5964 folded before Flop (didn't bet)



PokerStars Zoom Hand #255448709930:  Hold'em No Limit ($0.05/$0.10) - 2025/03/25 19:23:08 CET [2025/03/25 14:23:08 ET]
Table 'Aludra' 6-max Seat #1 is the button
Seat 1: Mahu2021 ($3.07 in chips) 
Seat 2: DH1996LFC ($7.47 in chips) 
Seat 3: TreboRrz ($10.21 in chips) 
Seat 4: humo97 ($11.69 in chips) 
Seat 5: Lentwood ($8.49 in chips) 
Seat 6: Mallardz ($12.12 in chips) 
DH1996LFC: posts small blind $0.05
TreboRrz: posts big blind $0.10
*** HOLE CARDS ***
Dealt to Mahu2021 [Qs 8h]
humo97: folds 
Lentwood: folds 
Mallardz: folds 
Mahu2021: folds 
DH1996LFC: calls $0.05
TreboRrz: checks 
*** FLOP *** [Th 6h Ah]
DH1996LFC: bets $0.10
TreboRrz: folds 
Uncalled bet ($0.10) returned to DH1996LFC
DH1996LFC collected $0.19 from pot
DH1996LFC: doesn't show hand 
*** SUMMARY ***
Total pot $0.20 | Rake $0.01 
Board [Th 6h Ah]
Seat 1: Mahu2021 (button) folded before Flop (didn't bet)
Seat 2: DH1996LFC (small blind) collected ($0.19)
Seat 3: TreboRrz (big blind) folded on the Flop
Seat 4: humo97 folded before Flop (didn't bet)
Seat 5: Lentwood folded before Flop (didn't bet)
Seat 6: Mallardz folded before Flop (didn't bet)



PokerStars Zoom Hand #255448711870:  Hold'em No Limit ($0.05/$0.10) - 2025/03/25 19:23:16 CET [2025/03/25 14:23:16 ET]
Table 'Aludra' 6-max Seat #1 is the button
Seat 1: Cosimo1870 ($10.11 in chips) 
Seat 2: coolio1984 ($10 in chips) 
Seat 3: Lentwood ($8.49 in chips) 
Seat 4: nidal55 ($17.95 in chips) 
Seat 5: Mahu2021 ($3.07 in chips) 
Seat 6: Mozart440 ($10.25 in chips) 
coolio1984: posts small blind $0.05
Lentwood: posts big blind $0.10
*** HOLE CARDS ***
Dealt to Mahu2021 [5s Qs]
nidal55: folds 
Mahu2021: folds 
Mozart440: folds 
Cosimo1870: calls $0.10
coolio1984: raises $0.50 to $0.60
Lentwood: folds 
Cosimo1870: folds 
Uncalled bet ($0.50) returned to coolio1984
coolio1984 collected $0.30 from pot
coolio1984: doesn't show hand 
*** SUMMARY ***
Total pot $0.30 | Rake $0 
Seat 1: Cosimo1870 (button) folded before Flop
Seat 2: coolio1984 (small blind) collected ($0.30)
Seat 3: Lentwood (big blind) folded before Flop
Seat 4: nidal55 folded before Flop (didn't bet)
Seat 5: Mahu2021 folded before Flop (didn't bet)
Seat 6: Mozart440 folded before Flop (didn't bet)



PokerStars Zoom Hand #255448713998:  Hold'em No Limit ($0.05/$0.10) - 2025/03/25 19:23:24 CET [2025/03/25 14:23:24 ET]
Table 'Aludra' 6-max Seat #1 is the button
Seat 1: Arachnid56 ($18.29 in chips) 
Seat 2: coolio1984 ($14.24 in chips) 
Seat 3: Bobbymcgee99 ($10 in chips) 
Seat 4: Mallardz ($10 in chips) 
Seat 5: Mahu2021 ($3.02 in chips) 
Seat 6: MicZnuk ($14.27 in chips) 
coolio1984: posts small blind $0.05
Bobbymcgee99: posts big blind $0.10
*** HOLE CARDS ***
Dealt to Mahu2021 [5d Th]
Mallardz: folds 
Mahu2021: folds 
MicZnuk: folds 
Arachnid56: raises $0.15 to $0.25
coolio1984: folds 
Bobbymcgee99: raises $0.85 to $1.10
Arachnid56: folds 
Uncalled bet ($0.85) returned to Bobbymcgee99
Bobbymcgee99 collected $0.55 from pot
Bobbymcgee99: doesn't show hand 
*** SUMMARY ***
Total pot $0.55 | Rake $0 
Seat 1: Arachnid56 (button) folded before Flop
Seat 2: coolio1984 (small blind) folded before Flop
Seat 3: Bobbymcgee99 (big blind) collected ($0.55)
Seat 4: Mallardz folded before Flop (didn't bet)
Seat 5: Mahu2021 folded before Flop (didn't bet)
Seat 6: MicZnuk folded before Flop (didn't bet)



PokerStars Zoom Hand #255448712928:  Hold'em No Limit ($0.05/$0.10) - 2025/03/25 19:23:20 CET [2025/03/25 14:23:20 ET]
Table 'Aludra' 6-max Seat #1 is the button
Seat 1: andriy58504 ($7.81 in chips) 
Seat 2: Mahu2021 ($3.07 in chips) 
Seat 3: Madalinrap8 ($3.55 in chips) 
Seat 4: Tozsy17 ($10 in chips) 
Seat 5: TrMaEu ($10 in chips) 
Seat 6: Windows 21xp ($20.34 in chips) 
Mahu2021: posts small blind $0.05
Madalinrap8: posts big blind $0.10
*** HOLE CARDS ***
Dealt to Mahu2021 [Jd 2s]
Tozsy17: raises $0.21 to $0.31
TrMaEu: folds 
Windows 21xp: folds 
andriy58504: folds 
Mahu2021: folds 
Madalinrap8: calls $0.21
*** FLOP *** [8c 9h 3h]
Madalinrap8: checks 
Tozsy17: bets $0.10
Madalinrap8: calls $0.10
*** TURN *** [8c 9h 3h] [4c]
Madalinrap8: checks 
Tozsy17: bets $0.64
Madalinrap8: calls $0.64
*** RIVER *** [8c 9h 3h 4c] [4d]
Madalinrap8: bets $1.03
Tozsy17: calls $1.03
*** SHOW DOWN ***
Madalinrap8: shows [Ts Qh] (a pair of Fours)
Tozsy17: shows [9s Ks] (two pair, Nines and Fours)
Tozsy17 collected $4.02 from pot
*** SUMMARY ***
Total pot $4.21 | Rake $0.19 
Board [8c 9h 3h 4c 4d]
Seat 1: andriy58504 (button) folded before Flop (didn't bet)
Seat 2: Mahu2021 (small blind) folded before Flop
Seat 3: Madalinrap8 (big blind) showed [Ts Qh] and lost with a pair of Fours
Seat 4: Tozsy17 showed [9s Ks] and won ($4.02) with two pair, Nines and Fours
Seat 5: TrMaEu folded before Flop (didn't bet)
Seat 6: Windows 21xp folded before Flop (didn't bet)



PokerStars Zoom Hand #255448703933:  Hold'em No Limit ($0.05/$0.10) - 2025/03/25 19:22:44 CET [2025/03/25 14:22:44 ET]
Table 'Aludra' 6-max Seat #1 is the button
Seat 1: yohei37 ($18.97 in chips) 
Seat 2: DxCrispimT ($19.80 in chips) 
Seat 3: reaffiliate ($9.29 in chips) 
Seat 4: Mahu2021 ($3.17 in chips) 
Seat 5: Thiguin9 ($11.83 in chips) 
Seat 6: stoik83 ($10.98 in chips) 
DxCrispimT: posts small blind $0.05
reaffiliate: posts big blind $0.10
*** HOLE CARDS ***
Dealt to Mahu2021 [9s Qd]
Mahu2021: folds 
Thiguin9: folds 
stoik83: folds 
yohei37: raises $0.15 to $0.25
DxCrispimT: calls $0.20
reaffiliate: folds 
*** FLOP *** [8c Jd 2h]
DxCrispimT: checks 
yohei37: bets $0.19
DxCrispimT: calls $0.19
*** TURN *** [8c Jd 2h] [3h]
DxCrispimT: checks 
yohei37: bets $1.20
DxCrispimT: calls $1.20
*** RIVER *** [8c Jd 2h 3h] [5s]
DxCrispimT: checks 
yohei37: checks 
*** SHOW DOWN ***
DxCrispimT: shows [Ks Js] (a pair of Jacks)
yohei37: mucks hand 
DxCrispimT collected $3.23 from pot
*** SUMMARY ***
Total pot $3.38 | Rake $0.15 
Board [8c Jd 2h 3h 5s]
Seat 1: yohei37 (button) mucked [Td Qh]
Seat 2: DxCrispimT (small blind) showed [Ks Js] and won ($3.23) with a pair of Jacks
Seat 3: reaffiliate (big blind) folded before Flop
Seat 4: Mahu2021 folded before Flop (didn't bet)
Seat 5: Thiguin9 folded before Flop (didn't bet)
Seat 6: stoik83 folded before Flop (didn't bet)



PokerStars Zoom Hand #255448715009:  Hold'em No Limit ($0.05/$0.10) - 2025/03/25 19:23:28 CET [2025/03/25 14:23:28 ET]
Table 'Aludra' 6-max Seat #1 is the button
Seat 1: Mozart440 ($10.55 in chips) 
Seat 2: losscreeners ($10.07 in chips) 
Seat 3: Mahu2021 ($3.02 in chips) 
Seat 4: Luffy V ($20.56 in chips) 
Seat 5: coolio1984 ($14.19 in chips) 
Seat 6: reaffiliate ($11.51 in chips) 
losscreeners: posts small blind $0.05
Mahu2021: posts big blind $0.10
*** HOLE CARDS ***
Dealt to Mahu2021 [Th Jh]
Luffy V: raises $0.15 to $0.25
coolio1984: folds 
reaffiliate: calls $0.25
Mozart440: folds 
losscreeners: folds 
Mahu2021: calls $0.15
*** FLOP *** [4s 3s Kd]
Mahu2021: checks 
Luffy V: checks 
reaffiliate: checks 
*** TURN *** [4s 3s Kd] [Jc]
Mahu2021: checks 
Luffy V: checks 
reaffiliate: checks 
*** RIVER *** [4s 3s Kd Jc] [As]
Mahu2021: checks 
Luffy V: checks 
reaffiliate: checks 
*** SHOW DOWN ***
Mahu2021: shows [Th Jh] (a pair of Jacks)
Luffy V: mucks hand 
reaffiliate: mucks hand 
Mahu2021 collected $0.76 from pot
*** SUMMARY ***
Total pot $0.80 | Rake $0.04 
Board [4s 3s Kd Jc As]
Seat 1: Mozart440 (button) folded before Flop (didn't bet)
Seat 2: losscreeners (small blind) folded before Flop
Seat 3: Mahu2021 (big blind) showed [Th Jh] and won ($0.76) with a pair of Jacks
Seat 4: Luffy V mucked [5h 5d]
Seat 5: coolio1984 folded before Flop (didn't bet)
Seat 6: reaffiliate mucked [7h 6h]



PokerStars Zoom Hand #255448710980:  Hold'em No Limit ($0.05/$0.10) - 2025/03/25 19:23:12 CET [2025/03/25 14:23:12 ET]
Table 'Aludra' 6-max Seat #1 is the button
Seat 1: Mozart440 ($10.25 in chips) 
Seat 2: Smdpair77 ($32.22 in chips) 
Seat 3: Kac4kac ($13.50 in chips) 
Seat 4: rk_ito7 ($14.35 in chips) 
Seat 5: Windows 21xp ($15.63 in chips) 
Seat 6: Mahu2021 ($3.07 in chips) 
Smdpair77: posts small blind $0.05
Kac4kac: posts big blind $0.10
*** HOLE CARDS ***
Dealt to Mahu2021 [8h 2h]
rk_ito7: folds 
Windows 21xp: folds 
Mahu2021: folds 
Mozart440: folds 
Smdpair77: raises $0.20 to $0.30
Kac4kac: calls $0.20
*** FLOP *** [6d Qd 7h]
Smdpair77: checks 
Kac4kac: checks 
*** TURN *** [6d Qd 7h] [9d]
Smdpair77: bets $0.43
Kac4kac: calls $0.43
*** RIVER *** [6d Qd 7h 9d] [5c]
Smdpair77: checks 
Kac4kac: checks 
*** SHOW DOWN ***
Smdpair77: shows [Kd As] (high card Ace)
Kac4kac: shows [Ad 7c] (a pair of Sevens)
Kac4kac collected $1.39 from pot
*** SUMMARY ***
Total pot $1.46 | Rake $0.07 
Board [6d Qd 7h 9d 5c]
Seat 1: Mozart440 (button) folded before Flop (didn't bet)
Seat 2: Smdpair77 (small blind) showed [Kd As] and lost with high card Ace
Seat 3: Kac4kac (big blind) showed [Ad 7c] and won ($1.39) with a pair of Sevens
Seat 4: rk_ito7 folded before Flop (didn't bet)
Seat 5: Windows 21xp folded before Flop (didn't bet)
Seat 6: Mahu2021 folded before Flop (didn't bet)



PokerStars Zoom Hand #255448726254:  Hold'em No Limit ($0.05/$0.10) - 2025/03/25 19:24:12 CET [2025/03/25 14:24:12 ET]
Table 'Aludra' 6-max Seat #1 is the button
Seat 1: yohei37 ($10 in chips) 
Seat 2: Mallardz ($12.12 in chips) 
Seat 3: Dungwish ($13.93 in chips) 
Seat 4: Mahu2021 ($3.53 in chips) 
Seat 5: Patrol90uk ($18.93 in chips) 
Seat 6: alexevo91 ($11.71 in chips) 
Mallardz: posts small blind $0.05
Dungwish: posts big blind $0.10
*** HOLE CARDS ***
Dealt to Mahu2021 [5s 2c]
Mahu2021: folds 
Patrol90uk: folds 
alexevo91: folds 
yohei37: folds 
Mallardz: raises $0.20 to $0.30
Dungwish: calls $0.20
*** FLOP *** [Qs Kc 7s]
Mallardz: checks 
Dungwish: checks 
*** TURN *** [Qs Kc 7s] [Jc]
Mallardz: checks 
Dungwish: bets $0.42
Mallardz: calls $0.42
*** RIVER *** [Qs Kc 7s Jc] [6s]
Mallardz: checks 
Dungwish: checks 
*** SHOW DOWN ***
Mallardz: shows [4d Kd] (a pair of Kings)
Dungwish: mucks hand 
Mallardz collected $1.38 from pot
*** SUMMARY ***
Total pot $1.44 | Rake $0.06 
Board [Qs Kc 7s Jc 6s]
Seat 1: yohei37 (button) folded before Flop (didn't bet)
Seat 2: Mallardz (small blind) showed [4d Kd] and won ($1.38) with a pair of Kings
Seat 3: Dungwish (big blind) mucked [3h 5h]
Seat 4: Mahu2021 folded before Flop (didn't bet)
Seat 5: Patrol90uk folded before Flop (didn't bet)
Seat 6: alexevo91 folded before Flop (didn't bet)



PokerStars Zoom Hand #255448728112:  Hold'em No Limit ($0.05/$0.10) - 2025/03/25 19:24:19 CET [2025/03/25 14:24:19 ET]
Table 'Aludra' 6-max Seat #1 is the button
Seat 1: Nonamae254 ($10.10 in chips) 
Seat 2: Mozart440 ($10 in chips) 
Seat 3: MicZnuk ($10.67 in chips) 
Seat 4: Kac4kac ($10.05 in chips) 
Seat 5: Tozsy17 ($10 in chips) 
Seat 6: Mahu2021 ($3.53 in chips) 
Mozart440: posts small blind $0.05
MicZnuk: posts big blind $0.10
*** HOLE CARDS ***
Dealt to Mahu2021 [Ac 5c]
Kac4kac: raises $0.14 to $0.24
Tozsy17: folds 
Mahu2021: calls $0.24
Nonamae254: folds 
Mozart440: folds 
MicZnuk: calls $0.14
*** FLOP *** [Ts 6s Jh]
MicZnuk: checks 
Kac4kac: checks 
Mahu2021: checks 
*** TURN *** [Ts 6s Jh] [4d]
MicZnuk: bets $0.50
Kac4kac: folds 
Mahu2021: folds 
Uncalled bet ($0.50) returned to MicZnuk
MicZnuk collected $0.74 from pot
MicZnuk: doesn't show hand 
*** SUMMARY ***
Total pot $0.77 | Rake $0.03 
Board [Ts 6s Jh 4d]
Seat 1: Nonamae254 (button) folded before Flop (didn't bet)
Seat 2: Mozart440 (small blind) folded before Flop
Seat 3: MicZnuk (big blind) collected ($0.74)
Seat 4: Kac4kac folded on the Turn
Seat 5: Tozsy17 folded before Flop (didn't bet)
Seat 6: Mahu2021 folded on the Turn



PokerStars Zoom Hand #255448742488:  Hold'em No Limit ($0.05/$0.10) - 2025/03/25 19:25:17 CET [2025/03/25 14:25:17 ET]
Table 'Aludra' 6-max Seat #1 is the button
Seat 1: Mahu2021 ($3.29 in chips) 
Seat 2: Smailodon ($8.04 in chips) 
Seat 3: Lentwood ($6.99 in chips) 
Seat 4: Mallardz ($10 in chips) 
Seat 5: coolio1984 ($14.42 in chips) 
Seat 6: marcio1979 ($12.52 in chips) 
Smailodon: posts small blind $0.05
Lentwood: posts big blind $0.10
*** HOLE CARDS ***
Dealt to Mahu2021 [9d 4c]
Mallardz: folds 
coolio1984: folds 
marcio1979: folds 
Mahu2021: folds 
Smailodon: folds 
Uncalled bet ($0.05) returned to Lentwood
Lentwood collected $0.10 from pot
Lentwood: doesn't show hand 
*** SUMMARY ***
Total pot $0.10 | Rake $0 
Seat 1: Mahu2021 (button) folded before Flop (didn't bet)
Seat 2: Smailodon (small blind) folded before Flop
Seat 3: Lentwood (big blind) collected ($0.10)
Seat 4: Mallardz folded before Flop (didn't bet)
Seat 5: coolio1984 folded before Flop (didn't bet)
Seat 6: marcio1979 folded before Flop (didn't bet)



PokerStars Zoom Hand #255448743829:  Hold'em No Limit ($0.05/$0.10) - 2025/03/25 19:25:22 CET [2025/03/25 14:25:22 ET]
Table 'Aludra' 6-max Seat #1 is the button
Seat 1: looser00091 ($40.11 in chips) 
Seat 2: Mahu2021 ($3.29 in chips) 
Seat 3: stevenbuk12 ($10 in chips) 
Seat 4: pokeripuikko ($13.96 in chips) 
Seat 5: killerita67 ($35.55 in chips) 
Seat 6: MindOverMoney ($10.96 in chips) 
Mahu2021: posts small blind $0.05
stevenbuk12: posts big blind $0.10
*** HOLE CARDS ***
Dealt to Mahu2021 [3s 2c]
pokeripuikko: folds 
killerita67: folds 
MindOverMoney: raises $0.15 to $0.25
looser00091: folds 
Mahu2021: folds 
stevenbuk12: folds 
Uncalled bet ($0.15) returned to MindOverMoney
MindOverMoney collected $0.25 from pot
MindOverMoney: doesn't show hand 
*** SUMMARY ***
Total pot $0.25 | Rake $0 
Seat 1: looser00091 (button) folded before Flop (didn't bet)
Seat 2: Mahu2021 (small blind) folded before Flop
Seat 3: stevenbuk12 (big blind) folded before Flop
Seat 4: pokeripuikko folded before Flop (didn't bet)
Seat 5: killerita67 folded before Flop (didn't bet)
Seat 6: MindOverMoney collected ($0.25)



PokerStars Zoom Hand #255448744762:  Hold'em No Limit ($0.05/$0.10) - 2025/03/25 19:25:26 CET [2025/03/25 14:25:26 ET]
Table 'Aludra' 6-max Seat #1 is the button
Seat 1: Smdpair77 ($14.18 in chips) 
Seat 2: BaBiloff ($10.15 in chips) 
Seat 3: Mahu2021 ($3.24 in chips) 
Seat 4: luckyagainn ($10.33 in chips) 
Seat 5: looser00091 ($40.11 in chips) 
Seat 6: afwing16 ($14.70 in chips) 
BaBiloff: posts small blind $0.05
Mahu2021: posts big blind $0.10
*** HOLE CARDS ***
Dealt to Mahu2021 [7c 2d]
luckyagainn: folds 
looser00091: folds 
afwing16: folds 
Smdpair77: raises $0.17 to $0.27
BaBiloff: folds 
Mahu2021: folds 
Uncalled bet ($0.17) returned to Smdpair77
Smdpair77 collected $0.25 from pot
Smdpair77: doesn't show hand 
*** SUMMARY ***
Total pot $0.25 | Rake $0 
Seat 1: Smdpair77 (button) collected ($0.25)
Seat 2: BaBiloff (small blind) folded before Flop
Seat 3: Mahu2021 (big blind) folded before Flop
Seat 4: luckyagainn folded before Flop (didn't bet)
Seat 5: looser00091 folded before Flop (didn't bet)
Seat 6: afwing16 folded before Flop (didn't bet)



PokerStars Zoom Hand #255448749763:  Hold'em No Limit ($0.05/$0.10) - 2025/03/25 19:25:46 CET [2025/03/25 14:25:46 ET]
Table 'Aludra' 6-max Seat #1 is the button
Seat 1: Arachnid56 ($17.57 in chips) 
Seat 2: andriy58504 ($7.03 in chips) 
Seat 3: Mozart440 ($11.49 in chips) 
Seat 4: Mahu2021 ($3.14 in chips) 
Seat 5: coolio1984 ($14.18 in chips) 
Seat 6: AllMenMstSrv ($10.41 in chips) 
andriy58504: posts small blind $0.05
Mozart440: posts big blind $0.10
*** HOLE CARDS ***
Dealt to Mahu2021 [Tc 8s]
Mahu2021: folds 
coolio1984: folds 
AllMenMstSrv: folds 
Arachnid56: folds 
andriy58504: folds 
Uncalled bet ($0.05) returned to Mozart440
Mozart440 collected $0.10 from pot
Mozart440: doesn't show hand 
*** SUMMARY ***
Total pot $0.10 | Rake $0 
Seat 1: Arachnid56 (button) folded before Flop (didn't bet)
Seat 2: andriy58504 (small blind) folded before Flop
Seat 3: Mozart440 (big blind) collected ($0.10)
Seat 4: Mahu2021 folded before Flop (didn't bet)
Seat 5: coolio1984 folded before Flop (didn't bet)
Seat 6: AllMenMstSrv folded before Flop (didn't bet)



PokerStars Zoom Hand #255448751258:  Hold'em No Limit ($0.05/$0.10) - 2025/03/25 19:25:52 CET [2025/03/25 14:25:52 ET]
Table 'Aludra' 6-max Seat #1 is the button
Seat 1: Monetaty ($10.03 in chips) 
Seat 2: ElDelfin38 ($13.49 in chips) 
Seat 3: s!cko0 ($8.87 in chips) 
Seat 4: Smdpair77 ($31.34 in chips) 
Seat 5: Mahu2021 ($3.14 in chips) 
Seat 6: maxjenics ($10.56 in chips) 
ElDelfin38: posts small blind $0.05
s!cko0: posts big blind $0.10
*** HOLE CARDS ***
Dealt to Mahu2021 [6h 7h]
Smdpair77: folds 
Mahu2021: raises $0.14 to $0.24
maxjenics: folds 
Monetaty: folds 
ElDelfin38: folds 
s!cko0: raises $0.53 to $0.77
Mahu2021: calls $0.53
*** FLOP *** [6c Tc 9h]
s!cko0: bets $0.76
Mahu2021: raises $1.61 to $2.37 and is all-in
s!cko0: calls $1.61
*** TURN *** [6c Tc 9h] [4c]
*** RIVER *** [6c Tc 9h 4c] [4h]
*** SHOW DOWN ***
s!cko0: shows [Qh Qs] (two pair, Queens and Fours)
Mahu2021: shows [6h 7h] (two pair, Sixes and Fours)
s!cko0 collected $6.05 from pot
*** SUMMARY ***
Total pot $6.33 | Rake $0.28 
Board [6c Tc 9h 4c 4h]
Seat 1: Monetaty (button) folded before Flop (didn't bet)
Seat 2: ElDelfin38 (small blind) folded before Flop
Seat 3: s!cko0 (big blind) showed [Qh Qs] and won ($6.05) with two pair, Queens and Fours
Seat 4: Smdpair77 folded before Flop (didn't bet)
Seat 5: Mahu2021 showed [6h 7h] and lost with two pair, Sixes and Fours
Seat 6: maxjenics folded before Flop (didn't bet)



PokerStars Zoom Hand #255448760215:  Hold'em No Limit ($0.05/$0.10) - 2025/03/25 19:26:28 CET [2025/03/25 14:26:28 ET]
Table 'Aludra' 6-max Seat #1 is the button
Seat 1: Mahu2021 ($10 in chips) 
Seat 2: Thesheep69 ($10 in chips) 
Seat 3: jazzvicto ($13.68 in chips) 
Seat 4: rk_ito7 ($16.80 in chips) 
Seat 5: gaston33 ($8.62 in chips) 
Seat 6: Mozart440 ($14.31 in chips) 
Thesheep69: posts small blind $0.05
jazzvicto: posts big blind $0.10
*** HOLE CARDS ***
Dealt to Mahu2021 [8c 7c]
rk_ito7: folds 
gaston33: folds 
Mozart440: raises $0.20 to $0.30
Mahu2021: calls $0.30
Thesheep69: folds 
jazzvicto: folds 
*** FLOP *** [3h 4c 2s]
Mozart440: bets $0.36
Mahu2021: folds 
Uncalled bet ($0.36) returned to Mozart440
Mozart440 collected $0.72 from pot
Mozart440: doesn't show hand 
*** SUMMARY ***
Total pot $0.75 | Rake $0.03 
Board [3h 4c 2s]
Seat 1: Mahu2021 (button) folded on the Flop
Seat 2: Thesheep69 (small blind) folded before Flop
Seat 3: jazzvicto (big blind) folded before Flop
Seat 4: rk_ito7 folded before Flop (didn't bet)
Seat 5: gaston33 folded before Flop (didn't bet)
Seat 6: Mozart440 collected ($0.72)



PokerStars Zoom Hand #255448767777:  Hold'em No Limit ($0.05/$0.10) - 2025/03/25 19:26:59 CET [2025/03/25 14:26:59 ET]
Table 'Aludra' 6-max Seat #1 is the button
Seat 1: TreboRrz ($10.19 in chips) 
Seat 2: Mahu2021 ($9.70 in chips) 
Seat 3: luckyagainn ($11.73 in chips) 
Seat 4: Windows 21xp ($10 in chips) 
Seat 5: afwing16 ($15.15 in chips) 
Seat 6: stoik83 ($10 in chips) 
Mahu2021: posts small blind $0.05
luckyagainn: posts big blind $0.10
*** HOLE CARDS ***
Dealt to Mahu2021 [As Th]
Windows 21xp: folds 
afwing16: raises $0.15 to $0.25
stoik83: folds 
TreboRrz: folds 
Mahu2021: calls $0.20
luckyagainn: folds 
*** FLOP *** [9c Jh 5d]
Mahu2021: checks 
afwing16: checks 
*** TURN *** [9c Jh 5d] [Jc]
Mahu2021: bets $0.40
afwing16: folds 
Uncalled bet ($0.40) returned to Mahu2021
Mahu2021 collected $0.57 from pot
Mahu2021: doesn't show hand 
*** SUMMARY ***
Total pot $0.60 | Rake $0.03 
Board [9c Jh 5d Jc]
Seat 1: TreboRrz (button) folded before Flop (didn't bet)
Seat 2: Mahu2021 (small blind) collected ($0.57)
Seat 3: luckyagainn (big blind) folded before Flop
Seat 4: Windows 21xp folded before Flop (didn't bet)
Seat 5: afwing16 folded on the Turn
Seat 6: stoik83 folded before Flop (didn't bet)



PokerStars Zoom Hand #255448780565:  Hold'em No Limit ($0.05/$0.10) - 2025/03/25 19:27:49 CET [2025/03/25 14:27:49 ET]
Table 'Aludra' 6-max Seat #1 is the button
Seat 1: seventh08 ($17.56 in chips) 
Seat 2: stoik83 ($12.37 in chips) 
Seat 3: Mahu2021 ($10.02 in chips) 
Seat 4: Mozart440 ($11.36 in chips) 
Seat 5: PovilasX ($10 in chips) 
Seat 6: BaBiloff ($10 in chips) 
stoik83: posts small blind $0.05
Mahu2021: posts big blind $0.10
*** HOLE CARDS ***
Dealt to Mahu2021 [3c Tc]
Mozart440: raises $0.20 to $0.30
PovilasX: folds 
BaBiloff: folds 
seventh08: folds 
stoik83: folds 
Mahu2021: folds 
Uncalled bet ($0.20) returned to Mozart440
Mozart440 collected $0.25 from pot
Mozart440: doesn't show hand 
*** SUMMARY ***
Total pot $0.25 | Rake $0 
Seat 1: seventh08 (button) folded before Flop (didn't bet)
Seat 2: stoik83 (small blind) folded before Flop
Seat 3: Mahu2021 (big blind) folded before Flop
Seat 4: Mozart440 collected ($0.25)
Seat 5: PovilasX folded before Flop (didn't bet)
Seat 6: BaBiloff folded before Flop (didn't bet)



PokerStars Zoom Hand #255448777052:  Hold'em No Limit ($0.05/$0.10) - 2025/03/25 19:27:36 CET [2025/03/25 14:27:36 ET]
Table 'Aludra' 6-max Seat #1 is the button
Seat 1: BaBiloff ($10 in chips) 
Seat 2: killerita67 ($34.39 in chips) 
Seat 3: ruffcut68 ($10 in chips) 
Seat 4: B00KSY ($12.46 in chips) 
Seat 5: Mallardz ($11.40 in chips) 
Seat 6: Mahu2021 ($10.02 in chips) 
killerita67: posts small blind $0.05
ruffcut68: posts big blind $0.10
*** HOLE CARDS ***
Dealt to Mahu2021 [3c 3h]
B00KSY: raises $0.13 to $0.23
Mallardz: raises $0.52 to $0.75
Mahu2021: folds 
BaBiloff: folds 
killerita67: folds 
ruffcut68: folds 
B00KSY: calls $0.52
*** FLOP *** [Jd Kd Ts]
B00KSY: checks 
Mallardz: bets $0.79
B00KSY: folds 
Uncalled bet ($0.79) returned to Mallardz
Mallardz collected $1.58 from pot
Mallardz: doesn't show hand 
*** SUMMARY ***
Total pot $1.65 | Rake $0.07 
Board [Jd Kd Ts]
Seat 1: BaBiloff (button) folded before Flop (didn't bet)
Seat 2: killerita67 (small blind) folded before Flop
Seat 3: ruffcut68 (big blind) folded before Flop
Seat 4: B00KSY folded on the Flop
Seat 5: Mallardz collected ($1.58)
Seat 6: Mahu2021 folded before Flop (didn't bet)



PokerStars Zoom Hand #255448782411:  Hold'em No Limit ($0.05/$0.10) - 2025/03/25 19:27:57 CET [2025/03/25 14:27:57 ET]
Table 'Aludra' 6-max Seat #1 is the button
Seat 1: Arachnid56 ($10 in chips) 
Seat 2: tal-kaj ($10.45 in chips) 
Seat 3: Thiguin9 ($24.31 in chips) 
Seat 4: luckyagainn ($11.78 in chips) 
Seat 5: Mahu2021 ($9.92 in chips) 
Seat 6: sumdkdl ($10.09 in chips) 
tal-kaj: posts small blind $0.05
Thiguin9: posts big blind $0.10
*** HOLE CARDS ***
Dealt to Mahu2021 [Jh 9c]
luckyagainn: folds 
Mahu2021: folds 
sumdkdl: folds 
Arachnid56: raises $0.15 to $0.25
tal-kaj: folds 
Thiguin9: calls $0.15
*** FLOP *** [5h 7s 2c]
Thiguin9: checks 
Arachnid56: checks 
*** TURN *** [5h 7s 2c] [8c]
Thiguin9: bets $0.13
Arachnid56: folds 
Uncalled bet ($0.13) returned to Thiguin9
Thiguin9 collected $0.53 from pot
Thiguin9: doesn't show hand 
*** SUMMARY ***
Total pot $0.55 | Rake $0.02 
Board [5h 7s 2c 8c]
Seat 1: Arachnid56 (button) folded on the Turn
Seat 2: tal-kaj (small blind) folded before Flop
Seat 3: Thiguin9 (big blind) collected ($0.53)
Seat 4: luckyagainn folded before Flop (didn't bet)
Seat 5: Mahu2021 folded before Flop (didn't bet)
Seat 6: sumdkdl folded before Flop (didn't bet)



PokerStars Zoom Hand #255448783396:  Hold'em No Limit ($0.05/$0.10) - 2025/03/25 19:28:01 CET [2025/03/25 14:28:01 ET]
Table 'Aludra' 6-max Seat #1 is the button
Seat 1: hong0627 ($12.71 in chips) 
Seat 2: 19Slavon95 ($10 in chips) 
Seat 3: AllMenMstSrv ($10.06 in chips) 
Seat 4: MicZnuk ($11.20 in chips) 
Seat 5: sumdkdl ($10.09 in chips) 
Seat 6: Mahu2021 ($9.92 in chips) 
19Slavon95: posts small blind $0.05
AllMenMstSrv: posts big blind $0.10
*** HOLE CARDS ***
Dealt to Mahu2021 [5h Kh]
MicZnuk: folds 
sumdkdl: raises $0.10 to $0.20
Mahu2021: folds 
hong0627: folds 
19Slavon95: folds 
AllMenMstSrv: calls $0.10
*** FLOP *** [7c 4s Jc]
AllMenMstSrv: checks 
sumdkdl: bets $0.22
AllMenMstSrv: folds 
Uncalled bet ($0.22) returned to sumdkdl
sumdkdl collected $0.43 from pot
sumdkdl: doesn't show hand 
*** SUMMARY ***
Total pot $0.45 | Rake $0.02 
Board [7c 4s Jc]
Seat 1: hong0627 (button) folded before Flop (didn't bet)
Seat 2: 19Slavon95 (small blind) folded before Flop
Seat 3: AllMenMstSrv (big blind) folded on the Flop
Seat 4: MicZnuk folded before Flop (didn't bet)
Seat 5: sumdkdl collected ($0.43)
Seat 6: Mahu2021 folded before Flop (didn't bet)



PokerStars Zoom Hand #255448784401:  Hold'em No Limit ($0.05/$0.10) - 2025/03/25 19:28:05 CET [2025/03/25 14:28:05 ET]
Table 'Aludra' 6-max Seat #1 is the button
Seat 1: Mahu2021 ($9.92 in chips) 
Seat 2: nidal55 ($18.14 in chips) 
Seat 3: kingfisher898 ($10.93 in chips) 
Seat 4: jazzvicto ($13.28 in chips) 
Seat 5: PavanaTTo23 ($13.82 in chips) 
Seat 6: killerita67 ($34.12 in chips) 
nidal55: posts small blind $0.05
kingfisher898: posts big blind $0.10
*** HOLE CARDS ***
Dealt to Mahu2021 [Ad 6d]
jazzvicto: calls $0.10
PavanaTTo23: folds 
killerita67: folds 
Mahu2021: calls $0.10
nidal55: calls $0.05
kingfisher898: checks 
*** FLOP *** [8c 9s Ah]
nidal55: bets $0.24
kingfisher898: calls $0.24
jazzvicto: calls $0.24
Mahu2021: calls $0.24
*** TURN *** [8c 9s Ah] [9c]
nidal55: bets $0.90
kingfisher898: folds 
jazzvicto: calls $0.90
Mahu2021: calls $0.90
*** RIVER *** [8c 9s Ah 9c] [Jd]
nidal55: checks 
jazzvicto: bets $1
Mahu2021: calls $1
nidal55: raises $15.90 to $16.90 and is all-in
jazzvicto: calls $11.04 and is all-in
Mahu2021: folds 
Uncalled bet ($4.86) returned to nidal55
*** SHOW DOWN ***
nidal55: shows [7c Jc] (two pair, Jacks and Nines)
jazzvicto: shows [Kc Kd] (two pair, Kings and Nines)
jazzvicto collected $27.83 from pot
*** SUMMARY ***
Total pot $29.14 | Rake $1.31 
Board [8c 9s Ah 9c Jd]
Seat 1: Mahu2021 (button) folded on the River
Seat 2: nidal55 (small blind) showed [7c Jc] and lost with two pair, Jacks and Nines
Seat 3: kingfisher898 (big blind) folded on the Turn
Seat 4: jazzvicto showed [Kc Kd] and won ($27.83) with two pair, Kings and Nines
Seat 5: PavanaTTo23 folded before Flop (didn't bet)
Seat 6: killerita67 folded before Flop (didn't bet)



PokerStars Zoom Hand #255448799542:  Hold'em No Limit ($0.05/$0.10) - 2025/03/25 19:29:05 CET [2025/03/25 14:29:05 ET]
Table 'Aludra' 6-max Seat #1 is the button
Seat 1: lassen22 ($11.10 in chips) 
Seat 2: stevenbuk12 ($10.08 in chips) 
Seat 3: Bobbymcgee99 ($11.95 in chips) 
Seat 4: Mahu2021 ($7.68 in chips) 
Seat 5: Mozart440 ($10 in chips) 
Seat 6: Mallardz ($10.69 in chips) 
stevenbuk12: posts small blind $0.05
Bobbymcgee99: posts big blind $0.10
*** HOLE CARDS ***
Dealt to Mahu2021 [Kd 9d]
Mahu2021: raises $0.10 to $0.20
Mozart440: folds 
Mallardz: folds 
lassen22: folds 
stevenbuk12: folds 
Bobbymcgee99: folds 
Uncalled bet ($0.10) returned to Mahu2021
Mahu2021 collected $0.25 from pot
Mahu2021: doesn't show hand 
*** SUMMARY ***
Total pot $0.25 | Rake $0 
Seat 1: lassen22 (button) folded before Flop (didn't bet)
Seat 2: stevenbuk12 (small blind) folded before Flop
Seat 3: Bobbymcgee99 (big blind) folded before Flop
Seat 4: Mahu2021 collected ($0.25)
Seat 5: Mozart440 folded before Flop (didn't bet)
Seat 6: Mallardz folded before Flop (didn't bet)



PokerStars Zoom Hand #255448804615:  Hold'em No Limit ($0.05/$0.10) - 2025/03/25 19:29:25 CET [2025/03/25 14:29:25 ET]
Table 'Aludra' 6-max Seat #1 is the button
Seat 1: fasolbka_o ($3.75 in chips) 
Seat 2: Mozart440 ($10 in chips) 
Seat 3: Smdpair77 ($13.73 in chips) 
Seat 4: Mahu2021 ($7.83 in chips) 
Seat 5: sumdkdl ($10 in chips) 
Seat 6: Ragefyre ($10 in chips) 
Mozart440: posts small blind $0.05
Smdpair77: posts big blind $0.10
*** HOLE CARDS ***
Dealt to Mahu2021 [Js 5c]
Mahu2021: folds 
sumdkdl: folds 
Ragefyre: folds 
fasolbka_o: folds 
Mozart440: folds 
Uncalled bet ($0.05) returned to Smdpair77
Smdpair77 collected $0.10 from pot
Smdpair77: doesn't show hand 
*** SUMMARY ***
Total pot $0.10 | Rake $0 
Seat 1: fasolbka_o (button) folded before Flop (didn't bet)
Seat 2: Mozart440 (small blind) folded before Flop
Seat 3: Smdpair77 (big blind) collected ($0.10)
Seat 4: Mahu2021 folded before Flop (didn't bet)
Seat 5: sumdkdl folded before Flop (didn't bet)
Seat 6: Ragefyre folded before Flop (didn't bet)



PokerStars Zoom Hand #255448805502:  Hold'em No Limit ($0.05/$0.10) - 2025/03/25 19:29:29 CET [2025/03/25 14:29:29 ET]
Table 'Aludra' 6-max Seat #1 is the button
Seat 1: Mallardz ($10.54 in chips) 
Seat 2: Mahu2021 ($7.83 in chips) 
Seat 3: Holger599 ($10 in chips) 
Seat 4: stoik83 ($12.37 in chips) 
Seat 5: Sanjireyes ($39.35 in chips) 
Seat 6: stevenbuk12 ($10.03 in chips) 
Mahu2021: posts small blind $0.05
Holger599: posts big blind $0.10
*** HOLE CARDS ***
Dealt to Mahu2021 [4s 8c]
stoik83: folds 
Sanjireyes: raises $0.10 to $0.20
stevenbuk12: folds 
Mallardz: folds 
Mahu2021: folds 
Holger599: folds 
Uncalled bet ($0.10) returned to Sanjireyes
Sanjireyes collected $0.25 from pot
Sanjireyes: doesn't show hand 
*** SUMMARY ***
Total pot $0.25 | Rake $0 
Seat 1: Mallardz (button) folded before Flop (didn't bet)
Seat 2: Mahu2021 (small blind) folded before Flop
Seat 3: Holger599 (big blind) folded before Flop
Seat 4: stoik83 folded before Flop (didn't bet)
Seat 5: Sanjireyes collected ($0.25)
Seat 6: stevenbuk12 folded before Flop (didn't bet)



PokerStars Zoom Hand #255448806917:  Hold'em No Limit ($0.05/$0.10) - 2025/03/25 19:29:34 CET [2025/03/25 14:29:34 ET]
Table 'Aludra' 6-max Seat #1 is the button
Seat 1: looser00091 ($41.73 in chips) 
Seat 2: stevenbuk12 ($11.76 in chips) 
Seat 3: SwishTiroCerto ($10.78 in chips) 
Seat 4: killerita67 ($33.92 in chips) 
Seat 5: Mahu2021 ($7.78 in chips) 
Seat 6: Cosimo1870 ($12.41 in chips) 
stevenbuk12: posts small blind $0.05
SwishTiroCerto: posts big blind $0.10
*** HOLE CARDS ***
Dealt to Mahu2021 [Qs 9s]
killerita67: folds 
Mahu2021: folds 
Cosimo1870: folds 
looser00091: folds 
stevenbuk12: raises $0.20 to $0.30
SwishTiroCerto: folds 
Uncalled bet ($0.20) returned to stevenbuk12
stevenbuk12 collected $0.20 from pot
stevenbuk12: doesn't show hand 
*** SUMMARY ***
Total pot $0.20 | Rake $0 
Seat 1: looser00091 (button) folded before Flop (didn't bet)
Seat 2: stevenbuk12 (small blind) collected ($0.20)
Seat 3: SwishTiroCerto (big blind) folded before Flop
Seat 4: killerita67 folded before Flop (didn't bet)
Seat 5: Mahu2021 folded before Flop (didn't bet)
Seat 6: Cosimo1870 folded before Flop (didn't bet)



PokerStars Zoom Hand #255448807907:  Hold'em No Limit ($0.05/$0.10) - 2025/03/25 19:29:39 CET [2025/03/25 14:29:39 ET]
Table 'Aludra' 6-max Seat #1 is the button
Seat 1: Nonamae254 ($10.69 in chips) 
Seat 2: Tozsy17 ($13.08 in chips) 
Seat 3: Mahu2021 ($7.78 in chips) 
Seat 4: DaveH456 ($11.62 in chips) 
Seat 5: Windows 21xp ($10.15 in chips) 
Seat 6: Mozart440 ($15.78 in chips) 
Tozsy17: posts small blind $0.05
Mahu2021: posts big blind $0.10
*** HOLE CARDS ***
Dealt to Mahu2021 [9h 9c]
DaveH456: folds 
Windows 21xp: raises $0.15 to $0.25
Mozart440: folds 
Nonamae254: folds 
Tozsy17: folds 
Mahu2021: calls $0.15
*** FLOP *** [7d 8c Ac]
Mahu2021: bets $0.30
Windows 21xp: calls $0.30
*** TURN *** [7d 8c Ac] [Tc]
Mahu2021: bets $0.30
Windows 21xp: calls $0.30
*** RIVER *** [7d 8c Ac Tc] [Td]
Mahu2021: bets $1.67
Windows 21xp: folds 
Uncalled bet ($1.67) returned to Mahu2021
Mahu2021 collected $1.67 from pot
Mahu2021: doesn't show hand 
*** SUMMARY ***
Total pot $1.75 | Rake $0.08 
Board [7d 8c Ac Tc Td]
Seat 1: Nonamae254 (button) folded before Flop (didn't bet)
Seat 2: Tozsy17 (small blind) folded before Flop
Seat 3: Mahu2021 (big blind) collected ($1.67)
Seat 4: DaveH456 folded before Flop (didn't bet)
Seat 5: Windows 21xp folded on the River
Seat 6: Mozart440 folded before Flop (didn't bet)



PokerStars Zoom Hand #255448820139:  Hold'em No Limit ($0.05/$0.10) - 2025/03/25 19:30:26 CET [2025/03/25 14:30:26 ET]
Table 'Aludra' 6-max Seat #1 is the button
Seat 1: Mahu2021 ($8.60 in chips) 
Seat 2: Tozsy17 ($10.30 in chips) 
Seat 3: B00KSY ($12.32 in chips) 
Seat 4: WhosRogue ($6.91 in chips) 
Seat 5: alexevo91 ($11.54 in chips) 
Seat 6: prak455 ($20.53 in chips) 
Tozsy17: posts small blind $0.05
B00KSY: posts big blind $0.10
*** HOLE CARDS ***
Dealt to Mahu2021 [Qc Qd]
WhosRogue: folds 
alexevo91: raises $0.15 to $0.25
prak455: raises $0.25 to $0.50
Mahu2021: raises $8.10 to $8.60 and is all-in
Tozsy17: folds 
B00KSY: folds 
alexevo91: folds 
prak455: calls $8.10
*** FLOP *** [Js 7h 9s]
*** TURN *** [Js 7h 9s] [Td]
*** RIVER *** [Js 7h 9s Td] [Tc]
*** SHOW DOWN ***
prak455: shows [Kc Kd] (two pair, Kings and Tens)
Mahu2021: shows [Qc Qd] (two pair, Queens and Tens)
prak455 cashed out the hand for $13.61 | Cash Out Fee $0.28
*** SUMMARY ***
Total pot $17.60 | Rake $0.79 
Board [Js 7h 9s Td Tc]
Seat 1: Mahu2021 (button) showed [Qc Qd] and lost with two pair, Queens and Tens
Seat 2: Tozsy17 (small blind) folded before Flop
Seat 3: B00KSY (big blind) folded before Flop
Seat 4: WhosRogue folded before Flop (didn't bet)
Seat 5: alexevo91 folded before Flop
Seat 6: prak455 showed [Kc Kd] and won ($16.81) with two pair, Kings and Tens (pot not awarded as player cashed out)



