PokerStars Zoom Hand #254801026074:  Hold'em No Limit ($0.05/$0.10) - 2025/02/10 17:34:24 CET [2025/02/10 11:34:24 ET]
Table 'Aludra' 6-max Seat #1 is the button
Seat 1: HarvardFaculty ($7.32 in chips) 
Seat 2: Bur1k ($6.84 in chips) 
Seat 3: BigBoy7264 ($12.47 in chips) 
Seat 4: TANEV78 ($13.44 in chips) 
Seat 5: DanC996 ($16.12 in chips) 
Seat 6: Mahu2021 ($9.90 in chips) 
Bur1k: posts small blind $0.05
BigBoy7264: posts big blind $0.10
*** HOLE CARDS ***
Dealt to Mahu2021 [9s Kh]
TANEV78: folds 
DanC996: raises $0.12 to $0.22
Mahu2021: folds 
HarvardFaculty: folds 
Bur1k: folds 
BigBoy7264: folds 
Uncalled bet ($0.12) returned to DanC996
DanC996 collected $0.25 from pot
DanC996: doesn't show hand 
*** SUMMARY ***
Total pot $0.25 | Rake $0 
Seat 1: HarvardFaculty (button) folded before Flop (didn't bet)
Seat 2: Bur1k (small blind) folded before Flop
Seat 3: BigBoy7264 (big blind) folded before Flop
Seat 4: TANEV78 folded before Flop (didn't bet)
Seat 5: DanC996 collected ($0.25)
Seat 6: Mahu2021 folded before Flop (didn't bet)



PokerStars Zoom Hand #254801028148:  Hold'em No Limit ($0.05/$0.10) - 2025/02/10 17:34:33 CET [2025/02/10 11:34:33 ET]
Table 'Aludra' 6-max Seat #1 is the button
Seat 1: Mahu2021 ($9.85 in chips) 
Seat 2: iceballantyne ($10.28 in chips) 
Seat 3: skc784 ($10.10 in chips) 
Seat 4: kloniss ($9.60 in chips) 
Seat 5: Bafo de Mé ($10 in chips) 
Seat 6: airsphere ($11.12 in chips) 
iceballantyne: posts small blind $0.05
skc784: posts big blind $0.10
*** HOLE CARDS ***
Dealt to Mahu2021 [5d Ac]
kloniss: folds 
Bafo de Mé: folds 
airsphere: raises $0.20 to $0.30
Mahu2021: folds 
iceballantyne: folds 
skc784: folds 
Uncalled bet ($0.20) returned to airsphere
airsphere collected $0.25 from pot
airsphere: doesn't show hand 
*** SUMMARY ***
Total pot $0.25 | Rake $0 
Seat 1: Mahu2021 (button) folded before Flop (didn't bet)
Seat 2: iceballantyne (small blind) folded before Flop
Seat 3: skc784 (big blind) folded before Flop
Seat 4: kloniss folded before Flop (didn't bet)
Seat 5: Bafo de Mé folded before Flop (didn't bet)
Seat 6: airsphere collected ($0.25)



PokerStars Zoom Hand #254801022214:  Hold'em No Limit ($0.05/$0.10) - 2025/02/10 17:34:08 CET [2025/02/10 11:34:08 ET]
Table 'Aludra' 6-max Seat #1 is the button
Seat 1: dakatabr ($20.93 in chips) 
Seat 2: MasterVBM ($6.29 in chips) 
Seat 3: Mahu2021 ($10 in chips) 
Seat 4: blueyhusky ($15.26 in chips) 
Seat 5: Windows 21xp ($18.76 in chips) 
Seat 6: Corz00 ($10.80 in chips) 
MasterVBM: posts small blind $0.05
Mahu2021: posts big blind $0.10
*** HOLE CARDS ***
Dealt to Mahu2021 [Ks 5s]
blueyhusky: calls $0.10
Windows 21xp: folds 
Corz00: folds 
dakatabr: raises $0.20 to $0.30
MasterVBM: folds 
Mahu2021: folds 
blueyhusky: calls $0.20
*** FLOP *** [Qs Qh 8h]
blueyhusky: checks 
dakatabr: bets $0.36
blueyhusky: calls $0.36
*** TURN *** [Qs Qh 8h] [4s]
blueyhusky: checks 
dakatabr: bets $1.40
blueyhusky: calls $1.40
*** RIVER *** [Qs Qh 8h 4s] [4h]
blueyhusky: checks 
dakatabr: checks 
*** SHOW DOWN ***
blueyhusky: shows [9d Th] (two pair, Queens and Fours)
dakatabr: shows [2h Ah] (a flush, Ace high)
dakatabr collected $4.08 from pot
*** SUMMARY ***
Total pot $4.27 | Rake $0.19 
Board [Qs Qh 8h 4s 4h]
Seat 1: dakatabr (button) showed [2h Ah] and won ($4.08) with a flush, Ace high
Seat 2: MasterVBM (small blind) folded before Flop
Seat 3: Mahu2021 (big blind) folded before Flop
Seat 4: blueyhusky showed [9d Th] and lost with two pair, Queens and Fours
Seat 5: Windows 21xp folded before Flop (didn't bet)
Seat 6: Corz00 folded before Flop (didn't bet)



PokerStars Zoom Hand #254801027265:  Hold'em No Limit ($0.05/$0.10) - 2025/02/10 17:34:29 CET [2025/02/10 11:34:29 ET]
Table 'Aludra' 6-max Seat #1 is the button
Seat 1: Windows 21xp ($18.71 in chips) 
Seat 2: Mahu2021 ($9.90 in chips) 
Seat 3: BenJJones ($16.25 in chips) 
Seat 4: HarvardFaculty ($7.32 in chips) 
Seat 5: vinaof ($4.30 in chips) 
Seat 6: Belphegor228 ($13.18 in chips) 
Mahu2021: posts small blind $0.05
BenJJones: posts big blind $0.10
*** HOLE CARDS ***
Dealt to Mahu2021 [Kh 4s]
HarvardFaculty: raises $0.10 to $0.20
vinaof: calls $0.20
Belphegor228: folds 
Windows 21xp: folds 
Mahu2021: folds 
BenJJones: calls $0.10
*** FLOP *** [9d 9c Qh]
BenJJones: checks 
HarvardFaculty: bets $0.10
vinaof: calls $0.10
BenJJones: folds 
*** TURN *** [9d 9c Qh] [4h]
HarvardFaculty: checks 
vinaof: bets $0.20
HarvardFaculty: calls $0.20
*** RIVER *** [9d 9c Qh 4h] [Qd]
HarvardFaculty: bets $0.60
vinaof: raises $3.20 to $3.80 and is all-in
HarvardFaculty: folds 
Uncalled bet ($3.20) returned to vinaof
vinaof collected $2.34 from pot
vinaof: doesn't show hand 
*** SUMMARY ***
Total pot $2.45 | Rake $0.11 
Board [9d 9c Qh 4h Qd]
Seat 1: Windows 21xp (button) folded before Flop (didn't bet)
Seat 2: Mahu2021 (small blind) folded before Flop
Seat 3: BenJJones (big blind) folded on the Flop
Seat 4: HarvardFaculty folded on the River
Seat 5: vinaof collected ($2.34)
Seat 6: Belphegor228 folded before Flop (didn't bet)



PokerStars Zoom Hand #254801034120:  Hold'em No Limit ($0.05/$0.10) - 2025/02/10 17:34:58 CET [2025/02/10 11:34:58 ET]
Table 'Aludra' 6-max Seat #1 is the button
Seat 1: BCWrangler ($9.75 in chips) 
Seat 2: iceballantyne ($30.13 in chips) 
Seat 3: Maestro90208 ($15.52 in chips) 
Seat 4: Jabrita1988 ($15.32 in chips) 
Seat 5: Mahu2021 ($9.85 in chips) 
Seat 6: SolitaryDan ($13.29 in chips) 
iceballantyne: posts small blind $0.05
Maestro90208: posts big blind $0.10
*** HOLE CARDS ***
Dealt to Mahu2021 [Kc 5d]
Jabrita1988: folds 
Mahu2021: folds 
SolitaryDan: folds 
BCWrangler: folds 
iceballantyne: folds 
Uncalled bet ($0.05) returned to Maestro90208
Maestro90208 collected $0.10 from pot
Maestro90208: doesn't show hand 
*** SUMMARY ***
Total pot $0.10 | Rake $0 
Seat 1: BCWrangler (button) folded before Flop (didn't bet)
Seat 2: iceballantyne (small blind) folded before Flop
Seat 3: Maestro90208 (big blind) collected ($0.10)
Seat 4: Jabrita1988 folded before Flop (didn't bet)
Seat 5: Mahu2021 folded before Flop (didn't bet)
Seat 6: SolitaryDan folded before Flop (didn't bet)



PokerStars Zoom Hand #254801036002:  Hold'em No Limit ($0.05/$0.10) - 2025/02/10 17:35:06 CET [2025/02/10 11:35:06 ET]
Table 'Aludra' 6-max Seat #1 is the button
Seat 1: skc784 ($10 in chips) 
Seat 2: Jantsa8809 ($11.32 in chips) 
Seat 3: Mahu2021 ($9.85 in chips) 
Seat 4: Jabrita1988 ($15.32 in chips) 
Seat 5: airsphere ($11.27 in chips) 
Seat 6: hotchpotch17 ($10.40 in chips) 
Jantsa8809: posts small blind $0.05
Mahu2021: posts big blind $0.10
*** HOLE CARDS ***
Dealt to Mahu2021 [9c 2c]
Jabrita1988: folds 
airsphere: raises $0.20 to $0.30
hotchpotch17: folds 
skc784: folds 
Jantsa8809: folds 
Mahu2021: folds 
Uncalled bet ($0.20) returned to airsphere
airsphere collected $0.25 from pot
airsphere: doesn't show hand 
*** SUMMARY ***
Total pot $0.25 | Rake $0 
Seat 1: skc784 (button) folded before Flop (didn't bet)
Seat 2: Jantsa8809 (small blind) folded before Flop
Seat 3: Mahu2021 (big blind) folded before Flop
Seat 4: Jabrita1988 folded before Flop (didn't bet)
Seat 5: airsphere collected ($0.25)
Seat 6: hotchpotch17 folded before Flop (didn't bet)



PokerStars Zoom Hand #254801035077:  Hold'em No Limit ($0.05/$0.10) - 2025/02/10 17:35:02 CET [2025/02/10 11:35:02 ET]
Table 'Aludra' 6-max Seat #1 is the button
Seat 1: airsphere ($11.27 in chips) 
Seat 2: SwishTiroCerto ($3.30 in chips) 
Seat 3: carolientje0 ($3.68 in chips) 
Seat 4: kiks220272 ($19.16 in chips) 
Seat 5: Jabrita1988 ($15.32 in chips) 
Seat 6: Mahu2021 ($9.85 in chips) 
SwishTiroCerto: posts small blind $0.05
carolientje0: posts big blind $0.10
*** HOLE CARDS ***
Dealt to Mahu2021 [Qc 5c]
kiks220272: raises $0.10 to $0.20
Jabrita1988: folds 
Mahu2021: folds 
airsphere: folds 
SwishTiroCerto: calls $0.15
carolientje0: folds 
*** FLOP *** [Jc 3s 2c]
SwishTiroCerto: checks 
kiks220272: bets $0.14
SwishTiroCerto: calls $0.14
*** TURN *** [Jc 3s 2c] [2h]
SwishTiroCerto: checks 
kiks220272: bets $0.22
SwishTiroCerto: calls $0.22
*** RIVER *** [Jc 3s 2c 2h] [Jh]
SwishTiroCerto: bets $0.30
kiks220272: calls $0.30
*** SHOW DOWN ***
SwishTiroCerto: shows [Ad Kc] (two pair, Jacks and Deuces)
kiks220272: shows [Ac Kh] (two pair, Jacks and Deuces)
SwishTiroCerto collected $0.87 from pot
kiks220272 collected $0.87 from pot
*** SUMMARY ***
Total pot $1.82 | Rake $0.08 
Board [Jc 3s 2c 2h Jh]
Seat 1: airsphere (button) folded before Flop (didn't bet)
Seat 2: SwishTiroCerto (small blind) showed [Ad Kc] and won ($0.87) with two pair, Jacks and Deuces
Seat 3: carolientje0 (big blind) folded before Flop
Seat 4: kiks220272 showed [Ac Kh] and won ($0.87) with two pair, Jacks and Deuces
Seat 5: Jabrita1988 folded before Flop (didn't bet)
Seat 6: Mahu2021 folded before Flop (didn't bet)



PokerStars Zoom Hand #254801038724:  Hold'em No Limit ($0.05/$0.10) - 2025/02/10 17:35:17 CET [2025/02/10 11:35:17 ET]
Table 'Aludra' 6-max Seat #1 is the button
Seat 1: aspatyh72 ($4.46 in chips) 
Seat 2: Mahu2021 ($9.75 in chips) 
Seat 3: iceballantyne ($12.16 in chips) 
Seat 4: TANEV78 ($10.97 in chips) 
Seat 5: aaasss422 ($10.32 in chips) 
Seat 6: HERO777907 ($20.71 in chips) 
Mahu2021: posts small blind $0.05
iceballantyne: posts big blind $0.10
*** HOLE CARDS ***
Dealt to Mahu2021 [Td Qd]
TANEV78: folds 
aaasss422 has timed out
aaasss422: folds 
HERO777907: folds 
aspatyh72: raises $0.15 to $0.25
Mahu2021: calls $0.20
iceballantyne: calls $0.15
*** FLOP *** [Qh Js Kh]
Mahu2021: checks 
iceballantyne: checks 
aspatyh72: bets $0.30
Mahu2021: calls $0.30
iceballantyne: folds 
*** TURN *** [Qh Js Kh] [4h]
Mahu2021: checks 
aspatyh72: bets $0.50
Mahu2021: calls $0.50
*** RIVER *** [Qh Js Kh 4h] [Qc]
Mahu2021: bets $2.24
aspatyh72: raises $1.17 to $3.41 and is all-in
Mahu2021: calls $1.17
*** SHOW DOWN ***
aspatyh72: shows [Jh Ah] (a flush, Ace high)
Mahu2021: shows [Td Qd] (three of a kind, Queens)
aspatyh72 collected $8.76 from pot
*** SUMMARY ***
Total pot $9.17 | Rake $0.41 
Board [Qh Js Kh 4h Qc]
Seat 1: aspatyh72 (button) showed [Jh Ah] and won ($8.76) with a flush, Ace high
Seat 2: Mahu2021 (small blind) showed [Td Qd] and lost with three of a kind, Queens
Seat 3: iceballantyne (big blind) folded on the Flop
Seat 4: TANEV78 folded before Flop (didn't bet)
Seat 5: aaasss422 folded before Flop (didn't bet)
Seat 6: HERO777907 folded before Flop (didn't bet)



PokerStars Zoom Hand #254801055205:  Hold'em No Limit ($0.05/$0.10) - 2025/02/10 17:36:27 CET [2025/02/10 11:36:27 ET]
Table 'Aludra' 6-max Seat #1 is the button
Seat 1: Mahu2021 ($5.29 in chips) 
Seat 2: Jinzoo1 ($11.50 in chips) 
Seat 3: HarvardFaculty ($7.07 in chips) 
Seat 4: aspatyh72 ($8.76 in chips) 
Seat 5: chessismorefun ($13.29 in chips) 
Seat 6: rk_ito7 ($10.80 in chips) 
Jinzoo1: posts small blind $0.05
HarvardFaculty: posts big blind $0.10
*** HOLE CARDS ***
Dealt to Mahu2021 [5c Ah]
aspatyh72: folds 
chessismorefun: folds 
rk_ito7: folds 
Mahu2021: raises $0.20 to $0.30
Jinzoo1: folds 
HarvardFaculty: folds 
Uncalled bet ($0.20) returned to Mahu2021
Mahu2021 collected $0.25 from pot
Mahu2021: doesn't show hand 
*** SUMMARY ***
Total pot $0.25 | Rake $0 
Seat 1: Mahu2021 (button) collected ($0.25)
Seat 2: Jinzoo1 (small blind) folded before Flop
Seat 3: HarvardFaculty (big blind) folded before Flop
Seat 4: aspatyh72 folded before Flop (didn't bet)
Seat 5: chessismorefun folded before Flop (didn't bet)
Seat 6: rk_ito7 folded before Flop (didn't bet)



PokerStars Zoom Hand #254801057848:  Hold'em No Limit ($0.05/$0.10) - 2025/02/10 17:36:38 CET [2025/02/10 11:36:38 ET]
Table 'Aludra' 6-max Seat #1 is the button
Seat 1: TANEV78 ($25.63 in chips) 
Seat 2: aspatyh72 ($8.66 in chips) 
Seat 3: HERO777907 ($24.80 in chips) 
Seat 4: Mahu2021 ($5.44 in chips) 
Seat 5: Grünblaugelb ($4.22 in chips) 
Seat 6: chessismorefun ($13.29 in chips) 
aspatyh72: posts small blind $0.05
HERO777907: posts big blind $0.10
*** HOLE CARDS ***
Dealt to Mahu2021 [8s 6h]
Mahu2021: folds 
Grünblaugelb: raises $0.13 to $0.23
chessismorefun: folds 
TANEV78: folds 
aspatyh72: folds 
HERO777907: folds 
Uncalled bet ($0.13) returned to Grünblaugelb
Grünblaugelb collected $0.25 from pot
Grünblaugelb: doesn't show hand 
*** SUMMARY ***
Total pot $0.25 | Rake $0 
Seat 1: TANEV78 (button) folded before Flop (didn't bet)
Seat 2: aspatyh72 (small blind) folded before Flop
Seat 3: HERO777907 (big blind) folded before Flop
Seat 4: Mahu2021 folded before Flop (didn't bet)
Seat 5: Grünblaugelb collected ($0.25)
Seat 6: chessismorefun folded before Flop (didn't bet)



PokerStars Zoom Hand #254801058714:  Hold'em No Limit ($0.05/$0.10) - 2025/02/10 17:36:42 CET [2025/02/10 11:36:42 ET]
Table 'Aludra' 6-max Seat #1 is the button
Seat 1: aspatyh72 ($8.61 in chips) 
Seat 2: rGiosa ($10.09 in chips) 
Seat 3: Mahu2021 ($5.44 in chips) 
Seat 4: Windows 21xp ($10 in chips) 
Seat 5: hotchpotch17 ($10.15 in chips) 
Seat 6: larews ($8.76 in chips) 
rGiosa: posts small blind $0.05
Mahu2021: posts big blind $0.10
*** HOLE CARDS ***
Dealt to Mahu2021 [Kc 9s]
Windows 21xp: folds 
hotchpotch17: folds 
larews: folds 
aspatyh72: folds 
rGiosa: raises $0.20 to $0.30
Mahu2021: calls $0.20
*** FLOP *** [4h 2c 3d]
rGiosa: checks 
Mahu2021: checks 
*** TURN *** [4h 2c 3d] [8s]
rGiosa: checks 
Mahu2021: checks 
*** RIVER *** [4h 2c 3d 8s] [Jh]
rGiosa: bets $0.55
Mahu2021: folds 
Uncalled bet ($0.55) returned to rGiosa
rGiosa collected $0.57 from pot
rGiosa: doesn't show hand 
*** SUMMARY ***
Total pot $0.60 | Rake $0.03 
Board [4h 2c 3d 8s Jh]
Seat 1: aspatyh72 (button) folded before Flop (didn't bet)
Seat 2: rGiosa (small blind) collected ($0.57)
Seat 3: Mahu2021 (big blind) folded on the River
Seat 4: Windows 21xp folded before Flop (didn't bet)
Seat 5: hotchpotch17 folded before Flop (didn't bet)
Seat 6: larews folded before Flop (didn't bet)



PokerStars Zoom Hand #254801064219:  Hold'em No Limit ($0.05/$0.10) - 2025/02/10 17:37:05 CET [2025/02/10 11:37:05 ET]
Table 'Aludra' 6-max Seat #1 is the button
Seat 1: pipo2147 ($9.68 in chips) 
Seat 2: aaasss422 ($9.97 in chips) 
Seat 3: iceballantyne ($11.61 in chips) 
Seat 4: Joshuabustos12 ($9.66 in chips) 
Seat 5: Mahu2021 ($5.14 in chips) 
Seat 6: Grünblaugelb ($4.32 in chips) 
aaasss422: posts small blind $0.05
iceballantyne: posts big blind $0.10
*** HOLE CARDS ***
Dealt to Mahu2021 [7h 5h]
Joshuabustos12: folds 
Mahu2021: folds 
Grünblaugelb: raises $0.15 to $0.25
pipo2147: folds 
aaasss422: folds 
iceballantyne: folds 
Uncalled bet ($0.15) returned to Grünblaugelb
Grünblaugelb collected $0.25 from pot
Grünblaugelb: doesn't show hand 
*** SUMMARY ***
Total pot $0.25 | Rake $0 
Seat 1: pipo2147 (button) folded before Flop (didn't bet)
Seat 2: aaasss422 (small blind) folded before Flop
Seat 3: iceballantyne (big blind) folded before Flop
Seat 4: Joshuabustos12 folded before Flop (didn't bet)
Seat 5: Mahu2021 folded before Flop (didn't bet)
Seat 6: Grünblaugelb collected ($0.25)



PokerStars Zoom Hand #254801065194:  Hold'em No Limit ($0.05/$0.10) - 2025/02/10 17:37:09 CET [2025/02/10 11:37:09 ET]
Table 'Aludra' 6-max Seat #1 is the button
Seat 1: Mahu2021 ($5.14 in chips) 
Seat 2: michaelodonovan ($8.73 in chips) 
Seat 3: lukzinn11 ($37.97 in chips) 
Seat 4: Windows 21xp ($18.89 in chips) 
Seat 5: Klevner ($8.93 in chips) 
Seat 6: aaasss422 ($9.92 in chips) 
michaelodonovan: posts small blind $0.05
lukzinn11: posts big blind $0.10
*** HOLE CARDS ***
Dealt to Mahu2021 [Qs Ah]
Windows 21xp: folds 
Klevner: folds 
aaasss422: calls $0.10
Mahu2021: raises $0.50 to $0.60
michaelodonovan: folds 
lukzinn11: folds 
aaasss422: folds 
Uncalled bet ($0.50) returned to Mahu2021
Mahu2021 collected $0.35 from pot
Mahu2021: doesn't show hand 
*** SUMMARY ***
Total pot $0.35 | Rake $0 
Seat 1: Mahu2021 (button) collected ($0.35)
Seat 2: michaelodonovan (small blind) folded before Flop
Seat 3: lukzinn11 (big blind) folded before Flop
Seat 4: Windows 21xp folded before Flop (didn't bet)
Seat 5: Klevner folded before Flop (didn't bet)
Seat 6: aaasss422 folded before Flop



PokerStars Zoom Hand #254801069503:  Hold'em No Limit ($0.05/$0.10) - 2025/02/10 17:37:27 CET [2025/02/10 11:37:27 ET]
Table 'Aludra' 6-max Seat #1 is the button
Seat 1: hotchpotch17 ($10 in chips) 
Seat 2: Mahu2021 ($5.39 in chips) 
Seat 3: airsphere ($10.82 in chips) 
Seat 4: rk_ito7 ($11.05 in chips) 
Seat 5: vuotee ($10.55 in chips) 
Seat 6: lukzinn11 ($37.82 in chips) 
Mahu2021: posts small blind $0.05
airsphere: posts big blind $0.10
*** HOLE CARDS ***
Dealt to Mahu2021 [3c 9h]
rk_ito7: folds 
vuotee: folds 
lukzinn11: folds 
hotchpotch17: folds 
Mahu2021: folds 
Uncalled bet ($0.05) returned to airsphere
airsphere collected $0.10 from pot
airsphere: doesn't show hand 
*** SUMMARY ***
Total pot $0.10 | Rake $0 
Seat 1: hotchpotch17 (button) folded before Flop (didn't bet)
Seat 2: Mahu2021 (small blind) folded before Flop
Seat 3: airsphere (big blind) collected ($0.10)
Seat 4: rk_ito7 folded before Flop (didn't bet)
Seat 5: vuotee folded before Flop (didn't bet)
Seat 6: lukzinn11 folded before Flop (didn't bet)



PokerStars Zoom Hand #254801070709:  Hold'em No Limit ($0.05/$0.10) - 2025/02/10 17:37:32 CET [2025/02/10 11:37:32 ET]
Table 'Aludra' 6-max Seat #1 is the button
Seat 1: Grünblaugelb ($2.36 in chips) 
Seat 2: traian1947 ($13.76 in chips) 
Seat 3: panos100299 ($5 in chips) 
Seat 4: rk_ito7 ($11.58 in chips) 
Seat 5: BigBoy7264 ($11.38 in chips) 
Seat 6: Mahu2021 ($5.34 in chips) 
traian1947: posts small blind $0.05
panos100299: posts big blind $0.10
*** HOLE CARDS ***
Dealt to Mahu2021 [Kc 6c]
rk_ito7: folds 
BigBoy7264: folds 
Mahu2021: folds 
Grünblaugelb: folds 
traian1947: folds 
Uncalled bet ($0.05) returned to panos100299
panos100299 collected $0.10 from pot
panos100299: doesn't show hand 
*** SUMMARY ***
Total pot $0.10 | Rake $0 
Seat 1: Grünblaugelb (button) folded before Flop (didn't bet)
Seat 2: traian1947 (small blind) folded before Flop
Seat 3: panos100299 (big blind) collected ($0.10)
Seat 4: rk_ito7 folded before Flop (didn't bet)
Seat 5: BigBoy7264 folded before Flop (didn't bet)
Seat 6: Mahu2021 folded before Flop (didn't bet)



PokerStars Zoom Hand #254801073358:  Hold'em No Limit ($0.05/$0.10) - 2025/02/10 17:37:43 CET [2025/02/10 11:37:43 ET]
Table 'Aludra' 6-max Seat #1 is the button
Seat 1: P1ntail ($12.14 in chips) 
Seat 2: Maestro90208 ($16.39 in chips) 
Seat 3: stelio83 ($20.18 in chips) 
Seat 4: Mahu2021 ($5.34 in chips) 
Seat 5: hotchpotch17 ($10 in chips) 
Seat 6: Maxim_Otto13 ($15.17 in chips) 
Maestro90208: posts small blind $0.05
stelio83: posts big blind $0.10
*** HOLE CARDS ***
Dealt to Mahu2021 [8d 6c]
Mahu2021: folds 
hotchpotch17: folds 
Maxim_Otto13: folds 
P1ntail: raises $0.15 to $0.25
Maestro90208: folds 
stelio83: folds 
Uncalled bet ($0.15) returned to P1ntail
P1ntail collected $0.25 from pot
P1ntail: doesn't show hand 
*** SUMMARY ***
Total pot $0.25 | Rake $0 
Seat 1: P1ntail (button) collected ($0.25)
Seat 2: Maestro90208 (small blind) folded before Flop
Seat 3: stelio83 (big blind) folded before Flop
Seat 4: Mahu2021 folded before Flop (didn't bet)
Seat 5: hotchpotch17 folded before Flop (didn't bet)
Seat 6: Maxim_Otto13 folded before Flop (didn't bet)



PokerStars Zoom Hand #254801074139:  Hold'em No Limit ($0.05/$0.10) - 2025/02/10 17:37:46 CET [2025/02/10 11:37:46 ET]
Table 'Aludra' 6-max Seat #1 is the button
Seat 1: airsphere ($10.87 in chips) 
Seat 2: pipo2147 ($10.06 in chips) 
Seat 3: Mahu2021 ($5.34 in chips) 
Seat 4: looser00091 ($15.26 in chips) 
Seat 5: DanC996 ($15.28 in chips) 
Seat 6: HERO777907 ($25.76 in chips) 
pipo2147: posts small blind $0.05
Mahu2021: posts big blind $0.10
*** HOLE CARDS ***
Dealt to Mahu2021 [3s Jh]
looser00091: folds 
DanC996: folds 
HERO777907: folds 
airsphere: folds 
pipo2147: calls $0.05
Mahu2021: checks 
*** FLOP *** [Qs 8c 2c]
pipo2147: bets $0.10
Mahu2021: folds 
Uncalled bet ($0.10) returned to pipo2147
pipo2147 collected $0.19 from pot
pipo2147: doesn't show hand 
*** SUMMARY ***
Total pot $0.20 | Rake $0.01 
Board [Qs 8c 2c]
Seat 1: airsphere (button) folded before Flop (didn't bet)
Seat 2: pipo2147 (small blind) collected ($0.19)
Seat 3: Mahu2021 (big blind) folded on the Flop
Seat 4: looser00091 folded before Flop (didn't bet)
Seat 5: DanC996 folded before Flop (didn't bet)
Seat 6: HERO777907 folded before Flop (didn't bet)



PokerStars Zoom Hand #254801077897:  Hold'em No Limit ($0.05/$0.10) - 2025/02/10 17:38:02 CET [2025/02/10 11:38:02 ET]
Table 'Aludra' 6-max Seat #1 is the button
Seat 1: metel-sky ($4.45 in chips) 
Seat 2: Luleit ($24.93 in chips) 
Seat 3: iceballantyne ($10.45 in chips) 
Seat 4: Joshuabustos12 ($9.88 in chips) 
Seat 5: Mahu2021 ($5.24 in chips) 
Seat 6: Bafo de Mé ($10.40 in chips) 
Luleit: posts small blind $0.05
iceballantyne: posts big blind $0.10
*** HOLE CARDS ***
Dealt to Mahu2021 [4s 7d]
Joshuabustos12: folds 
Mahu2021: folds 
Bafo de Mé: folds 
metel-sky: folds 
Luleit: folds 
Uncalled bet ($0.05) returned to iceballantyne
iceballantyne collected $0.10 from pot
iceballantyne: doesn't show hand 
*** SUMMARY ***
Total pot $0.10 | Rake $0 
Seat 1: metel-sky (button) folded before Flop (didn't bet)
Seat 2: Luleit (small blind) folded before Flop
Seat 3: iceballantyne (big blind) collected ($0.10)
Seat 4: Joshuabustos12 folded before Flop (didn't bet)
Seat 5: Mahu2021 folded before Flop (didn't bet)
Seat 6: Bafo de Mé folded before Flop (didn't bet)



PokerStars Zoom Hand #254801078607:  Hold'em No Limit ($0.05/$0.10) - 2025/02/10 17:38:05 CET [2025/02/10 11:38:05 ET]
Table 'Aludra' 6-max Seat #1 is the button
Seat 1: Luleit ($24.88 in chips) 
Seat 2: Mahu2021 ($5.24 in chips) 
Seat 3: Pesulle ($10 in chips) 
Seat 4: 00O-2Z ($21.28 in chips) 
Seat 5: Bur1k ($5 in chips) 
Seat 6: fregel05 ($23.96 in chips) 
Mahu2021: posts small blind $0.05
Pesulle: posts big blind $0.10
*** HOLE CARDS ***
Dealt to Mahu2021 [5h Jh]
00O-2Z: raises $0.20 to $0.30
Bur1k: folds 
fregel05: folds 
Luleit: folds 
Mahu2021: folds 
Pesulle: folds 
Uncalled bet ($0.20) returned to 00O-2Z
00O-2Z collected $0.25 from pot
00O-2Z: doesn't show hand 
*** SUMMARY ***
Total pot $0.25 | Rake $0 
Seat 1: Luleit (button) folded before Flop (didn't bet)
Seat 2: Mahu2021 (small blind) folded before Flop
Seat 3: Pesulle (big blind) folded before Flop
Seat 4: 00O-2Z collected ($0.25)
Seat 5: Bur1k folded before Flop (didn't bet)
Seat 6: fregel05 folded before Flop (didn't bet)



PokerStars Zoom Hand #254801080359:  Hold'em No Limit ($0.05/$0.10) - 2025/02/10 17:38:13 CET [2025/02/10 11:38:13 ET]
Table 'Aludra' 6-max Seat #1 is the button
Seat 1: skc784 ($10 in chips) 
Seat 2: dakatabr ($22.60 in chips) 
Seat 3: Belphegor228 ($14.15 in chips) 
Seat 4: superMike233 ($18.86 in chips) 
Seat 5: iceballantyne ($12.01 in chips) 
Seat 6: Mahu2021 ($5.19 in chips) 
dakatabr: posts small blind $0.05
Belphegor228: posts big blind $0.10
*** HOLE CARDS ***
Dealt to Mahu2021 [5h 4d]
superMike233: folds 
iceballantyne: folds 
Mahu2021: folds 
skc784: raises $0.15 to $0.25
dakatabr: raises $0.65 to $0.90
Belphegor228: folds 
skc784: folds 
Uncalled bet ($0.65) returned to dakatabr
dakatabr collected $0.60 from pot
dakatabr: doesn't show hand 
*** SUMMARY ***
Total pot $0.60 | Rake $0 
Seat 1: skc784 (button) folded before Flop
Seat 2: dakatabr (small blind) collected ($0.60)
Seat 3: Belphegor228 (big blind) folded before Flop
Seat 4: superMike233 folded before Flop (didn't bet)
Seat 5: iceballantyne folded before Flop (didn't bet)
Seat 6: Mahu2021 folded before Flop (didn't bet)



PokerStars Zoom Hand #254801072359:  Hold'em No Limit ($0.05/$0.10) - 2025/02/10 17:37:39 CET [2025/02/10 11:37:39 ET]
Table 'Aludra' 6-max Seat #1 is the button
Seat 1: rk_ito7 ($10.95 in chips) 
Seat 2: 5AAAKKK5 ($25.74 in chips) 
Seat 3: qukentack ($10 in chips) 
Seat 4: Rallokan ($14.90 in chips) 
Seat 5: Mahu2021 ($5.34 in chips) 
Seat 6: Maestro90208 ($16.39 in chips) 
5AAAKKK5: posts small blind $0.05
qukentack: posts big blind $0.10
*** HOLE CARDS ***
Dealt to Mahu2021 [4d Kd]
Rallokan: folds 
Mahu2021: folds 
Maestro90208: folds 
rk_ito7: raises $0.10 to $0.20
5AAAKKK5: calls $0.15
qukentack: calls $0.10
*** FLOP *** [Ts Kh Qc]
5AAAKKK5: checks 
qukentack: checks 
rk_ito7: bets $0.29
5AAAKKK5: calls $0.29
qukentack: raises $0.29 to $0.58
rk_ito7: raises $1.01 to $1.59
5AAAKKK5: folds 
qukentack: calls $1.01
*** TURN *** [Ts Kh Qc] [7h]
qukentack: checks 
rk_ito7: bets $2.92
qukentack: calls $2.92
*** RIVER *** [Ts Kh Qc 7h] [6s]
qukentack: checks 
rk_ito7: bets $6.24 and is all-in
qukentack: folds 
Uncalled bet ($6.24) returned to rk_ito7
rk_ito7 collected $9.46 from pot
rk_ito7: doesn't show hand 
*** SUMMARY ***
Total pot $9.91 | Rake $0.45 
Board [Ts Kh Qc 7h 6s]
Seat 1: rk_ito7 (button) collected ($9.46)
Seat 2: 5AAAKKK5 (small blind) folded on the Flop
Seat 3: qukentack (big blind) folded on the River
Seat 4: Rallokan folded before Flop (didn't bet)
Seat 5: Mahu2021 folded before Flop (didn't bet)
Seat 6: Maestro90208 folded before Flop (didn't bet)



PokerStars Zoom Hand #254801082284:  Hold'em No Limit ($0.05/$0.10) - 2025/02/10 17:38:20 CET [2025/02/10 11:38:20 ET]
Table 'Aludra' 6-max Seat #1 is the button
Seat 1: Maxim_Otto13 ($15.60 in chips) 
Seat 2: fregel05 ($23.86 in chips) 
Seat 3: Jantsa8809 ($10.22 in chips) 
Seat 4: Mahu2021 ($5.19 in chips) 
Seat 5: HERO777907 ($21.68 in chips) 
Seat 6: dakatabr ($33.43 in chips) 
fregel05: posts small blind $0.05
Jantsa8809: posts big blind $0.10
*** HOLE CARDS ***
Dealt to Mahu2021 [4d Ad]
Mahu2021: raises $0.14 to $0.24
HERO777907: folds 
dakatabr: folds 
Maxim_Otto13: folds 
fregel05: folds 
Jantsa8809: calls $0.14
*** FLOP *** [Ah 6c 7h]
Jantsa8809: checks 
Mahu2021: bets $0.51
Jantsa8809: folds 
Uncalled bet ($0.51) returned to Mahu2021
Mahu2021 collected $0.51 from pot
Mahu2021: doesn't show hand 
*** SUMMARY ***
Total pot $0.53 | Rake $0.02 
Board [Ah 6c 7h]
Seat 1: Maxim_Otto13 (button) folded before Flop (didn't bet)
Seat 2: fregel05 (small blind) folded before Flop
Seat 3: Jantsa8809 (big blind) folded on the Flop
Seat 4: Mahu2021 collected ($0.51)
Seat 5: HERO777907 folded before Flop (didn't bet)
Seat 6: dakatabr folded before Flop (didn't bet)



PokerStars Zoom Hand #254801079573:  Hold'em No Limit ($0.05/$0.10) - 2025/02/10 17:38:09 CET [2025/02/10 11:38:09 ET]
Table 'Aludra' 6-max Seat #1 is the button
Seat 1: Mahu2021 ($5.19 in chips) 
Seat 2: enankova ($20.27 in chips) 
Seat 3: THMN30 ($10 in chips) 
Seat 4: joedunston ($10.53 in chips) 
Seat 5: Luleit ($24.88 in chips) 
Seat 6: juan19872323 ($10.28 in chips) 
enankova: posts small blind $0.05
THMN30: posts big blind $0.10
*** HOLE CARDS ***
Dealt to Mahu2021 [2h 5d]
joedunston: folds 
Luleit: folds 
juan19872323: folds 
Mahu2021: folds 
enankova: calls $0.05
THMN30 has timed out while disconnected
THMN30: checks 
*** FLOP *** [Qs 3h 3s]
enankova: checks 
THMN30: bets $0.10
enankova: folds 
Uncalled bet ($0.10) returned to THMN30
THMN30 collected $0.19 from pot
THMN30: doesn't show hand 
*** SUMMARY ***
Total pot $0.20 | Rake $0.01 
Board [Qs 3h 3s]
Seat 1: Mahu2021 (button) folded before Flop (didn't bet)
Seat 2: enankova (small blind) folded on the Flop
Seat 3: THMN30 (big blind) collected ($0.19)
Seat 4: joedunston folded before Flop (didn't bet)
Seat 5: Luleit folded before Flop (didn't bet)
Seat 6: juan19872323 folded before Flop (didn't bet)



PokerStars Zoom Hand #254801089840:  Hold'em No Limit ($0.05/$0.10) - 2025/02/10 17:38:52 CET [2025/02/10 11:38:52 ET]
Table 'Aludra' 6-max Seat #1 is the button
Seat 1: lucilordz88 ($9.43 in chips) 
Seat 2: iceballantyne ($10.78 in chips) 
Seat 3: Bafo de Mé ($11.75 in chips) 
Seat 4: Mahu2021 ($5.36 in chips) 
Seat 5: Grünblaugelb ($3.07 in chips) 
Seat 6: robertodalao ($13.15 in chips) 
iceballantyne: posts small blind $0.05
Bafo de Mé: posts big blind $0.10
*** HOLE CARDS ***
Dealt to Mahu2021 [Kd Ts]
Mahu2021: raises $0.14 to $0.24
Grünblaugelb: folds 
robertodalao: folds 
lucilordz88: folds 
iceballantyne: folds 
Bafo de Mé: folds 
Uncalled bet ($0.14) returned to Mahu2021
Mahu2021 collected $0.25 from pot
Mahu2021: doesn't show hand 
*** SUMMARY ***
Total pot $0.25 | Rake $0 
Seat 1: lucilordz88 (button) folded before Flop (didn't bet)
Seat 2: iceballantyne (small blind) folded before Flop
Seat 3: Bafo de Mé (big blind) folded before Flop
Seat 4: Mahu2021 collected ($0.25)
Seat 5: Grünblaugelb folded before Flop (didn't bet)
Seat 6: robertodalao folded before Flop (didn't bet)



PokerStars Zoom Hand #254801081466:  Hold'em No Limit ($0.05/$0.10) - 2025/02/10 17:38:17 CET [2025/02/10 11:38:17 ET]
Table 'Aludra' 6-max Seat #1 is the button
Seat 1: TANEV78 ($19.89 in chips) 
Seat 2: lukzinn11 ($37.87 in chips) 
Seat 3: beglorified ($10.32 in chips) 
Seat 4: Mahu2021 ($5.19 in chips) 
Seat 5: vinaof ($5.40 in chips) 
Seat 6: wattssc ($9.62 in chips) 
lukzinn11: posts small blind $0.05
beglorified: posts big blind $0.10
*** HOLE CARDS ***
Dealt to Mahu2021 [2d Jh]
Mahu2021: folds 
vinaof: folds 
wattssc has timed out
wattssc: folds 
TANEV78: folds 
lukzinn11: raises $0.20 to $0.30
beglorified: calls $0.20
*** FLOP *** [As 2c Jd]
lukzinn11: bets $0.29
beglorified: calls $0.29
*** TURN *** [As 2c Jd] [Qh]
lukzinn11: bets $0.75
beglorified: calls $0.75
*** RIVER *** [As 2c Jd Qh] [7h]
lukzinn11: checks 
beglorified: bets $1.28
lukzinn11: folds 
Uncalled bet ($1.28) returned to beglorified
beglorified collected $2.56 from pot
beglorified: doesn't show hand 
*** SUMMARY ***
Total pot $2.68 | Rake $0.12 
Board [As 2c Jd Qh 7h]
Seat 1: TANEV78 (button) folded before Flop (didn't bet)
Seat 2: lukzinn11 (small blind) folded on the River
Seat 3: beglorified (big blind) collected ($2.56)
Seat 4: Mahu2021 folded before Flop (didn't bet)
Seat 5: vinaof folded before Flop (didn't bet)
Seat 6: wattssc folded before Flop (didn't bet)



PokerStars Zoom Hand #254801093634:  Hold'em No Limit ($0.05/$0.10) - 2025/02/10 17:39:08 CET [2025/02/10 11:39:08 ET]
Table 'Aludra' 6-max Seat #1 is the button
Seat 1: khz71 ($10 in chips) 
Seat 2: hotchpotch17 ($13.36 in chips) 
Seat 3: 5AAAKKK5 ($25.76 in chips) 
Seat 4: HERO777907 ($21.33 in chips) 
Seat 5: wattssc ($9.13 in chips) 
Seat 6: Mahu2021 ($5.51 in chips) 
hotchpotch17: posts small blind $0.05
5AAAKKK5: posts big blind $0.10
*** HOLE CARDS ***
Dealt to Mahu2021 [Ac 6s]
HERO777907: folds 
wattssc: folds 
Mahu2021: folds 
khz71: raises $0.20 to $0.30
hotchpotch17: folds 
5AAAKKK5: folds 
Uncalled bet ($0.20) returned to khz71
khz71 collected $0.25 from pot
khz71: doesn't show hand 
*** SUMMARY ***
Total pot $0.25 | Rake $0 
Seat 1: khz71 (button) collected ($0.25)
Seat 2: hotchpotch17 (small blind) folded before Flop
Seat 3: 5AAAKKK5 (big blind) folded before Flop
Seat 4: HERO777907 folded before Flop (didn't bet)
Seat 5: wattssc folded before Flop (didn't bet)
Seat 6: Mahu2021 folded before Flop (didn't bet)



PokerStars Zoom Hand #254801095803:  Hold'em No Limit ($0.05/$0.10) - 2025/02/10 17:39:17 CET [2025/02/10 11:39:17 ET]
Table 'Aludra' 6-max Seat #1 is the button
Seat 1: Mahu2021 ($5.46 in chips) 
Seat 2: rk_ito7 ($11.96 in chips) 
Seat 3: kloniss ($9.95 in chips) 
Seat 4: Mariotini tk ($9 in chips) 
Seat 5: HERO777907 ($10.38 in chips) 
Seat 6: Jantsa8809 ($9.93 in chips) 
rk_ito7: posts small blind $0.05
kloniss: posts big blind $0.10
*** HOLE CARDS ***
Dealt to Mahu2021 [Qd Kd]
Mariotini tk: folds 
HERO777907: folds 
Jantsa8809: folds 
Mahu2021: raises $0.20 to $0.30
rk_ito7: folds 
kloniss: folds 
Uncalled bet ($0.20) returned to Mahu2021
Mahu2021 collected $0.25 from pot
Mahu2021: doesn't show hand 
*** SUMMARY ***
Total pot $0.25 | Rake $0 
Seat 1: Mahu2021 (button) collected ($0.25)
Seat 2: rk_ito7 (small blind) folded before Flop
Seat 3: kloniss (big blind) folded before Flop
Seat 4: Mariotini tk folded before Flop (didn't bet)
Seat 5: HERO777907 folded before Flop (didn't bet)
Seat 6: Jantsa8809 folded before Flop (didn't bet)



PokerStars Zoom Hand #254801087414:  Hold'em No Limit ($0.05/$0.10) - 2025/02/10 17:38:42 CET [2025/02/10 11:38:42 ET]
Table 'Aludra' 6-max Seat #1 is the button
Seat 1: looser00091 ($14.46 in chips) 
Seat 2: crysjuhyan ($7.37 in chips) 
Seat 3: Mahu2021 ($5.46 in chips) 
Seat 4: kloniss ($8.28 in chips) 
Seat 5: HarvardFaculty ($6.62 in chips) 
Seat 6: vicegoodman ($13.07 in chips) 
crysjuhyan: posts small blind $0.05
Mahu2021: posts big blind $0.10
*** HOLE CARDS ***
Dealt to Mahu2021 [Kd 7s]
kloniss: folds 
HarvardFaculty: calls $0.10
vicegoodman: folds 
looser00091: raises $0.30 to $0.40
crysjuhyan: folds 
Mahu2021: folds 
HarvardFaculty: calls $0.30
*** FLOP *** [Ac Js Ks]
HarvardFaculty: checks 
looser00091: bets $0.27
HarvardFaculty: calls $0.27
*** TURN *** [Ac Js Ks] [Qh]
HarvardFaculty: checks 
looser00091: bets $1.07
HarvardFaculty: calls $1.07
*** RIVER *** [Ac Js Ks Qh] [8s]
HarvardFaculty: checks 
looser00091: checks 
*** SHOW DOWN ***
HarvardFaculty: shows [9c Qd] (a pair of Queens)
looser00091: shows [Jh Th] (a straight, Ten to Ace)
looser00091 collected $3.47 from pot
*** SUMMARY ***
Total pot $3.63 | Rake $0.16 
Board [Ac Js Ks Qh 8s]
Seat 1: looser00091 (button) showed [Jh Th] and won ($3.47) with a straight, Ten to Ace
Seat 2: crysjuhyan (small blind) folded before Flop
Seat 3: Mahu2021 (big blind) folded before Flop
Seat 4: kloniss folded before Flop (didn't bet)
Seat 5: HarvardFaculty showed [9c Qd] and lost with a pair of Queens
Seat 6: vicegoodman folded before Flop (didn't bet)



PokerStars Zoom Hand #254801094820:  Hold'em No Limit ($0.05/$0.10) - 2025/02/10 17:39:13 CET [2025/02/10 11:39:13 ET]
Table 'Aludra' 6-max Seat #1 is the button
Seat 1: Grünblaugelb ($3.28 in chips) 
Seat 2: Mahu2021 ($5.51 in chips) 
Seat 3: Jhonmax83 ($8.27 in chips) 
Seat 4: BCWrangler ($9.08 in chips) 
Seat 5: tapii1994 ($13.69 in chips) 
Seat 6: skc784 ($10 in chips) 
Mahu2021: posts small blind $0.05
Jhonmax83: posts big blind $0.10
*** HOLE CARDS ***
Dealt to Mahu2021 [3h 6d]
BCWrangler: folds 
tapii1994: raises $0.15 to $0.25
skc784: raises $0.65 to $0.90
Grünblaugelb: folds 
Mahu2021: folds 
Jhonmax83: folds 
tapii1994: raises $1.10 to $2
skc784: raises $8 to $10 and is all-in
tapii1994: calls $8
*** FLOP *** [5h Td 9d]
*** TURN *** [5h Td 9d] [7h]
*** RIVER *** [5h Td 9d 7h] [Qd]
*** SHOW DOWN ***
tapii1994: shows [Kd Ah] (high card Ace)
skc784: shows [As Qs] (a pair of Queens)
skc784 collected $19.24 from pot
*** SUMMARY ***
Total pot $20.15 | Rake $0.91 
Board [5h Td 9d 7h Qd]
Seat 1: Grünblaugelb (button) folded before Flop (didn't bet)
Seat 2: Mahu2021 (small blind) folded before Flop
Seat 3: Jhonmax83 (big blind) folded before Flop
Seat 4: BCWrangler folded before Flop (didn't bet)
Seat 5: tapii1994 showed [Kd Ah] and lost with high card Ace
Seat 6: skc784 showed [As Qs] and won ($19.24) with a pair of Queens



PokerStars Zoom Hand #254801101569:  Hold'em No Limit ($0.05/$0.10) - 2025/02/10 17:39:42 CET [2025/02/10 11:39:42 ET]
Table 'Aludra' 6-max Seat #1 is the button
Seat 1: Rhymer82 ($10 in chips) 
Seat 2: looser00091 ($16.19 in chips) 
Seat 3: Mahu2021 ($5.61 in chips) 
Seat 4: rk_ito7 ($10.65 in chips) 
Seat 5: Windows 21xp ($17.96 in chips) 
Seat 6: kloniss ($9.85 in chips) 
looser00091: posts small blind $0.05
Mahu2021: posts big blind $0.10
*** HOLE CARDS ***
Dealt to Mahu2021 [Ks 7d]
rk_ito7: folds 
Windows 21xp: folds 
kloniss: folds 
Rhymer82: raises $0.20 to $0.30
looser00091: folds 
Mahu2021: calls $0.20
*** FLOP *** [6s Jh 5s]
Mahu2021: checks 
Rhymer82: bets $0.31
Mahu2021: folds 
Uncalled bet ($0.31) returned to Rhymer82
Rhymer82 collected $0.62 from pot
Rhymer82: doesn't show hand 
*** SUMMARY ***
Total pot $0.65 | Rake $0.03 
Board [6s Jh 5s]
Seat 1: Rhymer82 (button) collected ($0.62)
Seat 2: looser00091 (small blind) folded before Flop
Seat 3: Mahu2021 (big blind) folded on the Flop
Seat 4: rk_ito7 folded before Flop (didn't bet)
Seat 5: Windows 21xp folded before Flop (didn't bet)
Seat 6: kloniss folded before Flop (didn't bet)



PokerStars Zoom Hand #254801107417:  Hold'em No Limit ($0.05/$0.10) - 2025/02/10 17:40:07 CET [2025/02/10 11:40:07 ET]
Table 'Aludra' 6-max Seat #1 is the button
Seat 1: MasterVBM ($14.57 in chips) 
Seat 2: Pesulle ($31.56 in chips) 
Seat 3: Windows 21xp ($17.96 in chips) 
Seat 4: juan19872323 ($11.21 in chips) 
Seat 5: beglorified ($11.54 in chips) 
Seat 6: Mahu2021 ($5.31 in chips) 
Pesulle: posts small blind $0.05
Windows 21xp: posts big blind $0.10
*** HOLE CARDS ***
Dealt to Mahu2021 [Jd Js]
juan19872323: folds 
beglorified: raises $0.13 to $0.23
Mahu2021: calls $0.23
MasterVBM: folds 
Pesulle: folds 
Windows 21xp: folds 
*** FLOP *** [8s 8c 9s]
beglorified: bets $0.44
Mahu2021: raises $4.64 to $5.08 and is all-in
beglorified: calls $4.64
*** TURN *** [8s 8c 9s] [9c]
*** RIVER *** [8s 8c 9s 9c] [4h]
*** SHOW DOWN ***
beglorified: shows [Qh Qd] (two pair, Queens and Nines)
Mahu2021: shows [Jd Js] (two pair, Jacks and Nines)
beglorified collected $10.29 from pot
*** SUMMARY ***
Total pot $10.77 | Rake $0.48 
Board [8s 8c 9s 9c 4h]
Seat 1: MasterVBM (button) folded before Flop (didn't bet)
Seat 2: Pesulle (small blind) folded before Flop
Seat 3: Windows 21xp (big blind) folded before Flop
Seat 4: juan19872323 folded before Flop (didn't bet)
Seat 5: beglorified showed [Qh Qd] and won ($10.29) with two pair, Queens and Nines
Seat 6: Mahu2021 showed [Jd Js] and lost with two pair, Jacks and Nines



