PokerStars Zoom Hand #255374598820:  Hold'em No Limit ($0.25/$0.50) - 2025/03/20 20:54:45 CET [2025/03/20 15:54:45 ET]
Table 'Baade' 6-max Seat #1 is the button
Seat 1: callmebeautiful ($14.29 in chips) 
Seat 2: Kovastoso ($153.62 in chips) 
Seat 3: Mahu2021 ($45.48 in chips) 
Seat 4: jeilsons ($141.80 in chips) 
Seat 5: mudzin85 ($50 in chips) 
Seat 6: arthurect10 ($50.25 in chips) 
Kovastoso: posts small blind $0.25
Mahu2021: posts big blind $0.50
*** HOLE CARDS ***
Dealt to Mahu2021 [Jh Kh]
jeilsons: folds 
mudzin85: folds 
arthurect10: folds 
callmebeautiful: raises $0.50 to $1
Kovastoso: folds 
Mahu2021: raises $4.50 to $5.50
callmebeautiful: folds 
Uncalled bet ($4.50) returned to Mahu2021
Mahu2021 collected $2.25 from pot
Mahu2021: doesn't show hand 
*** SUMMARY ***
Total pot $2.25 | Rake $0 
Seat 1: callmebeautiful (button) folded before Flop
Seat 2: Kovastoso (small blind) folded before Flop
Seat 3: Mahu2021 (big blind) collected ($2.25)
Seat 4: jeilsons folded before Flop (didn't bet)
Seat 5: mudzin85 folded before Flop (didn't bet)
Seat 6: arthurect10 folded before Flop (didn't bet)



PokerStars Zoom Hand #255374604197:  Hold'em No Limit ($0.25/$0.50) - 2025/03/20 20:55:08 CET [2025/03/20 15:55:08 ET]
Table 'Baade' 6-max Seat #1 is the button
Seat 1: Daynagreeney ($65.06 in chips) 
Seat 2: Mahu2021 ($46.73 in chips) 
Seat 3: Caaaaaas ($66.94 in chips) 
Seat 4: brpoker_pr0 ($52.53 in chips) 
Seat 5: Polse68 ($50.25 in chips) 
Seat 6: Win A Rolex ($33.29 in chips) 
Mahu2021: posts small blind $0.25
Caaaaaas: posts big blind $0.50
*** HOLE CARDS ***
Dealt to Mahu2021 [Qd 4h]
brpoker_pr0: raises $0.75 to $1.25
Polse68: folds 
Win A Rolex: folds 
Daynagreeney: folds 
Mahu2021: folds 
Caaaaaas: folds 
Uncalled bet ($0.75) returned to brpoker_pr0
brpoker_pr0 collected $1.25 from pot
brpoker_pr0: doesn't show hand 
*** SUMMARY ***
Total pot $1.25 | Rake $0 
Seat 1: Daynagreeney (button) folded before Flop (didn't bet)
Seat 2: Mahu2021 (small blind) folded before Flop
Seat 3: Caaaaaas (big blind) folded before Flop
Seat 4: brpoker_pr0 collected ($1.25)
Seat 5: Polse68 folded before Flop (didn't bet)
Seat 6: Win A Rolex folded before Flop (didn't bet)



PokerStars Zoom Hand #255374604887:  Hold'em No Limit ($0.25/$0.50) - 2025/03/20 20:55:12 CET [2025/03/20 15:55:12 ET]
Table 'Baade' 6-max Seat #1 is the button
Seat 1: Mahu2021 ($46.48 in chips) 
Seat 2: Polse68 ($50.25 in chips) 
Seat 3: Daynagreeney ($65.06 in chips) 
Seat 4: MateusMouraa ($118.95 in chips) 
Seat 5: BenCbal ($57.32 in chips) 
Seat 6: mudzin85 ($50 in chips) 
Polse68: posts small blind $0.25
Daynagreeney: posts big blind $0.50
*** HOLE CARDS ***
Dealt to Mahu2021 [4c Tc]
MateusMouraa: folds 
BenCbal: folds 
mudzin85: folds 
Mahu2021: folds 
Polse68: folds 
Uncalled bet ($0.25) returned to Daynagreeney
Daynagreeney collected $0.50 from pot
Daynagreeney: doesn't show hand 
*** SUMMARY ***
Total pot $0.50 | Rake $0 
Seat 1: Mahu2021 (button) folded before Flop (didn't bet)
Seat 2: Polse68 (small blind) folded before Flop
Seat 3: Daynagreeney (big blind) collected ($0.50)
Seat 4: MateusMouraa folded before Flop (didn't bet)
Seat 5: BenCbal folded before Flop (didn't bet)
Seat 6: mudzin85 folded before Flop (didn't bet)



PokerStars Zoom Hand #255374605394:  Hold'em No Limit ($0.25/$0.50) - 2025/03/20 20:55:15 CET [2025/03/20 15:55:15 ET]
Table 'Baade' 6-max Seat #1 is the button
Seat 1: mudzin85 ($114.41 in chips) 
Seat 2: Caaaaaas ($66.44 in chips) 
Seat 3: Polse68 ($50 in chips) 
Seat 4: fabre4848 ($203.44 in chips) 
Seat 5: LexEv_2 ($86.49 in chips) 
Seat 6: Mahu2021 ($46.48 in chips) 
Caaaaaas: posts small blind $0.25
Polse68: posts big blind $0.50
*** HOLE CARDS ***
Dealt to Mahu2021 [Jc 3s]
fabre4848: folds 
LexEv_2: folds 
Mahu2021: folds 
mudzin85: folds 
Caaaaaas: raises $1 to $1.50
Polse68: folds 
Uncalled bet ($1) returned to Caaaaaas
Caaaaaas collected $1 from pot
Caaaaaas: doesn't show hand 
*** SUMMARY ***
Total pot $1 | Rake $0 
Seat 1: mudzin85 (button) folded before Flop (didn't bet)
Seat 2: Caaaaaas (small blind) collected ($1)
Seat 3: Polse68 (big blind) folded before Flop
Seat 4: fabre4848 folded before Flop (didn't bet)
Seat 5: LexEv_2 folded before Flop (didn't bet)
Seat 6: Mahu2021 folded before Flop (didn't bet)



PokerStars Zoom Hand #255374606042:  Hold'em No Limit ($0.25/$0.50) - 2025/03/20 20:55:19 CET [2025/03/20 15:55:19 ET]
Table 'Baade' 6-max Seat #1 is the button
Seat 1: Win A Rolex ($33.29 in chips) 
Seat 2: Leandro2806 ($23.71 in chips) 
Seat 3: fabre4848 ($203.44 in chips) 
Seat 4: mudzin85 ($114.41 in chips) 
Seat 5: Mahu2021 ($46.48 in chips) 
Seat 6: arthurect10 ($50 in chips) 
Leandro2806: posts small blind $0.25
fabre4848: posts big blind $0.50
*** HOLE CARDS ***
Dealt to Mahu2021 [6s 5s]
mudzin85: folds 
Mahu2021: folds 
arthurect10: folds 
Win A Rolex: folds 
Leandro2806: folds 
Uncalled bet ($0.25) returned to fabre4848
fabre4848 collected $0.50 from pot
fabre4848: doesn't show hand 
*** SUMMARY ***
Total pot $0.50 | Rake $0 
Seat 1: Win A Rolex (button) folded before Flop (didn't bet)
Seat 2: Leandro2806 (small blind) folded before Flop
Seat 3: fabre4848 (big blind) collected ($0.50)
Seat 4: mudzin85 folded before Flop (didn't bet)
Seat 5: Mahu2021 folded before Flop (didn't bet)
Seat 6: arthurect10 folded before Flop (didn't bet)



PokerStars Zoom Hand #255374608898:  Hold'em No Limit ($0.25/$0.50) - 2025/03/20 20:55:35 CET [2025/03/20 15:55:35 ET]
Table 'Baade' 6-max Seat #1 is the button
Seat 1: RyanG725 ($60.05 in chips) 
Seat 2: Marconatus ($21.31 in chips) 
Seat 3: Mahu2021 ($46.48 in chips) 
Seat 4: Polse68 ($49.50 in chips) 
Seat 5: Daynagreeney ($65.06 in chips) 
Seat 6: BenCbal ($57.07 in chips) 
Marconatus: posts small blind $0.25
Mahu2021: posts big blind $0.50
*** HOLE CARDS ***
Dealt to Mahu2021 [Th 7h]
Polse68: folds 
Daynagreeney: folds 
BenCbal: raises $0.65 to $1.15
RyanG725: raises $2.60 to $3.75
Marconatus: folds 
Mahu2021: folds 
BenCbal: folds 
Uncalled bet ($2.60) returned to RyanG725
RyanG725 collected $3.05 from pot
RyanG725: doesn't show hand 
*** SUMMARY ***
Total pot $3.05 | Rake $0 
Seat 1: RyanG725 (button) collected ($3.05)
Seat 2: Marconatus (small blind) folded before Flop
Seat 3: Mahu2021 (big blind) folded before Flop
Seat 4: Polse68 folded before Flop (didn't bet)
Seat 5: Daynagreeney folded before Flop (didn't bet)
Seat 6: BenCbal folded before Flop



PokerStars Zoom Hand #255374610767:  Hold'em No Limit ($0.25/$0.50) - 2025/03/20 20:55:46 CET [2025/03/20 15:55:46 ET]
Table 'Baade' 6-max Seat #1 is the button
Seat 1: mattwut1 ($50 in chips) 
Seat 2: Mahu2021 ($45.98 in chips) 
Seat 3: Daynagreeney ($65.06 in chips) 
Seat 4: lucasmuzel ($44.54 in chips) 
Seat 5: bs2709 ($138.57 in chips) 
Seat 6: Boueri ($54.91 in chips) 
Mahu2021: posts small blind $0.25
Daynagreeney: posts big blind $0.50
*** HOLE CARDS ***
Dealt to Mahu2021 [7c 2s]
lucasmuzel: folds 
bs2709: folds 
Boueri: folds 
mattwut1: folds 
Mahu2021: folds 
Uncalled bet ($0.25) returned to Daynagreeney
Daynagreeney collected $0.50 from pot
Daynagreeney: doesn't show hand 
*** SUMMARY ***
Total pot $0.50 | Rake $0 
Seat 1: mattwut1 (button) folded before Flop (didn't bet)
Seat 2: Mahu2021 (small blind) folded before Flop
Seat 3: Daynagreeney (big blind) collected ($0.50)
Seat 4: lucasmuzel folded before Flop (didn't bet)
Seat 5: bs2709 folded before Flop (didn't bet)
Seat 6: Boueri folded before Flop (didn't bet)



PokerStars Zoom Hand #255374607971:  Hold'em No Limit ($0.25/$0.50) - 2025/03/20 20:55:30 CET [2025/03/20 15:55:30 ET]
Table 'Baade' 6-max Seat #1 is the button
Seat 1: Loco Crazy07 ($50 in chips) 
Seat 2: MateusMouraa ($118.95 in chips) 
Seat 3: Kregar9 ($106.61 in chips) 
Seat 4: Polse68 ($49.50 in chips) 
Seat 5: Mahu2021 ($46.48 in chips) 
Seat 6: Y_19 ($52.18 in chips) 
MateusMouraa: posts small blind $0.25
Kregar9: posts big blind $0.50
*** HOLE CARDS ***
Dealt to Mahu2021 [Qc 5c]
Polse68: folds 
Mahu2021: folds 
Y_19: folds 
Loco Crazy07: raises $0.60 to $1.10
MateusMouraa: folds 
Kregar9: folds 
Uncalled bet ($0.60) returned to Loco Crazy07
Loco Crazy07 collected $1.25 from pot
Loco Crazy07: doesn't show hand 
*** SUMMARY ***
Total pot $1.25 | Rake $0 
Seat 1: Loco Crazy07 (button) collected ($1.25)
Seat 2: MateusMouraa (small blind) folded before Flop
Seat 3: Kregar9 (big blind) folded before Flop
Seat 4: Polse68 folded before Flop (didn't bet)
Seat 5: Mahu2021 folded before Flop (didn't bet)
Seat 6: Y_19 folded before Flop (didn't bet)



PokerStars Zoom Hand #255374607105:  Hold'em No Limit ($0.25/$0.50) - 2025/03/20 20:55:25 CET [2025/03/20 15:55:25 ET]
Table 'Baade' 6-max Seat #1 is the button
Seat 1: MateusMouraa ($118.95 in chips) 
Seat 2: tosa1976 ($20.49 in chips) 
Seat 3: RyanG725 ($179.89 in chips) 
Seat 4: Mahu2021 ($46.48 in chips) 
Seat 5: Kregar9 ($66.49 in chips) 
Seat 6: mudzin85 ($114.41 in chips) 
tosa1976: posts small blind $0.25
RyanG725: posts big blind $0.50
*** HOLE CARDS ***
Dealt to Mahu2021 [Qh 5d]
Mahu2021: folds 
Kregar9: raises $0.50 to $1
mudzin85: folds 
MateusMouraa: folds 
tosa1976: folds 
RyanG725: calls $0.50
*** FLOP *** [9s Tc 7s]
RyanG725: checks 
Kregar9: bets $0.64
RyanG725: calls $0.64
*** TURN *** [9s Tc 7s] [7c]
RyanG725: checks 
Kregar9: bets $2.51
RyanG725: raises $6.86 to $9.37
Kregar9: folds 
Uncalled bet ($6.86) returned to RyanG725
RyanG725 collected $8.12 from pot
RyanG725: doesn't show hand 
*** SUMMARY ***
Total pot $8.55 | Rake $0.43 
Board [9s Tc 7s 7c]
Seat 1: MateusMouraa (button) folded before Flop (didn't bet)
Seat 2: tosa1976 (small blind) folded before Flop
Seat 3: RyanG725 (big blind) collected ($8.12)
Seat 4: Mahu2021 folded before Flop (didn't bet)
Seat 5: Kregar9 folded on the Turn
Seat 6: mudzin85 folded before Flop (didn't bet)



PokerStars Zoom Hand #255374612127:  Hold'em No Limit ($0.25/$0.50) - 2025/03/20 20:55:54 CET [2025/03/20 15:55:54 ET]
Table 'Baade' 6-max Seat #1 is the button
Seat 1: lucasmuzel ($44.29 in chips) 
Seat 2: LexEv_2 ($80.52 in chips) 
Seat 3: MateusMouraa ($55.10 in chips) 
Seat 4: arman09090403 ($86.90 in chips) 
Seat 5: jeilsons ($101.63 in chips) 
Seat 6: Mahu2021 ($45.73 in chips) 
LexEv_2: posts small blind $0.25
MateusMouraa: posts big blind $0.50
*** HOLE CARDS ***
Dealt to Mahu2021 [8c 9c]
arman09090403: folds 
jeilsons: raises $0.50 to $1
Mahu2021: calls $1
lucasmuzel: folds 
LexEv_2: folds 
MateusMouraa: folds 
*** FLOP *** [6c 2s 3s]
jeilsons: checks 
Mahu2021: checks 
*** TURN *** [6c 2s 3s] [Ad]
jeilsons: checks 
Mahu2021: checks 
*** RIVER *** [6c 2s 3s Ad] [5d]
jeilsons: checks 
Mahu2021: checks 
*** SHOW DOWN ***
jeilsons: shows [Kc Kd] (a pair of Kings)
Mahu2021: mucks hand 
jeilsons collected $2.61 from pot
*** SUMMARY ***
Total pot $2.75 | Rake $0.14 
Board [6c 2s 3s Ad 5d]
Seat 1: lucasmuzel (button) folded before Flop (didn't bet)
Seat 2: LexEv_2 (small blind) folded before Flop
Seat 3: MateusMouraa (big blind) folded before Flop
Seat 4: arman09090403 folded before Flop (didn't bet)
Seat 5: jeilsons showed [Kc Kd] and won ($2.61) with a pair of Kings
Seat 6: Mahu2021 mucked [8c 9c]



PokerStars Zoom Hand #255374617499:  Hold'em No Limit ($0.25/$0.50) - 2025/03/20 20:56:25 CET [2025/03/20 15:56:25 ET]
Table 'Baade' 6-max Seat #1 is the button
Seat 1: Marniac ($62.41 in chips) 
Seat 2: Mahu2021 ($44.73 in chips) 
Seat 3: ivanova1313 ($50 in chips) 
Seat 4: jeilsons ($103.24 in chips) 
Seat 5: Shtipalapa ($50.75 in chips) 
Seat 6: madplayermd ($50.85 in chips) 
Mahu2021: posts small blind $0.25
ivanova1313: posts big blind $0.50
*** HOLE CARDS ***
Dealt to Mahu2021 [6c 4h]
jeilsons: folds 
Shtipalapa: folds 
madplayermd: folds 
Marniac: folds 
Mahu2021: folds 
Uncalled bet ($0.25) returned to ivanova1313
ivanova1313 collected $0.50 from pot
ivanova1313: doesn't show hand 
*** SUMMARY ***
Total pot $0.50 | Rake $0 
Seat 1: Marniac (button) folded before Flop (didn't bet)
Seat 2: Mahu2021 (small blind) folded before Flop
Seat 3: ivanova1313 (big blind) collected ($0.50)
Seat 4: jeilsons folded before Flop (didn't bet)
Seat 5: Shtipalapa folded before Flop (didn't bet)
Seat 6: madplayermd folded before Flop (didn't bet)



PokerStars Zoom Hand #255374611460:  Hold'em No Limit ($0.25/$0.50) - 2025/03/20 20:55:50 CET [2025/03/20 15:55:50 ET]
Table 'Baade' 6-max Seat #1 is the button
Seat 1: Mahu2021 ($45.73 in chips) 
Seat 2: lucasmuzel ($44.54 in chips) 
Seat 3: BenCbal ($55.92 in chips) 
Seat 4: ivanova1313 ($55.11 in chips) 
Seat 5: Boueri ($54.91 in chips) 
Seat 6: M.gaus86 ($37.20 in chips) 
lucasmuzel: posts small blind $0.25
BenCbal: posts big blind $0.50
*** HOLE CARDS ***
Dealt to Mahu2021 [Kh 8s]
ivanova1313: folds 
Boueri: raises $0.50 to $1
M.gaus86: calls $1
Mahu2021: folds 
lucasmuzel: folds 
BenCbal: calls $0.50
*** FLOP *** [9d 3d 5h]
BenCbal: checks 
M.gaus86 is disconnected 
Boueri: checks 
M.gaus86: checks 
*** TURN *** [9d 3d 5h] [Kc]
BenCbal: checks 
Boueri: bets $1.67
M.gaus86: calls $1.67
BenCbal: folds 
*** RIVER *** [9d 3d 5h Kc] [7c]
Boueri: checks 
M.gaus86: checks 
*** SHOW DOWN ***
Boueri: shows [8h 7h] (a pair of Sevens)
M.gaus86: shows [Kd 6d] (a pair of Kings)
M.gaus86 collected $6.26 from pot
*** SUMMARY ***
Total pot $6.59 | Rake $0.33 
Board [9d 3d 5h Kc 7c]
Seat 1: Mahu2021 (button) folded before Flop (didn't bet)
Seat 2: lucasmuzel (small blind) folded before Flop
Seat 3: BenCbal (big blind) folded on the Turn
Seat 4: ivanova1313 folded before Flop (didn't bet)
Seat 5: Boueri showed [8h 7h] and lost with a pair of Sevens
Seat 6: M.gaus86 showed [Kd 6d] and won ($6.26) with a pair of Kings



PokerStars Zoom Hand #255374618217:  Hold'em No Limit ($0.25/$0.50) - 2025/03/20 20:56:30 CET [2025/03/20 15:56:30 ET]
Table 'Baade' 6-max Seat #1 is the button
Seat 1: Win A Rolex ($32.54 in chips) 
Seat 2: whyowhy123 ($51.98 in chips) 
Seat 3: Mahu2021 ($44.48 in chips) 
Seat 4: callmebeautiful ($12.54 in chips) 
Seat 5: mattwut1 ($50 in chips) 
Seat 6: LexEv_2 ($79.77 in chips) 
whyowhy123: posts small blind $0.25
Mahu2021: posts big blind $0.50
*** HOLE CARDS ***
Dealt to Mahu2021 [Ts Kh]
callmebeautiful: folds 
mattwut1: raises $0.75 to $1.25
LexEv_2: folds 
Win A Rolex: folds 
whyowhy123: folds 
Mahu2021: calls $0.75
*** FLOP *** [As 2d Ks]
Mahu2021: bets $2.50
mattwut1: calls $2.50
*** TURN *** [As 2d Ks] [Kd]
Mahu2021: bets $7.36
mattwut1: calls $7.36
*** RIVER *** [As 2d Ks Kd] [9s]
Mahu2021: bets $33.37 and is all-in
mattwut1: folds 
Uncalled bet ($33.37) returned to Mahu2021
Mahu2021 collected $21.35 from pot
Mahu2021: doesn't show hand 
*** SUMMARY ***
Total pot $22.47 | Rake $1.12 
Board [As 2d Ks Kd 9s]
Seat 1: Win A Rolex (button) folded before Flop (didn't bet)
Seat 2: whyowhy123 (small blind) folded before Flop
Seat 3: Mahu2021 (big blind) collected ($21.35)
Seat 4: callmebeautiful folded before Flop (didn't bet)
Seat 5: mattwut1 folded on the River
Seat 6: LexEv_2 folded before Flop (didn't bet)



