PokerStars Zoom Hand #255677279291:  Hold'em No Limit ($0.05/$0.10) - 2025/04/10 21:06:59 CET [2025/04/10 15:06:59 ET]
Table 'Aludra' 6-max Seat #1 is the button
Seat 1: lionsaolin ($5.99 in chips) 
Seat 2: opexoB84 ($10 in chips) 
Seat 3: Mahu2021 ($10 in chips) 
Seat 4: therebornphenix ($10 in chips) 
Seat 5: hugoreisssss ($10.68 in chips) 
Seat 6: luchoprat ($11.86 in chips) 
opexoB84: posts small blind $0.05
Mahu2021: posts big blind $0.10
*** HOLE CARDS ***
Dealt to Mahu2021 [5d 6c]
therebornphenix: raises $0.15 to $0.25
hugoreisssss: raises $0.45 to $0.70
luchoprat: folds 
lionsaolin: calls $0.70
opexoB84: folds 
Mahu2021: folds 
therebornphenix: calls $0.45
*** FLOP *** [7h 4c 7d]
therebornphenix: checks 
hugoreisssss: checks 
lionsaolin: bets $1.08
therebornphenix: folds 
hugoreisssss: folds 
Uncalled bet ($1.08) returned to lionsaolin
lionsaolin collected $2.15 from pot
lionsaolin: doesn't show hand 
*** SUMMARY ***
Total pot $2.25 | Rake $0.10 
Board [7h 4c 7d]
Seat 1: lionsaolin (button) collected ($2.15)
Seat 2: opexoB84 (small blind) folded before Flop
Seat 3: Mahu2021 (big blind) folded before Flop
Seat 4: therebornphenix folded on the Flop
Seat 5: hugoreisssss folded on the Flop
Seat 6: luchoprat folded before Flop (didn't bet)



PokerStars Zoom Hand #255677286965:  Hold'em No Limit ($0.05/$0.10) - 2025/04/10 21:07:28 CET [2025/04/10 15:07:28 ET]
Table 'Aludra' 6-max Seat #1 is the button
Seat 1: Mahu2021 ($9.85 in chips) 
Seat 2: Yogui_jos ($17.24 in chips) 
Seat 3: FECM27 ($17.32 in chips) 
Seat 4: wise_ass21 ($9.93 in chips) 
Seat 5: mbjer ($5.95 in chips) 
Seat 6: titeuf3012 ($5.09 in chips) 
Yogui_jos: posts small blind $0.05
FECM27: posts big blind $0.10
*** HOLE CARDS ***
Dealt to Mahu2021 [Qd Ad]
wise_ass21: folds 
mbjer: folds 
titeuf3012: folds 
Mahu2021: raises $0.20 to $0.30
Yogui_jos: folds 
FECM27: calls $0.20
*** FLOP *** [Ts Qh 8s]
FECM27: checks 
Mahu2021: bets $0.62
FECM27: folds 
Uncalled bet ($0.62) returned to Mahu2021
Mahu2021 collected $0.62 from pot
Mahu2021: doesn't show hand 
*** SUMMARY ***
Total pot $0.65 | Rake $0.03 
Board [Ts Qh 8s]
Seat 1: Mahu2021 (button) collected ($0.62)
Seat 2: Yogui_jos (small blind) folded before Flop
Seat 3: FECM27 (big blind) folded on the Flop
Seat 4: wise_ass21 folded before Flop (didn't bet)
Seat 5: mbjer folded before Flop (didn't bet)
Seat 6: titeuf3012 folded before Flop (didn't bet)



PokerStars Zoom Hand #255677285719:  Hold'em No Limit ($0.05/$0.10) - 2025/04/10 21:07:23 CET [2025/04/10 15:07:23 ET]
Table 'Aludra' 6-max Seat #1 is the button
Seat 1: Swiss_Delight ($10 in chips) 
Seat 2: Ger Cortes ($10.37 in chips) 
Seat 3: catastrevas ($11.03 in chips) 
Seat 4: marcio1979 ($10.57 in chips) 
Seat 5: ThiagoBPP ($12.91 in chips) 
Seat 6: Mahu2021 ($9.85 in chips) 
Ger Cortes: posts small blind $0.05
catastrevas: posts big blind $0.10
*** HOLE CARDS ***
Dealt to Mahu2021 [Qs 8d]
marcio1979: folds 
ThiagoBPP: raises $0.12 to $0.22
Mahu2021: folds 
Swiss_Delight: calls $0.22
Ger Cortes: folds 
catastrevas: folds 
*** FLOP *** [2s 5c Jh]
ThiagoBPP: checks 
Swiss_Delight: checks 
*** TURN *** [2s 5c Jh] [9h]
ThiagoBPP: bets $0.42
Swiss_Delight: folds 
Uncalled bet ($0.42) returned to ThiagoBPP
ThiagoBPP collected $0.56 from pot
ThiagoBPP: doesn't show hand 
*** SUMMARY ***
Total pot $0.59 | Rake $0.03 
Board [2s 5c Jh 9h]
Seat 1: Swiss_Delight (button) folded on the Turn
Seat 2: Ger Cortes (small blind) folded before Flop
Seat 3: catastrevas (big blind) folded before Flop
Seat 4: marcio1979 folded before Flop (didn't bet)
Seat 5: ThiagoBPP collected ($0.56)
Seat 6: Mahu2021 folded before Flop (didn't bet)



PokerStars Zoom Hand #255677283043:  Hold'em No Limit ($0.05/$0.10) - 2025/04/10 21:07:13 CET [2025/04/10 15:07:13 ET]
Table 'Aludra' 6-max Seat #1 is the button
Seat 1: sesixa ($10.57 in chips) 
Seat 2: Mahu2021 ($9.90 in chips) 
Seat 3: caoluong1123 ($2.95 in chips) 
Seat 4: jksgoodgz ($34.38 in chips) 
Seat 5: luchoprat ($18.36 in chips) 
Seat 6: augtoth ($12.22 in chips) 
Mahu2021: posts small blind $0.05
caoluong1123: posts big blind $0.10
*** HOLE CARDS ***
Dealt to Mahu2021 [3h 7s]
jksgoodgz: folds 
luchoprat: raises $0.12 to $0.22
augtoth: folds 
sesixa: folds 
Mahu2021: folds 
caoluong1123: calls $0.12
*** FLOP *** [Ts Kc Js]
caoluong1123: bets $0.24
luchoprat: calls $0.24
*** TURN *** [Ts Kc Js] [Qc]
caoluong1123: checks 
luchoprat: checks 
*** RIVER *** [Ts Kc Js Qc] [7c]
caoluong1123: checks 
luchoprat: bets $0.70
caoluong1123: folds 
Uncalled bet ($0.70) returned to luchoprat
luchoprat collected $0.93 from pot
luchoprat: doesn't show hand 
*** SUMMARY ***
Total pot $0.97 | Rake $0.04 
Board [Ts Kc Js Qc 7c]
Seat 1: sesixa (button) folded before Flop (didn't bet)
Seat 2: Mahu2021 (small blind) folded before Flop
Seat 3: caoluong1123 (big blind) folded on the River
Seat 4: jksgoodgz folded before Flop (didn't bet)
Seat 5: luchoprat collected ($0.93)
Seat 6: augtoth folded before Flop (didn't bet)



PokerStars Zoom Hand #255677293849:  Hold'em No Limit ($0.05/$0.10) - 2025/04/10 21:07:54 CET [2025/04/10 15:07:54 ET]
Table 'Aludra' 6-max Seat #1 is the button
Seat 1: augtoth ($12.22 in chips) 
Seat 2: jksgoodgz ($10.43 in chips) 
Seat 3: opexoB84 ($13.10 in chips) 
Seat 4: putzkedudu ($22.95 in chips) 
Seat 5: Mahu2021 ($10.07 in chips) 
Seat 6: ThiagoBPP ($13.25 in chips) 
jksgoodgz: posts small blind $0.05
opexoB84: posts big blind $0.10
*** HOLE CARDS ***
Dealt to Mahu2021 [7s Jc]
putzkedudu: folds 
Mahu2021: folds 
ThiagoBPP: folds 
augtoth: folds 
jksgoodgz: folds 
Uncalled bet ($0.05) returned to opexoB84
opexoB84 collected $0.10 from pot
opexoB84: doesn't show hand 
*** SUMMARY ***
Total pot $0.10 | Rake $0 
Seat 1: augtoth (button) folded before Flop (didn't bet)
Seat 2: jksgoodgz (small blind) folded before Flop
Seat 3: opexoB84 (big blind) collected ($0.10)
Seat 4: putzkedudu folded before Flop (didn't bet)
Seat 5: Mahu2021 folded before Flop (didn't bet)
Seat 6: ThiagoBPP folded before Flop (didn't bet)



PokerStars Zoom Hand #255677284658:  Hold'em No Limit ($0.05/$0.10) - 2025/04/10 21:07:19 CET [2025/04/10 15:07:19 ET]
Table 'Aludra' 6-max Seat #1 is the button
Seat 1: Luffy V ($11.03 in chips) 
Seat 2: AdnamSouza ($5.10 in chips) 
Seat 3: polidoro26 ($10.13 in chips) 
Seat 4: PizzaSimo94 ($20.55 in chips) 
Seat 5: Mahu2021 ($9.85 in chips) 
Seat 6: titeuf3012 ($5.14 in chips) 
AdnamSouza: posts small blind $0.05
polidoro26: posts big blind $0.10
*** HOLE CARDS ***
Dealt to Mahu2021 [5d 4h]
PizzaSimo94: folds 
Mahu2021: folds 
titeuf3012: folds 
Luffy V: raises $0.15 to $0.25
AdnamSouza: folds 
polidoro26: calls $0.15
*** FLOP *** [8c 9s Ah]
polidoro26: checks 
Luffy V: bets $0.17
polidoro26: calls $0.17
*** TURN *** [8c 9s Ah] [Kd]
polidoro26: checks 
Luffy V: checks 
*** RIVER *** [8c 9s Ah Kd] [9d]
polidoro26: checks 
Luffy V: bets $1.28
polidoro26: calls $1.28
*** SHOW DOWN ***
Luffy V: shows [Qh 9h] (three of a kind, Nines)
polidoro26: mucks hand 
Luffy V collected $3.29 from pot
*** SUMMARY ***
Total pot $3.45 | Rake $0.16 
Board [8c 9s Ah Kd 9d]
Seat 1: Luffy V (button) showed [Qh 9h] and won ($3.29) with three of a kind, Nines
Seat 2: AdnamSouza (small blind) folded before Flop
Seat 3: polidoro26 (big blind) mucked [Ac 7d]
Seat 4: PizzaSimo94 folded before Flop (didn't bet)
Seat 5: Mahu2021 folded before Flop (didn't bet)
Seat 6: titeuf3012 folded before Flop (didn't bet)



PokerStars Zoom Hand #255677296343:  Hold'em No Limit ($0.05/$0.10) - 2025/04/10 21:08:03 CET [2025/04/10 15:08:03 ET]
Table 'Aludra' 6-max Seat #1 is the button
Seat 1: Mahu2021 ($10.02 in chips) 
Seat 2: Ayetolive87 ($5.34 in chips) 
Seat 3: marcio1979 ($11.76 in chips) 
Seat 4: caoluong1123 ($2.49 in chips) 
Seat 5: PupleCat ($6.69 in chips) 
Seat 6: Ger Cortes ($10.22 in chips) 
Ayetolive87: posts small blind $0.05
marcio1979: posts big blind $0.10
*** HOLE CARDS ***
Dealt to Mahu2021 [3c Kd]
caoluong1123: folds 
PupleCat: folds 
Ger Cortes: folds 
Mahu2021: folds 
Ayetolive87: folds 
Uncalled bet ($0.05) returned to marcio1979
marcio1979 collected $0.10 from pot
marcio1979: doesn't show hand 
*** SUMMARY ***
Total pot $0.10 | Rake $0 
Seat 1: Mahu2021 (button) folded before Flop (didn't bet)
Seat 2: Ayetolive87 (small blind) folded before Flop
Seat 3: marcio1979 (big blind) collected ($0.10)
Seat 4: caoluong1123 folded before Flop (didn't bet)
Seat 5: PupleCat folded before Flop (didn't bet)
Seat 6: Ger Cortes folded before Flop (didn't bet)



PokerStars Zoom Hand #255677295287:  Hold'em No Limit ($0.05/$0.10) - 2025/04/10 21:07:59 CET [2025/04/10 15:07:59 ET]
Table 'Aludra' 6-max Seat #1 is the button
Seat 1: putzkedudu ($10.46 in chips) 
Seat 2: Mahu2021 ($10.07 in chips) 
Seat 3: Blast4Sure ($10.45 in chips) 
Seat 4: Windows 21xp ($19.27 in chips) 
Seat 5: caoluong1123 ($2.49 in chips) 
Seat 6: pougia777 ($10.25 in chips) 
Mahu2021: posts small blind $0.05
Blast4Sure: posts big blind $0.10
*** HOLE CARDS ***
Dealt to Mahu2021 [Jc 2d]
Windows 21xp: folds 
caoluong1123: folds 
pougia777: folds 
putzkedudu: folds 
Mahu2021: folds 
Uncalled bet ($0.05) returned to Blast4Sure
Blast4Sure collected $0.10 from pot
Blast4Sure: doesn't show hand 
*** SUMMARY ***
Total pot $0.10 | Rake $0 
Seat 1: putzkedudu (button) folded before Flop (didn't bet)
Seat 2: Mahu2021 (small blind) folded before Flop
Seat 3: Blast4Sure (big blind) collected ($0.10)
Seat 4: Windows 21xp folded before Flop (didn't bet)
Seat 5: caoluong1123 folded before Flop (didn't bet)
Seat 6: pougia777 folded before Flop (didn't bet)



PokerStars Zoom Hand #255677291815:  Hold'em No Limit ($0.05/$0.10) - 2025/04/10 21:07:46 CET [2025/04/10 15:07:46 ET]
Table 'Aludra' 6-max Seat #1 is the button
Seat 1: MyTHaeBoka ($11.05 in chips) 
Seat 2: artem1k ($20.24 in chips) 
Seat 3: Mahu2021 ($10.17 in chips) 
Seat 4: denis4250 ($14.23 in chips) 
Seat 5: PizzaSimo94 ($29.63 in chips) 
Seat 6: schumi1231 ($6.43 in chips) 
artem1k: posts small blind $0.05
Mahu2021: posts big blind $0.10
*** HOLE CARDS ***
Dealt to Mahu2021 [8h 3h]
denis4250: folds 
PizzaSimo94: raises $0.15 to $0.25
schumi1231: folds 
MyTHaeBoka: raises $0.45 to $0.70
artem1k: folds 
Mahu2021: folds 
PizzaSimo94: calls $0.45
*** FLOP *** [9s Jc 6d]
PizzaSimo94: checks 
MyTHaeBoka: checks 
*** TURN *** [9s Jc 6d] [As]
PizzaSimo94: checks 
MyTHaeBoka: bets $0.80
PizzaSimo94: folds 
Uncalled bet ($0.80) returned to MyTHaeBoka
MyTHaeBoka collected $1.48 from pot
MyTHaeBoka: doesn't show hand 
*** SUMMARY ***
Total pot $1.55 | Rake $0.07 
Board [9s Jc 6d As]
Seat 1: MyTHaeBoka (button) collected ($1.48)
Seat 2: artem1k (small blind) folded before Flop
Seat 3: Mahu2021 (big blind) folded before Flop
Seat 4: denis4250 folded before Flop (didn't bet)
Seat 5: PizzaSimo94 folded on the Turn
Seat 6: schumi1231 folded before Flop (didn't bet)



PokerStars Zoom Hand #255677298400:  Hold'em No Limit ($0.05/$0.10) - 2025/04/10 21:08:11 CET [2025/04/10 15:08:11 ET]
Table 'Aludra' 6-max Seat #1 is the button
Seat 1: hugoreisssss ($10 in chips) 
Seat 2: Fasteddie35 ($10.38 in chips) 
Seat 3: petiszasz7 ($10.49 in chips) 
Seat 4: marcio1979 ($11.81 in chips) 
Seat 5: augtoth ($35.96 in chips) 
Seat 6: Mahu2021 ($10.02 in chips) 
Fasteddie35: posts small blind $0.05
petiszasz7: posts big blind $0.10
*** HOLE CARDS ***
Dealt to Mahu2021 [5c Qd]
marcio1979: folds 
augtoth: folds 
Mahu2021: folds 
hugoreisssss: folds 
Fasteddie35: folds 
Uncalled bet ($0.05) returned to petiszasz7
petiszasz7 collected $0.10 from pot
petiszasz7: doesn't show hand 
*** SUMMARY ***
Total pot $0.10 | Rake $0 
Seat 1: hugoreisssss (button) folded before Flop (didn't bet)
Seat 2: Fasteddie35 (small blind) folded before Flop
Seat 3: petiszasz7 (big blind) collected ($0.10)
Seat 4: marcio1979 folded before Flop (didn't bet)
Seat 5: augtoth folded before Flop (didn't bet)
Seat 6: Mahu2021 folded before Flop (didn't bet)



PokerStars Zoom Hand #255677301401:  Hold'em No Limit ($0.05/$0.10) - 2025/04/10 21:08:22 CET [2025/04/10 15:08:22 ET]
Table 'Aludra' 6-max Seat #1 is the button
Seat 1: Dourabeis ($16.49 in chips) 
Seat 2: augtoth ($12.22 in chips) 
Seat 3: Mahu2021 ($9.97 in chips) 
Seat 4: KingsLifeMatter ($10 in chips) 
Seat 5: catastrevas ($11.71 in chips) 
Seat 6: gena60 ($19.94 in chips) 
augtoth: posts small blind $0.05
Mahu2021: posts big blind $0.10
*** HOLE CARDS ***
Dealt to Mahu2021 [8h 5d]
KingsLifeMatter: folds 
catastrevas: folds 
gena60: folds 
Dourabeis: folds 
augtoth: folds 
Uncalled bet ($0.05) returned to Mahu2021
Mahu2021 collected $0.10 from pot
Mahu2021: doesn't show hand 
*** SUMMARY ***
Total pot $0.10 | Rake $0 
Seat 1: Dourabeis (button) folded before Flop (didn't bet)
Seat 2: augtoth (small blind) folded before Flop
Seat 3: Mahu2021 (big blind) collected ($0.10)
Seat 4: KingsLifeMatter folded before Flop (didn't bet)
Seat 5: catastrevas folded before Flop (didn't bet)
Seat 6: gena60 folded before Flop (didn't bet)



PokerStars Zoom Hand #255677300029:  Hold'em No Limit ($0.05/$0.10) - 2025/04/10 21:08:17 CET [2025/04/10 15:08:17 ET]
Table 'Aludra' 6-max Seat #1 is the button
Seat 1: Cmag01 ($16.21 in chips) 
Seat 2: opexoB84 ($10.15 in chips) 
Seat 3: artem1k ($10 in chips) 
Seat 4: Mahu2021 ($9.97 in chips) 
Seat 5: wise_ass21 ($9.78 in chips) 
Seat 6: marcio1979 ($11.81 in chips) 
opexoB84: posts small blind $0.05
artem1k: posts big blind $0.10
*** HOLE CARDS ***
Dealt to Mahu2021 [6c 4s]
Mahu2021: folds 
wise_ass21: folds 
marcio1979: raises $0.12 to $0.22
Cmag01: folds 
opexoB84: folds 
artem1k: folds 
Uncalled bet ($0.12) returned to marcio1979
marcio1979 collected $0.25 from pot
marcio1979: doesn't show hand 
*** SUMMARY ***
Total pot $0.25 | Rake $0 
Seat 1: Cmag01 (button) folded before Flop (didn't bet)
Seat 2: opexoB84 (small blind) folded before Flop
Seat 3: artem1k (big blind) folded before Flop
Seat 4: Mahu2021 folded before Flop (didn't bet)
Seat 5: wise_ass21 folded before Flop (didn't bet)
Seat 6: marcio1979 collected ($0.25)



PokerStars Zoom Hand #255677299139:  Hold'em No Limit ($0.05/$0.10) - 2025/04/10 21:08:14 CET [2025/04/10 15:08:14 ET]
Table 'Aludra' 6-max Seat #1 is the button
Seat 1: Ayetolive87 ($14.03 in chips) 
Seat 2: Mahu2021 ($10.02 in chips) 
Seat 3: lionsaolin ($7.14 in chips) 
Seat 4: Dourabeis ($16.49 in chips) 
Seat 5: israelff85 ($14.94 in chips) 
Seat 6: Cmag01 ($16.21 in chips) 
Mahu2021: posts small blind $0.05
lionsaolin: posts big blind $0.10
*** HOLE CARDS ***
Dealt to Mahu2021 [Qc 2d]
Dourabeis: folds 
israelff85: raises $0.10 to $0.20
Cmag01: folds 
Ayetolive87: calls $0.20
Mahu2021: folds 
lionsaolin: calls $0.10
*** FLOP *** [6d 9h Ac]
lionsaolin: checks 
israelff85: bets $0.31
Ayetolive87: folds 
lionsaolin: folds 
Uncalled bet ($0.31) returned to israelff85
israelff85 collected $0.62 from pot
israelff85: doesn't show hand 
*** SUMMARY ***
Total pot $0.65 | Rake $0.03 
Board [6d 9h Ac]
Seat 1: Ayetolive87 (button) folded on the Flop
Seat 2: Mahu2021 (small blind) folded before Flop
Seat 3: lionsaolin (big blind) folded on the Flop
Seat 4: Dourabeis folded before Flop (didn't bet)
Seat 5: israelff85 collected ($0.62)
Seat 6: Cmag01 folded before Flop (didn't bet)



PokerStars Zoom Hand #255677304940:  Hold'em No Limit ($0.05/$0.10) - 2025/04/10 21:08:35 CET [2025/04/10 15:08:35 ET]
Table 'Aludra' 6-max Seat #1 is the button
Seat 1: Mahu2021 ($10.02 in chips) 
Seat 2: victorlcss ($12.30 in chips) 
Seat 3: callmebeautiful ($7.78 in chips) 
Seat 4: thorindorf ($1.80 in chips) 
Seat 5: polidoro26 ($8.43 in chips) 
Seat 6: eriktnt ($10.05 in chips) 
victorlcss: posts small blind $0.05
callmebeautiful: posts big blind $0.10
*** HOLE CARDS ***
Dealt to Mahu2021 [3s Kc]
thorindorf: folds 
polidoro26: folds 
eriktnt: folds 
Mahu2021: folds 
victorlcss: folds 
Uncalled bet ($0.05) returned to callmebeautiful
callmebeautiful collected $0.10 from pot
callmebeautiful: doesn't show hand 
*** SUMMARY ***
Total pot $0.10 | Rake $0 
Seat 1: Mahu2021 (button) folded before Flop (didn't bet)
Seat 2: victorlcss (small blind) folded before Flop
Seat 3: callmebeautiful (big blind) collected ($0.10)
Seat 4: thorindorf folded before Flop (didn't bet)
Seat 5: polidoro26 folded before Flop (didn't bet)
Seat 6: eriktnt folded before Flop (didn't bet)



PokerStars Zoom Hand #255677297332:  Hold'em No Limit ($0.05/$0.10) - 2025/04/10 21:08:07 CET [2025/04/10 15:08:07 ET]
Table 'Aludra' 6-max Seat #1 is the button
Seat 1: israelff85 ($14.94 in chips) 
Seat 2: gyusco33 ($13.41 in chips) 
Seat 3: PROSTOZIDAR ($5 in chips) 
Seat 4: schumi1231 ($6.38 in chips) 
Seat 5: Mahu2021 ($10.02 in chips) 
Seat 6: augtoth ($12.22 in chips) 
gyusco33: posts small blind $0.05
PROSTOZIDAR: posts big blind $0.10
*** HOLE CARDS ***
Dealt to Mahu2021 [Js 6s]
schumi1231: calls $0.10
Mahu2021: folds 
augtoth: folds 
israelff85: folds 
gyusco33: calls $0.05
PROSTOZIDAR: checks 
*** FLOP *** [2c As 2h]
gyusco33: checks 
PROSTOZIDAR: checks 
schumi1231: checks 
*** TURN *** [2c As 2h] [4c]
gyusco33: checks 
PROSTOZIDAR: bets $0.10
schumi1231: calls $0.10
gyusco33: calls $0.10
*** RIVER *** [2c As 2h 4c] [7d]
gyusco33: checks 
PROSTOZIDAR: bets $0.57
schumi1231: folds 
gyusco33: folds 
Uncalled bet ($0.57) returned to PROSTOZIDAR
PROSTOZIDAR collected $0.57 from pot
PROSTOZIDAR: doesn't show hand 
*** SUMMARY ***
Total pot $0.60 | Rake $0.03 
Board [2c As 2h 4c 7d]
Seat 1: israelff85 (button) folded before Flop (didn't bet)
Seat 2: gyusco33 (small blind) folded on the River
Seat 3: PROSTOZIDAR (big blind) collected ($0.57)
Seat 4: schumi1231 folded on the River
Seat 5: Mahu2021 folded before Flop (didn't bet)
Seat 6: augtoth folded before Flop (didn't bet)



PokerStars Zoom Hand #255677308580:  Hold'em No Limit ($0.05/$0.10) - 2025/04/10 21:08:49 CET [2025/04/10 15:08:49 ET]
Table 'Aludra' 6-max Seat #1 is the button
Seat 1: eriktnt ($10 in chips) 
Seat 2: Dourabeis ($16.39 in chips) 
Seat 3: giu33518 ($11.34 in chips) 
Seat 4: ALEKC6 ($10.70 in chips) 
Seat 5: antimol75 ($12.40 in chips) 
Seat 6: Mahu2021 ($10.02 in chips) 
Dourabeis: posts small blind $0.05
giu33518: posts big blind $0.10
*** HOLE CARDS ***
Dealt to Mahu2021 [7s 8d]
ALEKC6: folds 
antimol75: raises $0.15 to $0.25
Mahu2021: folds 
eriktnt: folds 
Dourabeis: folds 
giu33518: calls $0.15
*** FLOP *** [5d 2c 7h]
giu33518: checks 
antimol75: bets $0.27
giu33518: calls $0.27
*** TURN *** [5d 2c 7h] [Qd]
giu33518: checks 
antimol75: checks 
*** RIVER *** [5d 2c 7h Qd] [Ts]
giu33518: checks 
antimol75: checks 
*** SHOW DOWN ***
giu33518: shows [3d 6d] (high card Queen)
antimol75: shows [9c 8c] (high card Queen - Ten+Nine kicker)
antimol75 collected $1.04 from pot
*** SUMMARY ***
Total pot $1.09 | Rake $0.05 
Board [5d 2c 7h Qd Ts]
Seat 1: eriktnt (button) folded before Flop (didn't bet)
Seat 2: Dourabeis (small blind) folded before Flop
Seat 3: giu33518 (big blind) showed [3d 6d] and lost with high card Queen
Seat 4: ALEKC6 folded before Flop (didn't bet)
Seat 5: antimol75 showed [9c 8c] and won ($1.04) with high card Queen
Seat 6: Mahu2021 folded before Flop (didn't bet)



PokerStars Zoom Hand #255677314880:  Hold'em No Limit ($0.05/$0.10) - 2025/04/10 21:09:12 CET [2025/04/10 15:09:12 ET]
Table 'Aludra' 6-max Seat #1 is the button
Seat 1: jksgoodgz ($21.21 in chips) 
Seat 2: Mahu2021 ($9.92 in chips) 
Seat 3: Cyborg_0113 ($10.15 in chips) 
Seat 4: marcio1979 ($11.55 in chips) 
Seat 5: luchoprat ($18.61 in chips) 
Seat 6: gyusco33 ($12.79 in chips) 
Mahu2021: posts small blind $0.05
Cyborg_0113: posts big blind $0.10
*** HOLE CARDS ***
Dealt to Mahu2021 [Tc 7s]
marcio1979: folds 
luchoprat: folds 
gyusco33: folds 
jksgoodgz: raises $0.15 to $0.25
Mahu2021: folds 
Cyborg_0113: folds 
Uncalled bet ($0.15) returned to jksgoodgz
jksgoodgz collected $0.25 from pot
jksgoodgz: doesn't show hand 
*** SUMMARY ***
Total pot $0.25 | Rake $0 
Seat 1: jksgoodgz (button) collected ($0.25)
Seat 2: Mahu2021 (small blind) folded before Flop
Seat 3: Cyborg_0113 (big blind) folded before Flop
Seat 4: marcio1979 folded before Flop (didn't bet)
Seat 5: luchoprat folded before Flop (didn't bet)
Seat 6: gyusco33 folded before Flop (didn't bet)



PokerStars Zoom Hand #255677309332:  Hold'em No Limit ($0.05/$0.10) - 2025/04/10 21:08:52 CET [2025/04/10 15:08:52 ET]
Table 'Aludra' 6-max Seat #1 is the button
Seat 1: sesixa ($10.98 in chips) 
Seat 2: ThiagoBPP ($10 in chips) 
Seat 3: Mahu2021 ($10.02 in chips) 
Seat 4: ALEKC6 ($10.70 in chips) 
Seat 5: Blake889 ($17.04 in chips) 
Seat 6: Mileons7 ($10.12 in chips) 
ThiagoBPP: posts small blind $0.05
Mahu2021: posts big blind $0.10
*** HOLE CARDS ***
Dealt to Mahu2021 [4h 6d]
ALEKC6: folds 
Blake889: folds 
Mileons7: raises $0.13 to $0.23
sesixa: calls $0.23
ThiagoBPP: folds 
Mahu2021: folds 
*** FLOP *** [8h 6s Js]
Mileons7: bets $0.29
sesixa: calls $0.29
*** TURN *** [8h 6s Js] [2h]
Mileons7: checks 
sesixa: checks 
*** RIVER *** [8h 6s Js 2h] [Ks]
Mileons7: checks 
sesixa: checks 
*** SHOW DOWN ***
Mileons7: shows [Ac As] (a pair of Aces)
sesixa: mucks hand 
Mileons7 collected $1.14 from pot
*** SUMMARY ***
Total pot $1.19 | Rake $0.05 
Board [8h 6s Js 2h Ks]
Seat 1: sesixa (button) mucked [Kc 9d]
Seat 2: ThiagoBPP (small blind) folded before Flop
Seat 3: Mahu2021 (big blind) folded before Flop
Seat 4: ALEKC6 folded before Flop (didn't bet)
Seat 5: Blake889 folded before Flop (didn't bet)
Seat 6: Mileons7 showed [Ac As] and won ($1.14) with a pair of Aces



PokerStars Zoom Hand #255677314011:  Hold'em No Limit ($0.05/$0.10) - 2025/04/10 21:09:09 CET [2025/04/10 15:09:09 ET]
Table 'Aludra' 6-max Seat #1 is the button
Seat 1: ThiagoBPP ($10 in chips) 
Seat 2: schumi1231 ($6.08 in chips) 
Seat 3: SharizWoW ($8.77 in chips) 
Seat 4: midav77713 ($4.49 in chips) 
Seat 5: Mahu2021 ($9.92 in chips) 
Seat 6: Swiss_Delight ($10 in chips) 
schumi1231: posts small blind $0.05
SharizWoW: posts big blind $0.10
*** HOLE CARDS ***
Dealt to Mahu2021 [7d 3h]
midav77713: folds 
Mahu2021: folds 
Swiss_Delight: raises $0.12 to $0.22
ThiagoBPP: folds 
schumi1231: calls $0.17
SharizWoW: folds 
*** FLOP *** [Tc Ts 7h]
schumi1231: checks 
Swiss_Delight: checks 
*** TURN *** [Tc Ts 7h] [Ac]
schumi1231: checks 
Swiss_Delight: checks 
*** RIVER *** [Tc Ts 7h Ac] [2s]
schumi1231: bets $0.30
Swiss_Delight: calls $0.30
*** SHOW DOWN ***
schumi1231: shows [Jc Qh] (a pair of Tens)
Swiss_Delight: shows [As Jd] (two pair, Aces and Tens)
Swiss_Delight collected $1.09 from pot
*** SUMMARY ***
Total pot $1.14 | Rake $0.05 
Board [Tc Ts 7h Ac 2s]
Seat 1: ThiagoBPP (button) folded before Flop (didn't bet)
Seat 2: schumi1231 (small blind) showed [Jc Qh] and lost with a pair of Tens
Seat 3: SharizWoW (big blind) folded before Flop
Seat 4: midav77713 folded before Flop (didn't bet)
Seat 5: Mahu2021 folded before Flop (didn't bet)
Seat 6: Swiss_Delight showed [As Jd] and won ($1.09) with two pair, Aces and Tens



PokerStars Zoom Hand #255677317015:  Hold'em No Limit ($0.05/$0.10) - 2025/04/10 21:09:20 CET [2025/04/10 15:09:20 ET]
Table 'Aludra' 6-max Seat #1 is the button
Seat 1: KingsLifeMatter ($9.70 in chips) 
Seat 2: Bobbymcgee99 ($37.76 in chips) 
Seat 3: dreamcome12 ($11.12 in chips) 
Seat 4: Mahu2021 ($9.87 in chips) 
Seat 5: putzkedudu ($10.31 in chips) 
Seat 6: Blast4Sure ($10.84 in chips) 
Bobbymcgee99: posts small blind $0.05
dreamcome12: posts big blind $0.10
*** HOLE CARDS ***
Dealt to Mahu2021 [Qd Jh]
Mahu2021: raises $0.17 to $0.27
putzkedudu: folds 
Blast4Sure: folds 
KingsLifeMatter: folds 
Bobbymcgee99: folds 
dreamcome12: calls $0.17
*** FLOP *** [3h 3c 5c]
dreamcome12: checks 
Mahu2021: checks 
*** TURN *** [3h 3c 5c] [6c]
dreamcome12: bets $0.42
Mahu2021: folds 
Uncalled bet ($0.42) returned to dreamcome12
dreamcome12 collected $0.56 from pot
dreamcome12: doesn't show hand 
*** SUMMARY ***
Total pot $0.59 | Rake $0.03 
Board [3h 3c 5c 6c]
Seat 1: KingsLifeMatter (button) folded before Flop (didn't bet)
Seat 2: Bobbymcgee99 (small blind) folded before Flop
Seat 3: dreamcome12 (big blind) collected ($0.56)
Seat 4: Mahu2021 folded on the Turn
Seat 5: putzkedudu folded before Flop (didn't bet)
Seat 6: Blast4Sure folded before Flop (didn't bet)



PokerStars Zoom Hand #255677325280:  Hold'em No Limit ($0.05/$0.10) - 2025/04/10 21:09:51 CET [2025/04/10 15:09:51 ET]
Table 'Aludra' 6-max Seat #1 is the button
Seat 1: Mahu2021 ($9.60 in chips) 
Seat 2: eriktnt ($10 in chips) 
Seat 3: Tommg49 ($19.95 in chips) 
Seat 4: Windows 21xp ($20.09 in chips) 
Seat 5: SharizWoW ($8.62 in chips) 
Seat 6: Swiss_Delight ($10 in chips) 
eriktnt: posts small blind $0.05
Tommg49: posts big blind $0.10
*** HOLE CARDS ***
Dealt to Mahu2021 [4s Ts]
Windows 21xp: folds 
SharizWoW: folds 
Swiss_Delight: folds 
Mahu2021: folds 
eriktnt: folds 
Uncalled bet ($0.05) returned to Tommg49
Tommg49 collected $0.10 from pot
Tommg49: doesn't show hand 
*** SUMMARY ***
Total pot $0.10 | Rake $0 
Seat 1: Mahu2021 (button) folded before Flop (didn't bet)
Seat 2: eriktnt (small blind) folded before Flop
Seat 3: Tommg49 (big blind) collected ($0.10)
Seat 4: Windows 21xp folded before Flop (didn't bet)
Seat 5: SharizWoW folded before Flop (didn't bet)
Seat 6: Swiss_Delight folded before Flop (didn't bet)



PokerStars Zoom Hand #255677327474:  Hold'em No Limit ($0.05/$0.10) - 2025/04/10 21:09:59 CET [2025/04/10 15:09:59 ET]
Table 'Aludra' 6-max Seat #1 is the button
Seat 1: fanta_pineapple ($11.83 in chips) 
Seat 2: opexoB84 ($11.74 in chips) 
Seat 3: Mahu2021 ($9.60 in chips) 
Seat 4: victorlcss ($12.70 in chips) 
Seat 5: marcio1979 ($11.66 in chips) 
Seat 6: dghTT318GGbdta ($9.56 in chips) 
opexoB84: posts small blind $0.05
Mahu2021: posts big blind $0.10
*** HOLE CARDS ***
Dealt to Mahu2021 [3h 8c]
victorlcss: folds 
marcio1979: folds 
dghTT318GGbdta: folds 
fanta_pineapple: folds 
opexoB84: raises $0.20 to $0.30
Mahu2021: folds 
Uncalled bet ($0.20) returned to opexoB84
opexoB84 collected $0.20 from pot
opexoB84: doesn't show hand 
*** SUMMARY ***
Total pot $0.20 | Rake $0 
Seat 1: fanta_pineapple (button) folded before Flop (didn't bet)
Seat 2: opexoB84 (small blind) collected ($0.20)
Seat 3: Mahu2021 (big blind) folded before Flop
Seat 4: victorlcss folded before Flop (didn't bet)
Seat 5: marcio1979 folded before Flop (didn't bet)
Seat 6: dghTT318GGbdta folded before Flop (didn't bet)



PokerStars Zoom Hand #255677326378:  Hold'em No Limit ($0.05/$0.10) - 2025/04/10 21:09:55 CET [2025/04/10 15:09:55 ET]
Table 'Aludra' 6-max Seat #1 is the button
Seat 1: Rhymer82 ($12.99 in chips) 
Seat 2: luchoprat ($12.41 in chips) 
Seat 3: GorillBror ($20.49 in chips) 
Seat 4: eriktnt ($10 in chips) 
Seat 5: jksgoodgz ($34.84 in chips) 
Seat 6: Mahu2021 ($9.60 in chips) 
luchoprat: posts small blind $0.05
GorillBror: posts big blind $0.10
*** HOLE CARDS ***
Dealt to Mahu2021 [7c Ad]
eriktnt: folds 
jksgoodgz: raises $0.10 to $0.20
Mahu2021: folds 
Rhymer82: folds 
luchoprat: folds 
GorillBror: folds 
Uncalled bet ($0.10) returned to jksgoodgz
jksgoodgz collected $0.25 from pot
jksgoodgz: doesn't show hand 
*** SUMMARY ***
Total pot $0.25 | Rake $0 
Seat 1: Rhymer82 (button) folded before Flop (didn't bet)
Seat 2: luchoprat (small blind) folded before Flop
Seat 3: GorillBror (big blind) folded before Flop
Seat 4: eriktnt folded before Flop (didn't bet)
Seat 5: jksgoodgz collected ($0.25)
Seat 6: Mahu2021 folded before Flop (didn't bet)



PokerStars Zoom Hand #255677315921:  Hold'em No Limit ($0.05/$0.10) - 2025/04/10 21:09:16 CET [2025/04/10 15:09:16 ET]
Table 'Aludra' 6-max Seat #1 is the button
Seat 1: alan0722 ($10 in chips) 
Seat 2: Leocastiga ($19.09 in chips) 
Seat 3: Plamennn ($46 in chips) 
Seat 4: Mahu2021 ($9.87 in chips) 
Seat 5: opexoB84 ($13 in chips) 
Seat 6: dreamcome12 ($36.61 in chips) 
Leocastiga: posts small blind $0.05
Plamennn: posts big blind $0.10
*** HOLE CARDS ***
Dealt to Mahu2021 [8c 3c]
Mahu2021: folds 
opexoB84: folds 
dreamcome12: folds 
alan0722: raises $0.15 to $0.25
Leocastiga: calls $0.20
Plamennn: calls $0.15
*** FLOP *** [9c Ad 3d]
Leocastiga: checks 
Plamennn: checks 
alan0722: checks 
*** TURN *** [9c Ad 3d] [8s]
Leocastiga: checks 
Plamennn: checks 
alan0722: checks 
*** RIVER *** [9c Ad 3d 8s] [Tc]
Leocastiga: bets $0.72
Plamennn: folds 
alan0722: folds 
Uncalled bet ($0.72) returned to Leocastiga
Leocastiga collected $0.72 from pot
Leocastiga: doesn't show hand 
*** SUMMARY ***
Total pot $0.75 | Rake $0.03 
Board [9c Ad 3d 8s Tc]
Seat 1: alan0722 (button) folded on the River
Seat 2: Leocastiga (small blind) collected ($0.72)
Seat 3: Plamennn (big blind) folded on the River
Seat 4: Mahu2021 folded before Flop (didn't bet)
Seat 5: opexoB84 folded before Flop (didn't bet)
Seat 6: dreamcome12 folded before Flop (didn't bet)



PokerStars Zoom Hand #255677330404:  Hold'em No Limit ($0.05/$0.10) - 2025/04/10 21:10:10 CET [2025/04/10 15:10:10 ET]
Table 'Aludra' 6-max Seat #1 is the button
Seat 1: luchoprat ($10.83 in chips) 
Seat 2: dghTT318GGbdta ($9.56 in chips) 
Seat 3: jSorc ($10.33 in chips) 
Seat 4: Swiss_Delight ($11.47 in chips) 
Seat 5: Mahu2021 ($9.50 in chips) 
Seat 6: sesixa ($10.41 in chips) 
dghTT318GGbdta: posts small blind $0.05
jSorc: posts big blind $0.10
*** HOLE CARDS ***
Dealt to Mahu2021 [5h 6h]
Swiss_Delight: folds 
Mahu2021: raises $0.10 to $0.20
sesixa: folds 
luchoprat: folds 
dghTT318GGbdta: raises $0.10 to $0.30
jSorc: raises $0.80 to $1.10
Mahu2021: folds 
dghTT318GGbdta: raises $0.80 to $1.90
jSorc: raises $0.80 to $2.70
dghTT318GGbdta: raises $0.80 to $3.50
jSorc: calls $0.80
*** FLOP *** [3s 5d Jd]
dghTT318GGbdta: bets $3.44
jSorc: raises $3.39 to $6.83 and is all-in
dghTT318GGbdta: calls $2.62 and is all-in
Uncalled bet ($0.77) returned to jSorc
*** TURN *** [3s 5d Jd] [8s]
*** RIVER *** [3s 5d Jd 8s] [4d]
*** SHOW DOWN ***
dghTT318GGbdta: shows [Ac Ks] (high card Ace)
jSorc: shows [5c 5s] (three of a kind, Fives)
jSorc collected $18.45 from pot
*** SUMMARY ***
Total pot $19.32 | Rake $0.87 
Board [3s 5d Jd 8s 4d]
Seat 1: luchoprat (button) folded before Flop (didn't bet)
Seat 2: dghTT318GGbdta (small blind) showed [Ac Ks] and lost with high card Ace
Seat 3: jSorc (big blind) showed [5c 5s] and won ($18.45) with three of a kind, Fives
Seat 4: Swiss_Delight folded before Flop (didn't bet)
Seat 5: Mahu2021 folded before Flop
Seat 6: sesixa folded before Flop (didn't bet)



PokerStars Zoom Hand #255677334437:  Hold'em No Limit ($0.05/$0.10) - 2025/04/10 21:10:26 CET [2025/04/10 15:10:26 ET]
Table 'Aludra' 6-max Seat #1 is the button
Seat 1: Mahu2021 ($9.30 in chips) 
Seat 2: henrique1265 ($18.24 in chips) 
Seat 3: Cmag01 ($18.78 in chips) 
Seat 4: catastrevas ($10.36 in chips) 
Seat 5: Rhymer82 ($12.99 in chips) 
Seat 6: ALEKC6 ($13.30 in chips) 
henrique1265: posts small blind $0.05
Cmag01: posts big blind $0.10
*** HOLE CARDS ***
Dealt to Mahu2021 [5c 7c]
catastrevas: folds 
henrique1265 is disconnected 
Rhymer82: raises $0.10 to $0.20
ALEKC6: folds 
Mahu2021: calls $0.20
henrique1265 has timed out while disconnected
henrique1265: folds 
Cmag01: calls $0.10
*** FLOP *** [4c 4d 2c]
Cmag01: checks 
Rhymer82: bets $0.31
Mahu2021: calls $0.31
Cmag01: calls $0.31
*** TURN *** [4c 4d 2c] [9h]
Cmag01: checks 
Rhymer82: checks 
Mahu2021: checks 
*** RIVER *** [4c 4d 2c 9h] [6d]
Cmag01: bets $1.13
Rhymer82: folds 
Mahu2021: folds 
Uncalled bet ($1.13) returned to Cmag01
Cmag01 collected $1.51 from pot
Cmag01: doesn't show hand 
*** SUMMARY ***
Total pot $1.58 | Rake $0.07 
Board [4c 4d 2c 9h 6d]
Seat 1: Mahu2021 (button) folded on the River
Seat 2: henrique1265 (small blind) folded before Flop
Seat 3: Cmag01 (big blind) collected ($1.51)
Seat 4: catastrevas folded before Flop (didn't bet)
Seat 5: Rhymer82 folded on the River
Seat 6: ALEKC6 folded before Flop (didn't bet)



PokerStars Zoom Hand #255677354879:  Hold'em No Limit ($0.05/$0.10) - 2025/04/10 21:11:43 CET [2025/04/10 15:11:43 ET]
Table 'Aludra' 6-max Seat #1 is the button
Seat 1: eriktnt ($10.10 in chips) 
Seat 2: Mahu2021 ($8.79 in chips) 
Seat 3: stazio2008 ($16.65 in chips) 
Seat 4: Ayetolive87 ($4.83 in chips) 
Seat 5: Windows 21xp ($18.49 in chips) 
Seat 6: caoluong1123 ($2.63 in chips) 
Mahu2021: posts small blind $0.05
stazio2008: posts big blind $0.10
*** HOLE CARDS ***
Dealt to Mahu2021 [6h 6s]
Ayetolive87: folds 
Windows 21xp: folds 
caoluong1123: raises $0.10 to $0.20
eriktnt: folds 
Mahu2021: calls $0.15
stazio2008: calls $0.10
*** FLOP *** [Kd 4d 2c]
Mahu2021: bets $0.30
stazio2008: folds 
caoluong1123: calls $0.30
*** TURN *** [Kd 4d 2c] [2s]
Mahu2021: checks 
caoluong1123: bets $0.58
Mahu2021: raises $1.62 to $2.20
caoluong1123: folds 
Uncalled bet ($1.62) returned to Mahu2021
Mahu2021 collected $2.25 from pot
Mahu2021: doesn't show hand 
*** SUMMARY ***
Total pot $2.36 | Rake $0.11 
Board [Kd 4d 2c 2s]
Seat 1: eriktnt (button) folded before Flop (didn't bet)
Seat 2: Mahu2021 (small blind) collected ($2.25)
Seat 3: stazio2008 (big blind) folded on the Flop
Seat 4: Ayetolive87 folded before Flop (didn't bet)
Seat 5: Windows 21xp folded before Flop (didn't bet)
Seat 6: caoluong1123 folded on the Turn



PokerStars Zoom Hand #255677369022:  Hold'em No Limit ($0.05/$0.10) - 2025/04/10 21:12:36 CET [2025/04/10 15:12:36 ET]
Table 'Aludra' 6-max Seat #1 is the button
Seat 1: PROSTOZIDAR ($5.96 in chips) 
Seat 2: Ayetolive87 ($8.89 in chips) 
Seat 3: bbb borowko mmm ($10 in chips) 
Seat 4: callmebeautiful ($9.59 in chips) 
Seat 5: AdnamSouza ($8 in chips) 
Seat 6: Mahu2021 ($9.96 in chips) 
Ayetolive87: posts small blind $0.05
bbb borowko mmm: posts big blind $0.10
*** HOLE CARDS ***
Dealt to Mahu2021 [2h 4h]
callmebeautiful: folds 
AdnamSouza: folds 
Mahu2021: folds 
PROSTOZIDAR: folds 
Ayetolive87: raises $0.20 to $0.30
bbb borowko mmm: folds 
Uncalled bet ($0.20) returned to Ayetolive87
Ayetolive87 collected $0.20 from pot
Ayetolive87: doesn't show hand 
*** SUMMARY ***
Total pot $0.20 | Rake $0 
Seat 1: PROSTOZIDAR (button) folded before Flop (didn't bet)
Seat 2: Ayetolive87 (small blind) collected ($0.20)
Seat 3: bbb borowko mmm (big blind) folded before Flop
Seat 4: callmebeautiful folded before Flop (didn't bet)
Seat 5: AdnamSouza folded before Flop (didn't bet)
Seat 6: Mahu2021 folded before Flop (didn't bet)



PokerStars Zoom Hand #255677370539:  Hold'em No Limit ($0.05/$0.10) - 2025/04/10 21:12:42 CET [2025/04/10 15:12:42 ET]
Table 'Aludra' 6-max Seat #1 is the button
Seat 1: MyTHaeBoka ($10.99 in chips) 
Seat 2: artem1k ($14.41 in chips) 
Seat 3: stazio2008 ($23.58 in chips) 
Seat 4: Mahu2021 ($9.96 in chips) 
Seat 5: marcio1979 ($10 in chips) 
Seat 6: xTicTuux ($7.99 in chips) 
artem1k: posts small blind $0.05
stazio2008: posts big blind $0.10
*** HOLE CARDS ***
Dealt to Mahu2021 [5d Ks]
Mahu2021: folds 
marcio1979: folds 
xTicTuux: folds 
MyTHaeBoka: raises $0.12 to $0.22
artem1k: folds 
stazio2008: folds 
Uncalled bet ($0.12) returned to MyTHaeBoka
MyTHaeBoka collected $0.25 from pot
MyTHaeBoka: doesn't show hand 
*** SUMMARY ***
Total pot $0.25 | Rake $0 
Seat 1: MyTHaeBoka (button) collected ($0.25)
Seat 2: artem1k (small blind) folded before Flop
Seat 3: stazio2008 (big blind) folded before Flop
Seat 4: Mahu2021 folded before Flop (didn't bet)
Seat 5: marcio1979 folded before Flop (didn't bet)
Seat 6: xTicTuux folded before Flop (didn't bet)



PokerStars Zoom Hand #255677372435:  Hold'em No Limit ($0.05/$0.10) - 2025/04/10 21:12:49 CET [2025/04/10 15:12:49 ET]
Table 'Aludra' 6-max Seat #1 is the button
Seat 1: KrayzieNutz ($11.43 in chips) 
Seat 2: eriktnt ($10 in chips) 
Seat 3: Mahu2021 ($9.96 in chips) 
Seat 4: lemax79 ($20.11 in chips) 
Seat 5: alan0722 ($10 in chips) 
Seat 6: Blast4Sure ($10.55 in chips) 
eriktnt: posts small blind $0.05
Mahu2021: posts big blind $0.10
*** HOLE CARDS ***
Dealt to Mahu2021 [5h 8d]
lemax79: folds 
alan0722: folds 
Blast4Sure: folds 
KrayzieNutz: folds 
eriktnt: raises $0.20 to $0.30
Mahu2021: folds 
Uncalled bet ($0.20) returned to eriktnt
eriktnt collected $0.20 from pot
eriktnt: doesn't show hand 
*** SUMMARY ***
Total pot $0.20 | Rake $0 
Seat 1: KrayzieNutz (button) folded before Flop (didn't bet)
Seat 2: eriktnt (small blind) collected ($0.20)
Seat 3: Mahu2021 (big blind) folded before Flop
Seat 4: lemax79 folded before Flop (didn't bet)
Seat 5: alan0722 folded before Flop (didn't bet)
Seat 6: Blast4Sure folded before Flop (didn't bet)



PokerStars Zoom Hand #255677377684:  Hold'em No Limit ($0.05/$0.10) - 2025/04/10 21:13:09 CET [2025/04/10 15:13:09 ET]
Table 'Aludra' 6-max Seat #1 is the button
Seat 1: da Tom242 ($7.69 in chips) 
Seat 2: Mahu2021 ($9.86 in chips) 
Seat 3: antimol75 ($14.79 in chips) 
Seat 4: ThiagoBPP ($10.10 in chips) 
Seat 5: thorindorf ($3.50 in chips) 
Seat 6: AintNoProJoe ($18.95 in chips) 
Mahu2021: posts small blind $0.05
antimol75: posts big blind $0.10
*** HOLE CARDS ***
Dealt to Mahu2021 [6c 7s]
ThiagoBPP: folds 
thorindorf: folds 
AintNoProJoe: raises $0.15 to $0.25
da Tom242: folds 
Mahu2021: folds 
antimol75: raises $0.55 to $0.80
AintNoProJoe: folds 
Uncalled bet ($0.55) returned to antimol75
antimol75 collected $0.55 from pot
antimol75: doesn't show hand 
*** SUMMARY ***
Total pot $0.55 | Rake $0 
Seat 1: da Tom242 (button) folded before Flop (didn't bet)
Seat 2: Mahu2021 (small blind) folded before Flop
Seat 3: antimol75 (big blind) collected ($0.55)
Seat 4: ThiagoBPP folded before Flop (didn't bet)
Seat 5: thorindorf folded before Flop (didn't bet)
Seat 6: AintNoProJoe folded before Flop



PokerStars Zoom Hand #255677379174:  Hold'em No Limit ($0.05/$0.10) - 2025/04/10 21:13:14 CET [2025/04/10 15:13:14 ET]
Table 'Aludra' 6-max Seat #1 is the button
Seat 1: Mahu2021 ($9.81 in chips) 
Seat 2: Ayetolive87 ($5.19 in chips) 
Seat 3: artem1k ($24 in chips) 
Seat 4: stazio2008 ($23.33 in chips) 
Seat 5: Swiss_Delight ($10.70 in chips) 
Seat 6: opexoB84 ($11.60 in chips) 
Ayetolive87: posts small blind $0.05
artem1k: posts big blind $0.10
*** HOLE CARDS ***
Dealt to Mahu2021 [4c Td]
stazio2008: folds 
Swiss_Delight: raises $0.20 to $0.30
opexoB84: folds 
Mahu2021: folds 
Ayetolive87: folds 
artem1k: folds 
Uncalled bet ($0.20) returned to Swiss_Delight
Swiss_Delight collected $0.25 from pot
Swiss_Delight: doesn't show hand 
*** SUMMARY ***
Total pot $0.25 | Rake $0 
Seat 1: Mahu2021 (button) folded before Flop (didn't bet)
Seat 2: Ayetolive87 (small blind) folded before Flop
Seat 3: artem1k (big blind) folded before Flop
Seat 4: stazio2008 folded before Flop (didn't bet)
Seat 5: Swiss_Delight collected ($0.25)
Seat 6: opexoB84 folded before Flop (didn't bet)



PokerStars Zoom Hand #255677380717:  Hold'em No Limit ($0.05/$0.10) - 2025/04/10 21:13:20 CET [2025/04/10 15:13:20 ET]
Table 'Aludra' 6-max Seat #1 is the button
Seat 1: jksgoodgz ($15.46 in chips) 
Seat 2: denis4250 ($39.66 in chips) 
Seat 3: thorindorf ($3.50 in chips) 
Seat 4: Mileons7 ($12.49 in chips) 
Seat 5: Ger Cortes ($12.41 in chips) 
Seat 6: Mahu2021 ($9.81 in chips) 
denis4250: posts small blind $0.05
thorindorf: posts big blind $0.10
*** HOLE CARDS ***
Dealt to Mahu2021 [3c 4c]
Mileons7: folds 
Ger Cortes: folds 
Mahu2021: raises $0.20 to $0.30
jksgoodgz: folds 
denis4250: folds 
thorindorf: folds 
Uncalled bet ($0.20) returned to Mahu2021
Mahu2021 collected $0.25 from pot
Mahu2021: doesn't show hand 
*** SUMMARY ***
Total pot $0.25 | Rake $0 
Seat 1: jksgoodgz (button) folded before Flop (didn't bet)
Seat 2: denis4250 (small blind) folded before Flop
Seat 3: thorindorf (big blind) folded before Flop
Seat 4: Mileons7 folded before Flop (didn't bet)
Seat 5: Ger Cortes folded before Flop (didn't bet)
Seat 6: Mahu2021 collected ($0.25)



PokerStars Zoom Hand #255677371545:  Hold'em No Limit ($0.05/$0.10) - 2025/04/10 21:12:46 CET [2025/04/10 15:12:46 ET]
Table 'Aludra' 6-max Seat #1 is the button
Seat 1: israelff85 ($16.07 in chips) 
Seat 2: xTicTuux ($7.99 in chips) 
Seat 3: WoozyFace ($24.86 in chips) 
Seat 4: Ayetolive87 ($5.29 in chips) 
Seat 5: Mahu2021 ($9.96 in chips) 
Seat 6: rhuni93 ($10 in chips) 
xTicTuux: posts small blind $0.05
WoozyFace: posts big blind $0.10
*** HOLE CARDS ***
Dealt to Mahu2021 [9c Ks]
Ayetolive87: folds 
Mahu2021: folds 
rhuni93: raises $0.15 to $0.25
israelff85: raises $0.95 to $1.20
xTicTuux: folds 
WoozyFace: folds 
rhuni93: calls $0.95
*** FLOP *** [Qc 2d 7h]
rhuni93: bets $0.62
israelff85: calls $0.62
*** TURN *** [Qc 2d 7h] [Kh]
rhuni93: checks 
israelff85: bets $1.81
rhuni93: folds 
Uncalled bet ($1.81) returned to israelff85
israelff85 collected $3.62 from pot
israelff85: doesn't show hand 
*** SUMMARY ***
Total pot $3.79 | Rake $0.17 
Board [Qc 2d 7h Kh]
Seat 1: israelff85 (button) collected ($3.62)
Seat 2: xTicTuux (small blind) folded before Flop
Seat 3: WoozyFace (big blind) folded before Flop
Seat 4: Ayetolive87 folded before Flop (didn't bet)
Seat 5: Mahu2021 folded before Flop (didn't bet)
Seat 6: rhuni93 folded on the Turn



PokerStars Zoom Hand #255677376355:  Hold'em No Limit ($0.05/$0.10) - 2025/04/10 21:13:04 CET [2025/04/10 15:13:04 ET]
Table 'Aludra' 6-max Seat #1 is the button
Seat 1: putzkedudu ($11.05 in chips) 
Seat 2: jano0071 ($4.74 in chips) 
Seat 3: habababa_66 ($8.98 in chips) 
Seat 4: Mahu2021 ($9.86 in chips) 
Seat 5: KrayzieNutz ($10 in chips) 
Seat 6: Bobbymcgee99 ($34.46 in chips) 
jano0071: posts small blind $0.05
habababa_66: posts big blind $0.10
*** HOLE CARDS ***
Dealt to Mahu2021 [5d Kh]
Mahu2021: folds 
KrayzieNutz: folds 
Bobbymcgee99: raises $0.15 to $0.25
putzkedudu: folds 
jano0071: calls $0.20
habababa_66: calls $0.15
*** FLOP *** [Jh 2s 5s]
jano0071: checks 
habababa_66: bets $0.36
Bobbymcgee99: folds 
jano0071: folds 
Uncalled bet ($0.36) returned to habababa_66
habababa_66 collected $0.72 from pot
habababa_66: doesn't show hand 
*** SUMMARY ***
Total pot $0.75 | Rake $0.03 
Board [Jh 2s 5s]
Seat 1: putzkedudu (button) folded before Flop (didn't bet)
Seat 2: jano0071 (small blind) folded on the Flop
Seat 3: habababa_66 (big blind) collected ($0.72)
Seat 4: Mahu2021 folded before Flop (didn't bet)
Seat 5: KrayzieNutz folded before Flop (didn't bet)
Seat 6: Bobbymcgee99 folded on the Flop



PokerStars Zoom Hand #255677383626:  Hold'em No Limit ($0.05/$0.10) - 2025/04/10 21:13:31 CET [2025/04/10 15:13:31 ET]
Table 'Aludra' 6-max Seat #1 is the button
Seat 1: Vangede4Life ($10.10 in chips) 
Seat 2: Bobbymcgee99 ($34.21 in chips) 
Seat 3: jksgoodgz ($22.99 in chips) 
Seat 4: opexoB84 ($13.31 in chips) 
Seat 5: Mahu2021 ($9.96 in chips) 
Seat 6: KingsLifeMatter ($10.51 in chips) 
Bobbymcgee99: posts small blind $0.05
jksgoodgz: posts big blind $0.10
*** HOLE CARDS ***
Dealt to Mahu2021 [7h 7d]
opexoB84: folds 
Mahu2021: raises $0.20 to $0.30
KingsLifeMatter: folds 
Vangede4Life: folds 
Bobbymcgee99: folds 
jksgoodgz: folds 
Uncalled bet ($0.20) returned to Mahu2021
Mahu2021 collected $0.25 from pot
Mahu2021: doesn't show hand 
*** SUMMARY ***
Total pot $0.25 | Rake $0 
Seat 1: Vangede4Life (button) folded before Flop (didn't bet)
Seat 2: Bobbymcgee99 (small blind) folded before Flop
Seat 3: jksgoodgz (big blind) folded before Flop
Seat 4: opexoB84 folded before Flop (didn't bet)
Seat 5: Mahu2021 collected ($0.25)
Seat 6: KingsLifeMatter folded before Flop (didn't bet)



PokerStars Zoom Hand #255677386100:  Hold'em No Limit ($0.05/$0.10) - 2025/04/10 21:13:40 CET [2025/04/10 15:13:40 ET]
Table 'Aludra' 6-max Seat #1 is the button
Seat 1: jksgoodgz ($22.89 in chips) 
Seat 2: Mahu2021 ($10.11 in chips) 
Seat 3: lEternamente ($10 in chips) 
Seat 4: denis4250 ($39.76 in chips) 
Seat 5: WoozyFace ($18.62 in chips) 
Seat 6: Ger Cortes ($10 in chips) 
Mahu2021: posts small blind $0.05
lEternamente: posts big blind $0.10
*** HOLE CARDS ***
Dealt to Mahu2021 [Qd Qc]
denis4250: folds 
WoozyFace: folds 
Ger Cortes: folds 
jksgoodgz: folds 
Mahu2021: raises $0.20 to $0.30
lEternamente: raises $0.70 to $1
Mahu2021: raises $1.30 to $2.30
lEternamente: folds 
Uncalled bet ($1.30) returned to Mahu2021
Mahu2021 collected $2 from pot
Mahu2021: doesn't show hand 
*** SUMMARY ***
Total pot $2 | Rake $0 
Seat 1: jksgoodgz (button) folded before Flop (didn't bet)
Seat 2: Mahu2021 (small blind) collected ($2)
Seat 3: lEternamente (big blind) folded before Flop
Seat 4: denis4250 folded before Flop (didn't bet)
Seat 5: WoozyFace folded before Flop (didn't bet)
Seat 6: Ger Cortes folded before Flop (didn't bet)



PokerStars Zoom Hand #255677395183:  Hold'em No Limit ($0.05/$0.10) - 2025/04/10 21:14:14 CET [2025/04/10 15:14:14 ET]
Table 'Aludra' 6-max Seat #1 is the button
Seat 1: Ger Cortes ($14.60 in chips) 
Seat 2: denis4250 ($9.22 in chips) 
Seat 3: Mahu2021 ($11.11 in chips) 
Seat 4: marcio1979 ($10.36 in chips) 
Seat 5: MyTHaeBoka ($9.95 in chips) 
Seat 6: Cyborg_0113 ($16.23 in chips) 
denis4250: posts small blind $0.05
Mahu2021: posts big blind $0.10
*** HOLE CARDS ***
Dealt to Mahu2021 [7h 8h]
marcio1979: folds 
MyTHaeBoka: folds 
Cyborg_0113: folds 
Ger Cortes: folds 
denis4250: folds 
Uncalled bet ($0.05) returned to Mahu2021
Mahu2021 collected $0.10 from pot
Mahu2021: doesn't show hand 
*** SUMMARY ***
Total pot $0.10 | Rake $0 
Seat 1: Ger Cortes (button) folded before Flop (didn't bet)
Seat 2: denis4250 (small blind) folded before Flop
Seat 3: Mahu2021 (big blind) collected ($0.10)
Seat 4: marcio1979 folded before Flop (didn't bet)
Seat 5: MyTHaeBoka folded before Flop (didn't bet)
Seat 6: Cyborg_0113 folded before Flop (didn't bet)



PokerStars Zoom Hand #255677399325:  Hold'em No Limit ($0.05/$0.10) - 2025/04/10 21:14:30 CET [2025/04/10 15:14:30 ET]
Table 'Aludra' 6-max Seat #1 is the button
Seat 1: Mahu2021 ($11.16 in chips) 
Seat 2: ALEKC6 ($10.39 in chips) 
Seat 3: Rhymer82 ($12.58 in chips) 
Seat 4: jksgoodgz ($10 in chips) 
Seat 5: Ger Cortes ($14.55 in chips) 
Seat 6: therebornphenix ($11.18 in chips) 
ALEKC6: posts small blind $0.05
Rhymer82: posts big blind $0.10
*** HOLE CARDS ***
Dealt to Mahu2021 [3h 6h]
jksgoodgz: folds 
Ger Cortes: folds 
therebornphenix: folds 
Mahu2021: raises $0.20 to $0.30
ALEKC6: folds 
Rhymer82: folds 
Uncalled bet ($0.20) returned to Mahu2021
Mahu2021 collected $0.25 from pot
Mahu2021: doesn't show hand 
*** SUMMARY ***
Total pot $0.25 | Rake $0 
Seat 1: Mahu2021 (button) collected ($0.25)
Seat 2: ALEKC6 (small blind) folded before Flop
Seat 3: Rhymer82 (big blind) folded before Flop
Seat 4: jksgoodgz folded before Flop (didn't bet)
Seat 5: Ger Cortes folded before Flop (didn't bet)
Seat 6: therebornphenix folded before Flop (didn't bet)



PokerStars Zoom Hand #255677404057:  Hold'em No Limit ($0.05/$0.10) - 2025/04/10 21:14:48 CET [2025/04/10 15:14:48 ET]
Table 'Aludra' 6-max Seat #1 is the button
Seat 1: ThiagoBPP ($10.49 in chips) 
Seat 2: darchas ($10 in chips) 
Seat 3: Swiss_Delight ($12.88 in chips) 
Seat 4: mbjer ($5 in chips) 
Seat 5: Mahu2021 ($11.31 in chips) 
Seat 6: Luffy V ($10 in chips) 
darchas: posts small blind $0.05
Swiss_Delight: posts big blind $0.10
*** HOLE CARDS ***
Dealt to Mahu2021 [Qc 8d]
mbjer: folds 
Mahu2021: folds 
Luffy V: folds 
ThiagoBPP: raises $0.15 to $0.25
darchas: folds 
Swiss_Delight: calls $0.15
*** FLOP *** [7h 4s Ks]
Swiss_Delight: checks 
ThiagoBPP: bets $0.13
Swiss_Delight: folds 
Uncalled bet ($0.13) returned to ThiagoBPP
ThiagoBPP collected $0.53 from pot
ThiagoBPP: doesn't show hand 
*** SUMMARY ***
Total pot $0.55 | Rake $0.02 
Board [7h 4s Ks]
Seat 1: ThiagoBPP (button) collected ($0.53)
Seat 2: darchas (small blind) folded before Flop
Seat 3: Swiss_Delight (big blind) folded on the Flop
Seat 4: mbjer folded before Flop (didn't bet)
Seat 5: Mahu2021 folded before Flop (didn't bet)
Seat 6: Luffy V folded before Flop (didn't bet)



PokerStars Zoom Hand #255677405228:  Hold'em No Limit ($0.05/$0.10) - 2025/04/10 21:14:52 CET [2025/04/10 15:14:52 ET]
Table 'Aludra' 6-max Seat #1 is the button
Seat 1: fanta_pineapple ($10.89 in chips) 
Seat 2: AintNoProJoe ($16.48 in chips) 
Seat 3: Mahu2021 ($11.31 in chips) 
Seat 4: mbjer ($5 in chips) 
Seat 5: augtoth ($29.55 in chips) 
Seat 6: darchas ($10 in chips) 
AintNoProJoe: posts small blind $0.05
Mahu2021: posts big blind $0.10
*** HOLE CARDS ***
Dealt to Mahu2021 [4h Ac]
mbjer: folds 
augtoth: folds 
darchas: folds 
fanta_pineapple: raises $0.12 to $0.22
AintNoProJoe: folds 
Mahu2021: calls $0.12
*** FLOP *** [Qd Ts As]
Mahu2021: bets $0.30
fanta_pineapple: calls $0.30
*** TURN *** [Qd Ts As] [6s]
Mahu2021: bets $0.30
fanta_pineapple: calls $0.30
*** RIVER *** [Qd Ts As 6s] [Th]
Mahu2021: bets $0.50
fanta_pineapple: calls $0.50
*** SHOW DOWN ***
Mahu2021: shows [4h Ac] (two pair, Aces and Tens)
fanta_pineapple: shows [Ah 8s] (two pair, Aces and Tens)
Mahu2021 collected $1.29 from pot
fanta_pineapple collected $1.28 from pot
*** SUMMARY ***
Total pot $2.69 | Rake $0.12 
Board [Qd Ts As 6s Th]
Seat 1: fanta_pineapple (button) showed [Ah 8s] and won ($1.28) with two pair, Aces and Tens
Seat 2: AintNoProJoe (small blind) folded before Flop
Seat 3: Mahu2021 (big blind) showed [4h Ac] and won ($1.29) with two pair, Aces and Tens
Seat 4: mbjer folded before Flop (didn't bet)
Seat 5: augtoth folded before Flop (didn't bet)
Seat 6: darchas folded before Flop (didn't bet)



PokerStars Zoom Hand #255677426795:  Hold'em No Limit ($0.05/$0.10) - 2025/04/10 21:16:12 CET [2025/04/10 15:16:12 ET]
Table 'Aludra' 6-max Seat #1 is the button
Seat 1: mbjer ($4.60 in chips) 
Seat 2: Valdisney101 ($9.65 in chips) 
Seat 3: KrayzieNutz ($10.29 in chips) 
Seat 4: Mahu2021 ($11.28 in chips) 
Seat 5: opexoB84 ($13.92 in chips) 
Seat 6: MyTHaeBoka ($9.85 in chips) 
Valdisney101: posts small blind $0.05
KrayzieNutz: posts big blind $0.10
*** HOLE CARDS ***
Dealt to Mahu2021 [9h Ts]
Mahu2021: folds 
opexoB84: folds 
MyTHaeBoka: folds 
mbjer: folds 
Valdisney101: folds 
Uncalled bet ($0.05) returned to KrayzieNutz
KrayzieNutz collected $0.10 from pot
KrayzieNutz: doesn't show hand 
*** SUMMARY ***
Total pot $0.10 | Rake $0 
Seat 1: mbjer (button) folded before Flop (didn't bet)
Seat 2: Valdisney101 (small blind) folded before Flop
Seat 3: KrayzieNutz (big blind) collected ($0.10)
Seat 4: Mahu2021 folded before Flop (didn't bet)
Seat 5: opexoB84 folded before Flop (didn't bet)
Seat 6: MyTHaeBoka folded before Flop (didn't bet)



PokerStars Zoom Hand #255677431454:  Hold'em No Limit ($0.05/$0.10) - 2025/04/10 21:16:29 CET [2025/04/10 15:16:29 ET]
Table 'Aludra' 6-max Seat #1 is the button
Seat 1: Mahu2021 ($11.23 in chips) 
Seat 2: luchoprat ($11.13 in chips) 
Seat 3: ALEKC6 ($10.20 in chips) 
Seat 4: Ger Cortes ($12.98 in chips) 
Seat 5: pougia777 ($10.45 in chips) 
Seat 6: Luffy V ($10.10 in chips) 
luchoprat: posts small blind $0.05
ALEKC6: posts big blind $0.10
*** HOLE CARDS ***
Dealt to Mahu2021 [Qd Jh]
Ger Cortes: folds 
pougia777: folds 
Luffy V: folds 
Mahu2021: raises $0.20 to $0.30
luchoprat: folds 
ALEKC6: folds 
Uncalled bet ($0.20) returned to Mahu2021
Mahu2021 collected $0.25 from pot
Mahu2021: doesn't show hand 
*** SUMMARY ***
Total pot $0.25 | Rake $0 
Seat 1: Mahu2021 (button) collected ($0.25)
Seat 2: luchoprat (small blind) folded before Flop
Seat 3: ALEKC6 (big blind) folded before Flop
Seat 4: Ger Cortes folded before Flop (didn't bet)
Seat 5: pougia777 folded before Flop (didn't bet)
Seat 6: Luffy V folded before Flop (didn't bet)



PokerStars Zoom Hand #255677434624:  Hold'em No Limit ($0.05/$0.10) - 2025/04/10 21:16:41 CET [2025/04/10 15:16:41 ET]
Table 'Aludra' 6-max Seat #1 is the button
Seat 1: darchas ($14.18 in chips) 
Seat 2: callmebeautiful ($12.37 in chips) 
Seat 3: aalewee56 ($8.68 in chips) 
Seat 4: ALEKC6 ($10.05 in chips) 
Seat 5: luchoprat ($16.75 in chips) 
Seat 6: Mahu2021 ($11.38 in chips) 
callmebeautiful: posts small blind $0.05
aalewee56: posts big blind $0.10
*** HOLE CARDS ***
Dealt to Mahu2021 [5d 8h]
ALEKC6: folds 
luchoprat: folds 
Mahu2021: folds 
darchas: folds 
callmebeautiful: raises $0.10 to $0.20
aalewee56: calls $0.10
*** FLOP *** [9d 8d Ks]
callmebeautiful: bets $0.10
aalewee56: calls $0.10
*** TURN *** [9d 8d Ks] [As]
callmebeautiful: checks 
aalewee56: checks 
*** RIVER *** [9d 8d Ks As] [Ac]
callmebeautiful: bets $0.10
aalewee56: folds 
Uncalled bet ($0.10) returned to callmebeautiful
callmebeautiful collected $0.57 from pot
callmebeautiful: doesn't show hand 
*** SUMMARY ***
Total pot $0.60 | Rake $0.03 
Board [9d 8d Ks As Ac]
Seat 1: darchas (button) folded before Flop (didn't bet)
Seat 2: callmebeautiful (small blind) collected ($0.57)
Seat 3: aalewee56 (big blind) folded on the River
Seat 4: ALEKC6 folded before Flop (didn't bet)
Seat 5: luchoprat folded before Flop (didn't bet)
Seat 6: Mahu2021 folded before Flop (didn't bet)



PokerStars Zoom Hand #255677435523:  Hold'em No Limit ($0.05/$0.10) - 2025/04/10 21:16:44 CET [2025/04/10 15:16:44 ET]
Table 'Aludra' 6-max Seat #1 is the button
Seat 1: JoroBaretata ($11.18 in chips) 
Seat 2: mbjer ($4.45 in chips) 
Seat 3: eriktnt ($10.30 in chips) 
Seat 4: Mahu2021 ($11.38 in chips) 
Seat 5: darchas ($13.37 in chips) 
Seat 6: ALEKC6 ($10.05 in chips) 
mbjer: posts small blind $0.05
eriktnt: posts big blind $0.10
*** HOLE CARDS ***
Dealt to Mahu2021 [4c 2h]
Mahu2021: folds 
darchas: raises $0.10 to $0.20
ALEKC6: folds 
JoroBaretata: folds 
mbjer: calls $0.15
eriktnt: folds 
*** FLOP *** [Kh Kc 2c]
mbjer: checks 
darchas: bets $0.16
mbjer: folds 
Uncalled bet ($0.16) returned to darchas
darchas collected $0.48 from pot
darchas: doesn't show hand 
*** SUMMARY ***
Total pot $0.50 | Rake $0.02 
Board [Kh Kc 2c]
Seat 1: JoroBaretata (button) folded before Flop (didn't bet)
Seat 2: mbjer (small blind) folded on the Flop
Seat 3: eriktnt (big blind) folded before Flop
Seat 4: Mahu2021 folded before Flop (didn't bet)
Seat 5: darchas collected ($0.48)
Seat 6: ALEKC6 folded before Flop (didn't bet)



PokerStars Zoom Hand #255677403067:  Hold'em No Limit ($0.05/$0.10) - 2025/04/10 21:14:44 CET [2025/04/10 15:14:44 ET]
Table 'Aludra' 6-max Seat #1 is the button
Seat 1: stazio2008 ($24.06 in chips) 
Seat 2: eriktnt ($10.15 in chips) 
Seat 3: schumi1231 ($4.91 in chips) 
Seat 4: WoozyFace ($24.56 in chips) 
Seat 5: ThiagoBPP ($10.49 in chips) 
Seat 6: Mahu2021 ($11.31 in chips) 
eriktnt: posts small blind $0.05
schumi1231: posts big blind $0.10
*** HOLE CARDS ***
Dealt to Mahu2021 [Jh 3s]
WoozyFace: raises $0.15 to $0.25
ThiagoBPP: folds 
Mahu2021: folds 
stazio2008: raises $0.65 to $0.90
eriktnt: folds 
schumi1231: folds 
WoozyFace: raises $1 to $1.90
stazio2008: raises $2.65 to $4.55
WoozyFace: calls $2.65
*** FLOP *** [5h Js 4h]
WoozyFace: checks 
stazio2008: bets $5.02
WoozyFace: folds 
Uncalled bet ($5.02) returned to stazio2008
stazio2008 collected $8.83 from pot
stazio2008: doesn't show hand 
*** SUMMARY ***
Total pot $9.25 | Rake $0.42 
Board [5h Js 4h]
Seat 1: stazio2008 (button) collected ($8.83)
Seat 2: eriktnt (small blind) folded before Flop
Seat 3: schumi1231 (big blind) folded before Flop
Seat 4: WoozyFace folded on the Flop
Seat 5: ThiagoBPP folded before Flop (didn't bet)
Seat 6: Mahu2021 folded before Flop (didn't bet)



PokerStars Zoom Hand #255677430071:  Hold'em No Limit ($0.05/$0.10) - 2025/04/10 21:16:24 CET [2025/04/10 15:16:24 ET]
Table 'Aludra' 6-max Seat #1 is the button
Seat 1: augtoth ($29.40 in chips) 
Seat 2: artem1k ($21.87 in chips) 
Seat 3: Vangede4Life ($10.40 in chips) 
Seat 4: gyusco33 ($23.39 in chips) 
Seat 5: Mahu2021 ($11.23 in chips) 
Seat 6: darchas ($10.05 in chips) 
artem1k: posts small blind $0.05
Vangede4Life: posts big blind $0.10
*** HOLE CARDS ***
Dealt to Mahu2021 [Qh 6c]
gyusco33: folds 
Mahu2021: folds 
darchas: folds 
augtoth: raises $0.15 to $0.25
artem1k: folds 
Vangede4Life: calls $0.15
*** FLOP *** [Tc 7c 4d]
Vangede4Life: checks 
augtoth: bets $0.17
Vangede4Life: calls $0.17
*** TURN *** [Tc 7c 4d] [4c]
Vangede4Life: checks 
augtoth: bets $0.95
Vangede4Life: folds 
Uncalled bet ($0.95) returned to augtoth
augtoth collected $0.85 from pot
augtoth: doesn't show hand 
*** SUMMARY ***
Total pot $0.89 | Rake $0.04 
Board [Tc 7c 4d 4c]
Seat 1: augtoth (button) collected ($0.85)
Seat 2: artem1k (small blind) folded before Flop
Seat 3: Vangede4Life (big blind) folded on the Turn
Seat 4: gyusco33 folded before Flop (didn't bet)
Seat 5: Mahu2021 folded before Flop (didn't bet)
Seat 6: darchas folded before Flop (didn't bet)



PokerStars Zoom Hand #255677436593:  Hold'em No Limit ($0.05/$0.10) - 2025/04/10 21:16:48 CET [2025/04/10 15:16:48 ET]
Table 'Aludra' 6-max Seat #1 is the button
Seat 1: putzkedudu ($18.58 in chips) 
Seat 2: darchas ($14.18 in chips) 
Seat 3: jksgoodgz ($10 in chips) 
Seat 4: KingsLifeMatter ($9.21 in chips) 
Seat 5: Mahu2021 ($11.38 in chips) 
Seat 6: caoluong1123 ($5.78 in chips) 
darchas: posts small blind $0.05
jksgoodgz: posts big blind $0.10
*** HOLE CARDS ***
Dealt to Mahu2021 [9s Js]
KingsLifeMatter: raises $0.20 to $0.30
Mahu2021: calls $0.30
caoluong1123: folds 
putzkedudu: folds 
darchas: folds 
jksgoodgz: folds 
*** FLOP *** [3s 3h 5s]
KingsLifeMatter: bets $0.40
Mahu2021: calls $0.40
*** TURN *** [3s 3h 5s] [7c]
KingsLifeMatter: checks 
Mahu2021: checks 
*** RIVER *** [3s 3h 5s 7c] [4s]
KingsLifeMatter: checks 
Mahu2021: bets $1.48
KingsLifeMatter: folds 
Uncalled bet ($1.48) returned to Mahu2021
Mahu2021 collected $1.48 from pot
Mahu2021: doesn't show hand 
*** SUMMARY ***
Total pot $1.55 | Rake $0.07 
Board [3s 3h 5s 7c 4s]
Seat 1: putzkedudu (button) folded before Flop (didn't bet)
Seat 2: darchas (small blind) folded before Flop
Seat 3: jksgoodgz (big blind) folded before Flop
Seat 4: KingsLifeMatter folded on the River
Seat 5: Mahu2021 collected ($1.48)
Seat 6: caoluong1123 folded before Flop (didn't bet)



PokerStars Zoom Hand #255677445652:  Hold'em No Limit ($0.05/$0.10) - 2025/04/10 21:17:22 CET [2025/04/10 15:17:22 ET]
Table 'Aludra' 6-max Seat #1 is the button
Seat 1: JoroBaretata ($9.85 in chips) 
Seat 2: Mahu2021 ($12.16 in chips) 
Seat 3: antimol75 ($14.77 in chips) 
Seat 4: Blake889 ($9.70 in chips) 
Seat 5: artem1k ($14.02 in chips) 
Seat 6: ALEKC6 ($10 in chips) 
Mahu2021: posts small blind $0.05
antimol75: posts big blind $0.10
*** HOLE CARDS ***
Dealt to Mahu2021 [3s Ah]
Blake889: folds 
artem1k: folds 
ALEKC6: folds 
JoroBaretata: folds 
Mahu2021: folds 
Uncalled bet ($0.05) returned to antimol75
antimol75 collected $0.10 from pot
antimol75: doesn't show hand 
*** SUMMARY ***
Total pot $0.10 | Rake $0 
Seat 1: JoroBaretata (button) folded before Flop (didn't bet)
Seat 2: Mahu2021 (small blind) folded before Flop
Seat 3: antimol75 (big blind) collected ($0.10)
Seat 4: Blake889 folded before Flop (didn't bet)
Seat 5: artem1k folded before Flop (didn't bet)
Seat 6: ALEKC6 folded before Flop (didn't bet)



