PokerStars Zoom Hand #255719296638:  Hold'em No Limit ($0.05/$0.10) - 2025/04/13 19:50:26 CET [2025/04/13 13:50:26 ET]
Table 'Aludra' 6-max Seat #1 is the button
Seat 1: Matzet1ka ($11.67 in chips) 
Seat 2: ciceron86 ($10 in chips) 
Seat 3: Mahu2021 ($10 in chips) 
Seat 4: ItWasDuke ($10 in chips) 
Seat 5: Don Patato's ($17.68 in chips) 
Seat 6: Luffy V ($11.01 in chips) 
ciceron86: posts small blind $0.05
Mahu2021: posts big blind $0.10
*** HOLE CARDS ***
Dealt to Mahu2021 [3d As]
ItWasDuke: folds 
Don Patato's: folds 
Luffy V: folds 
Matzet1ka: folds 
ciceron86: folds 
Uncalled bet ($0.05) returned to Mahu2021
Mahu2021 collected $0.10 from pot
Mahu2021: doesn't show hand 
*** SUMMARY ***
Total pot $0.10 | Rake $0 
Seat 1: Matzet1ka (button) folded before Flop (didn't bet)
Seat 2: ciceron86 (small blind) folded before Flop
Seat 3: Mahu2021 (big blind) collected ($0.10)
Seat 4: ItWasDuke folded before Flop (didn't bet)
Seat 5: Don Patato's folded before Flop (didn't bet)
Seat 6: Luffy V folded before Flop (didn't bet)



PokerStars Zoom Hand #255719302239:  Hold'em No Limit ($0.05/$0.10) - 2025/04/13 19:50:45 CET [2025/04/13 13:50:45 ET]
Table 'Aludra' 6-max Seat #1 is the button
Seat 1: PaDenV ($12.65 in chips) 
Seat 2: Mahu2021 ($10.05 in chips) 
Seat 3: PizzaSimo94 ($16.79 in chips) 
Seat 4: crisss33 ($1.63 in chips) 
Seat 5: MagicMasc ($9.93 in chips) 
Seat 6: THMN30 ($16.58 in chips) 
Mahu2021: posts small blind $0.05
PizzaSimo94: posts big blind $0.10
*** HOLE CARDS ***
Dealt to Mahu2021 [6d Qh]
crisss33 is disconnected 
crisss33 has timed out while disconnected
crisss33: folds 
MagicMasc: folds 
THMN30: folds 
PaDenV: folds 
Mahu2021: folds 
Uncalled bet ($0.05) returned to PizzaSimo94
PizzaSimo94 collected $0.10 from pot
PizzaSimo94: doesn't show hand 
*** SUMMARY ***
Total pot $0.10 | Rake $0 
Seat 1: PaDenV (button) folded before Flop (didn't bet)
Seat 2: Mahu2021 (small blind) folded before Flop
Seat 3: PizzaSimo94 (big blind) collected ($0.10)
Seat 4: crisss33 folded before Flop (didn't bet)
Seat 5: MagicMasc folded before Flop (didn't bet)
Seat 6: THMN30 folded before Flop (didn't bet)



PokerStars Zoom Hand #255719304158:  Hold'em No Limit ($0.05/$0.10) - 2025/04/13 19:50:52 CET [2025/04/13 13:50:52 ET]
Table 'Aludra' 6-max Seat #1 is the button
Seat 1: ShipItBaller ($10.40 in chips) 
Seat 2: Redo3112 ($11.72 in chips) 
Seat 3: Rhinomanx ($9.85 in chips) 
Seat 4: Bur1k ($5 in chips) 
Seat 5: Mahu2021 ($10 in chips) 
Seat 6: tsom1 ($10.35 in chips) 
Redo3112: posts small blind $0.05
Rhinomanx: posts big blind $0.10
*** HOLE CARDS ***
Dealt to Mahu2021 [9d Td]
Bur1k: folds 
Mahu2021: raises $0.10 to $0.20
tsom1: folds 
ShipItBaller: folds 
Redo3112: folds 
Rhinomanx: calls $0.10
*** FLOP *** [Jh Qs Ac]
Rhinomanx: checks 
Mahu2021: bets $0.30
Rhinomanx: folds 
Uncalled bet ($0.30) returned to Mahu2021
Mahu2021 collected $0.43 from pot
Mahu2021: doesn't show hand 
*** SUMMARY ***
Total pot $0.45 | Rake $0.02 
Board [Jh Qs Ac]
Seat 1: ShipItBaller (button) folded before Flop (didn't bet)
Seat 2: Redo3112 (small blind) folded before Flop
Seat 3: Rhinomanx (big blind) folded on the Flop
Seat 4: Bur1k folded before Flop (didn't bet)
Seat 5: Mahu2021 collected ($0.43)
Seat 6: tsom1 folded before Flop (didn't bet)



PokerStars Zoom Hand #255719301106:  Hold'em No Limit ($0.05/$0.10) - 2025/04/13 19:50:41 CET [2025/04/13 13:50:41 ET]
Table 'Aludra' 6-max Seat #1 is the button
Seat 1: A_Rommel ($32.66 in chips) 
Seat 2: tatazinha_fp ($4.04 in chips) 
Seat 3: dreexxar ($21.90 in chips) 
Seat 4: Rhinomanx ($9.85 in chips) 
Seat 5: Gioovanni_99 ($26.52 in chips) 
Seat 6: Mahu2021 ($10.05 in chips) 
tatazinha_fp: posts small blind $0.05
dreexxar: posts big blind $0.10
*** HOLE CARDS ***
Dealt to Mahu2021 [Kh 6s]
Rhinomanx: folds 
Gioovanni_99: folds 
Mahu2021: folds 
A_Rommel: folds 
tatazinha_fp: raises $0.10 to $0.20
dreexxar: calls $0.10
*** FLOP *** [3h 4h 5s]
tatazinha_fp: bets $0.13
dreexxar: calls $0.13
*** TURN *** [3h 4h 5s] [2s]
tatazinha_fp: bets $0.47
dreexxar: calls $0.47
*** RIVER *** [3h 4h 5s 2s] [Tc]
tatazinha_fp: bets $1.15
dreexxar: calls $1.15
*** SHOW DOWN ***
tatazinha_fp: shows [Ah Kc] (a straight, Ace to Five)
dreexxar: shows [Jc As] (a straight, Ace to Five)
tatazinha_fp collected $1.86 from pot
dreexxar collected $1.86 from pot
*** SUMMARY ***
Total pot $3.90 | Rake $0.18 
Board [3h 4h 5s 2s Tc]
Seat 1: A_Rommel (button) folded before Flop (didn't bet)
Seat 2: tatazinha_fp (small blind) showed [Ah Kc] and won ($1.86) with a straight, Ace to Five
Seat 3: dreexxar (big blind) showed [Jc As] and won ($1.86) with a straight, Ace to Five
Seat 4: Rhinomanx folded before Flop (didn't bet)
Seat 5: Gioovanni_99 folded before Flop (didn't bet)
Seat 6: Mahu2021 folded before Flop (didn't bet)



PokerStars Zoom Hand #255719310818:  Hold'em No Limit ($0.05/$0.10) - 2025/04/13 19:51:14 CET [2025/04/13 13:51:14 ET]
Table 'Aludra' 6-max Seat #1 is the button
Seat 1: tsom1 ($10.20 in chips) 
Seat 2: ShipItBaller ($10.16 in chips) 
Seat 3: Bur1k ($5 in chips) 
Seat 4: Mahu2021 ($10.23 in chips) 
Seat 5: 2hug0 ($10.93 in chips) 
Seat 6: Maxam12 ($11.51 in chips) 
ShipItBaller: posts small blind $0.05
Bur1k: posts big blind $0.10
*** HOLE CARDS ***
Dealt to Mahu2021 [9h 6c]
Mahu2021: folds 
2hug0: raises $0.15 to $0.25
Maxam12: folds 
tsom1: folds 
ShipItBaller: folds 
Bur1k: folds 
Uncalled bet ($0.15) returned to 2hug0
2hug0 collected $0.25 from pot
2hug0: doesn't show hand 
*** SUMMARY ***
Total pot $0.25 | Rake $0 
Seat 1: tsom1 (button) folded before Flop (didn't bet)
Seat 2: ShipItBaller (small blind) folded before Flop
Seat 3: Bur1k (big blind) folded before Flop
Seat 4: Mahu2021 folded before Flop (didn't bet)
Seat 5: 2hug0 collected ($0.25)
Seat 6: Maxam12 folded before Flop (didn't bet)



PokerStars Zoom Hand #255719311814:  Hold'em No Limit ($0.05/$0.10) - 2025/04/13 19:51:18 CET [2025/04/13 13:51:18 ET]
Table 'Aludra' 6-max Seat #1 is the button
Seat 1: Gto_gtfo ($17.17 in chips) 
Seat 2: Bur1k ($5.30 in chips) 
Seat 3: Mahu2021 ($10.23 in chips) 
Seat 4: Barrie1887 ($3.65 in chips) 
Seat 5: Redo3112 ($9.89 in chips) 
Seat 6: Luffy V ($12.37 in chips) 
Bur1k: posts small blind $0.05
Mahu2021: posts big blind $0.10
*** HOLE CARDS ***
Dealt to Mahu2021 [6c Jc]
Barrie1887: raises $0.10 to $0.20
Redo3112: folds 
Luffy V: folds 
Gto_gtfo: folds 
Bur1k: folds 
Mahu2021: folds 
Uncalled bet ($0.10) returned to Barrie1887
Barrie1887 collected $0.25 from pot
Barrie1887: doesn't show hand 
*** SUMMARY ***
Total pot $0.25 | Rake $0 
Seat 1: Gto_gtfo (button) folded before Flop (didn't bet)
Seat 2: Bur1k (small blind) folded before Flop
Seat 3: Mahu2021 (big blind) folded before Flop
Seat 4: Barrie1887 collected ($0.25)
Seat 5: Redo3112 folded before Flop (didn't bet)
Seat 6: Luffy V folded before Flop (didn't bet)



PokerStars Zoom Hand #255719303165:  Hold'em No Limit ($0.05/$0.10) - 2025/04/13 19:50:48 CET [2025/04/13 13:50:48 ET]
Table 'Aludra' 6-max Seat #1 is the button
Seat 1: Mahu2021 ($10 in chips) 
Seat 2: MagicMasc ($9.93 in chips) 
Seat 3: pcsk8 ($11.96 in chips) 
Seat 4: starbert55 ($14.11 in chips) 
Seat 5: ciceron86 ($10.10 in chips) 
Seat 6: Gto_gtfo ($17.17 in chips) 
MagicMasc: posts small blind $0.05
pcsk8: posts big blind $0.10
*** HOLE CARDS ***
Dealt to Mahu2021 [3d As]
starbert55: folds 
ciceron86: raises $0.12 to $0.22
Gto_gtfo: folds 
Mahu2021: folds 
MagicMasc: calls $0.17
pcsk8: folds 
*** FLOP *** [5c 7c Qd]
MagicMasc: checks 
ciceron86: bets $0.16
MagicMasc: calls $0.16
*** TURN *** [5c 7c Qd] [Td]
MagicMasc: checks 
ciceron86: bets $1.23
MagicMasc: folds 
Uncalled bet ($1.23) returned to ciceron86
ciceron86 collected $0.82 from pot
ciceron86: doesn't show hand 
*** SUMMARY ***
Total pot $0.86 | Rake $0.04 
Board [5c 7c Qd Td]
Seat 1: Mahu2021 (button) folded before Flop (didn't bet)
Seat 2: MagicMasc (small blind) folded on the Turn
Seat 3: pcsk8 (big blind) folded before Flop
Seat 4: starbert55 folded before Flop (didn't bet)
Seat 5: ciceron86 collected ($0.82)
Seat 6: Gto_gtfo folded before Flop (didn't bet)



PokerStars Zoom Hand #255719315257:  Hold'em No Limit ($0.05/$0.10) - 2025/04/13 19:51:29 CET [2025/04/13 13:51:29 ET]
Table 'Aludra' 6-max Seat #1 is the button
Seat 1: PolouX1 ($10.82 in chips) 
Seat 2: Mahu2021 ($10.13 in chips) 
Seat 3: LuchoJacobo8 ($14.84 in chips) 
Seat 4: Mkeys100 ($6.71 in chips) 
Seat 5: Maxam12 ($11.51 in chips) 
Seat 6: COVEIROANCAP ($10.29 in chips) 
Mahu2021: posts small blind $0.05
LuchoJacobo8: posts big blind $0.10
*** HOLE CARDS ***
Dealt to Mahu2021 [7h 4c]
Mkeys100: folds 
Maxam12: raises $0.15 to $0.25
COVEIROANCAP: folds 
PolouX1: folds 
Mahu2021: folds 
LuchoJacobo8: calls $0.15
*** FLOP *** [9h 8c 3s]
LuchoJacobo8: checks 
Maxam12: checks 
*** TURN *** [9h 8c 3s] [4s]
LuchoJacobo8: checks 
Maxam12: checks 
*** RIVER *** [9h 8c 3s 4s] [Jd]
LuchoJacobo8: checks 
Maxam12: checks 
*** SHOW DOWN ***
LuchoJacobo8: shows [As Kh] (high card Ace)
Maxam12: shows [4h 5h] (a pair of Fours)
Maxam12 collected $0.53 from pot
*** SUMMARY ***
Total pot $0.55 | Rake $0.02 
Board [9h 8c 3s 4s Jd]
Seat 1: PolouX1 (button) folded before Flop (didn't bet)
Seat 2: Mahu2021 (small blind) folded before Flop
Seat 3: LuchoJacobo8 (big blind) showed [As Kh] and lost with high card Ace
Seat 4: Mkeys100 folded before Flop (didn't bet)
Seat 5: Maxam12 showed [4h 5h] and won ($0.53) with a pair of Fours
Seat 6: COVEIROANCAP folded before Flop (didn't bet)



PokerStars Zoom Hand #255719314207:  Hold'em No Limit ($0.05/$0.10) - 2025/04/13 19:51:26 CET [2025/04/13 13:51:26 ET]
Table 'Aludra' 6-max Seat #1 is the button
Seat 1: dreexxar ($10.91 in chips) 
Seat 2: Dino78000 ($10.62 in chips) 
Seat 3: ShipItBaller ($10.35 in chips) 
Seat 4: pcsk8 ($12.01 in chips) 
Seat 5: looser00091 ($12.94 in chips) 
Seat 6: Mahu2021 ($10.13 in chips) 
Dino78000: posts small blind $0.05
ShipItBaller: posts big blind $0.10
*** HOLE CARDS ***
Dealt to Mahu2021 [Qc 7c]
pcsk8: folds 
looser00091: folds 
Mahu2021: folds 
dreexxar: raises $0.13 to $0.23
Dino78000: folds 
ShipItBaller: calls $0.13
*** FLOP *** [3c Kd 5h]
ShipItBaller: checks 
dreexxar: bets $0.25
ShipItBaller: folds 
Uncalled bet ($0.25) returned to dreexxar
dreexxar collected $0.49 from pot
dreexxar: doesn't show hand 
*** SUMMARY ***
Total pot $0.51 | Rake $0.02 
Board [3c Kd 5h]
Seat 1: dreexxar (button) collected ($0.49)
Seat 2: Dino78000 (small blind) folded before Flop
Seat 3: ShipItBaller (big blind) folded on the Flop
Seat 4: pcsk8 folded before Flop (didn't bet)
Seat 5: looser00091 folded before Flop (didn't bet)
Seat 6: Mahu2021 folded before Flop (didn't bet)



PokerStars Zoom Hand #255719317307:  Hold'em No Limit ($0.05/$0.10) - 2025/04/13 19:51:36 CET [2025/04/13 13:51:36 ET]
Table 'Aludra' 6-max Seat #1 is the button
Seat 1: MagicMasc ($9.55 in chips) 
Seat 2: Mahu2021 ($10.08 in chips) 
Seat 3: kazymyr92 ($10.62 in chips) 
Seat 4: kogam20590 ($16.71 in chips) 
Seat 5: ciceron86 ($13.68 in chips) 
Seat 6: jksgoodgz ($10 in chips) 
Mahu2021: posts small blind $0.05
kazymyr92: posts big blind $0.10
*** HOLE CARDS ***
Dealt to Mahu2021 [4c 6s]
kogam20590 has timed out
kogam20590: folds 
ciceron86: folds 
jksgoodgz: raises $0.13 to $0.23
MagicMasc: folds 
Mahu2021: folds 
kazymyr92: folds 
Uncalled bet ($0.13) returned to jksgoodgz
jksgoodgz collected $0.25 from pot
jksgoodgz: doesn't show hand 
*** SUMMARY ***
Total pot $0.25 | Rake $0 
Seat 1: MagicMasc (button) folded before Flop (didn't bet)
Seat 2: Mahu2021 (small blind) folded before Flop
Seat 3: kazymyr92 (big blind) folded before Flop
Seat 4: kogam20590 folded before Flop (didn't bet)
Seat 5: ciceron86 folded before Flop (didn't bet)
Seat 6: jksgoodgz collected ($0.25)



PokerStars Zoom Hand #255719316157:  Hold'em No Limit ($0.05/$0.10) - 2025/04/13 19:51:32 CET [2025/04/13 13:51:32 ET]
Table 'Aludra' 6-max Seat #1 is the button
Seat 1: Mahu2021 ($10.08 in chips) 
Seat 2: PaDenV ($12.65 in chips) 
Seat 3: augtoth ($10.15 in chips) 
Seat 4: BilaTserkva00 ($10.08 in chips) 
Seat 5: Luffy V ($11.39 in chips) 
Seat 6: offodds ($11.96 in chips) 
PaDenV: posts small blind $0.05
augtoth: posts big blind $0.10
*** HOLE CARDS ***
Dealt to Mahu2021 [2h 6h]
BilaTserkva00: folds 
Luffy V: folds 
offodds: raises $0.12 to $0.22
Mahu2021: folds 
PaDenV: raises $0.92 to $1.14
augtoth: folds 
offodds: folds 
Uncalled bet ($0.92) returned to PaDenV
PaDenV collected $0.54 from pot
PaDenV: doesn't show hand 
*** SUMMARY ***
Total pot $0.54 | Rake $0 
Seat 1: Mahu2021 (button) folded before Flop (didn't bet)
Seat 2: PaDenV (small blind) collected ($0.54)
Seat 3: augtoth (big blind) folded before Flop
Seat 4: BilaTserkva00 folded before Flop (didn't bet)
Seat 5: Luffy V folded before Flop (didn't bet)
Seat 6: offodds folded before Flop



PokerStars Zoom Hand #255719318482:  Hold'em No Limit ($0.05/$0.10) - 2025/04/13 19:51:40 CET [2025/04/13 13:51:40 ET]
Table 'Aludra' 6-max Seat #1 is the button
Seat 1: cyder11 ($10 in chips) 
Seat 2: Zoom Zap ($10.04 in chips) 
Seat 3: Mic3R ($10.12 in chips) 
Seat 4: Mahu2021 ($10.03 in chips) 
Seat 5: COVEIROANCAP ($11.52 in chips) 
Seat 6: cpt.vnpp ($13.47 in chips) 
Zoom Zap: posts small blind $0.05
Mic3R: posts big blind $0.10
*** HOLE CARDS ***
Dealt to Mahu2021 [Ts Td]
Mahu2021: raises $0.10 to $0.20
COVEIROANCAP: folds 
cpt.vnpp: folds 
cyder11: folds 
Zoom Zap: raises $0.60 to $0.80
Mic3R: folds 
Mahu2021: calls $0.60
*** FLOP *** [5h 4d Js]
Zoom Zap: bets $0.81
Mahu2021: calls $0.81
*** TURN *** [5h 4d Js] [As]
Zoom Zap: bets $1.59
Mahu2021: folds 
Uncalled bet ($1.59) returned to Zoom Zap
Zoom Zap collected $3.17 from pot
Zoom Zap: doesn't show hand 
*** SUMMARY ***
Total pot $3.32 | Rake $0.15 
Board [5h 4d Js As]
Seat 1: cyder11 (button) folded before Flop (didn't bet)
Seat 2: Zoom Zap (small blind) collected ($3.17)
Seat 3: Mic3R (big blind) folded before Flop
Seat 4: Mahu2021 folded on the Turn
Seat 5: COVEIROANCAP folded before Flop (didn't bet)
Seat 6: cpt.vnpp folded before Flop (didn't bet)



PokerStars Zoom Hand #255719329357:  Hold'em No Limit ($0.05/$0.10) - 2025/04/13 19:52:18 CET [2025/04/13 13:52:18 ET]
Table 'Aludra' 6-max Seat #1 is the button
Seat 1: enry7.ice ($10 in chips) 
Seat 2: Gto_gtfo ($17.47 in chips) 
Seat 3: Mahu2021 ($8.42 in chips) 
Seat 4: 2hug0 ($11.18 in chips) 
Seat 5: Daikj ($11.86 in chips) 
Seat 6: Mic3R ($9.53 in chips) 
Gto_gtfo: posts small blind $0.05
Mahu2021: posts big blind $0.10
*** HOLE CARDS ***
Dealt to Mahu2021 [9s 7d]
2hug0: raises $0.15 to $0.25
Daikj: folds 
Mic3R: folds 
enry7.ice: folds 
Gto_gtfo: folds 
Mahu2021: folds 
Uncalled bet ($0.15) returned to 2hug0
2hug0 collected $0.25 from pot
2hug0: doesn't show hand 
*** SUMMARY ***
Total pot $0.25 | Rake $0 
Seat 1: enry7.ice (button) folded before Flop (didn't bet)
Seat 2: Gto_gtfo (small blind) folded before Flop
Seat 3: Mahu2021 (big blind) folded before Flop
Seat 4: 2hug0 collected ($0.25)
Seat 5: Daikj folded before Flop (didn't bet)
Seat 6: Mic3R folded before Flop (didn't bet)



PokerStars Zoom Hand #255719331141:  Hold'em No Limit ($0.05/$0.10) - 2025/04/13 19:52:25 CET [2025/04/13 13:52:25 ET]
Table 'Aludra' 6-max Seat #1 is the button
Seat 1: ShipItBaller ($12.81 in chips) 
Seat 2: Horoz MD ($5.08 in chips) 
Seat 3: Matzet1ka ($11.23 in chips) 
Seat 4: enry7.ice ($10 in chips) 
Seat 5: Mahu2021 ($8.32 in chips) 
Seat 6: augtoth ($10.15 in chips) 
Horoz MD: posts small blind $0.05
Matzet1ka: posts big blind $0.10
*** HOLE CARDS ***
Dealt to Mahu2021 [Tc Ts]
enry7.ice: folds 
Mahu2021: raises $0.10 to $0.20
augtoth: folds 
ShipItBaller: folds 
Horoz MD: folds 
Matzet1ka: folds 
Uncalled bet ($0.10) returned to Mahu2021
Mahu2021 collected $0.25 from pot
Mahu2021: doesn't show hand 
*** SUMMARY ***
Total pot $0.25 | Rake $0 
Seat 1: ShipItBaller (button) folded before Flop (didn't bet)
Seat 2: Horoz MD (small blind) folded before Flop
Seat 3: Matzet1ka (big blind) folded before Flop
Seat 4: enry7.ice folded before Flop (didn't bet)
Seat 5: Mahu2021 collected ($0.25)
Seat 6: augtoth folded before Flop (didn't bet)



PokerStars Zoom Hand #255719335025:  Hold'em No Limit ($0.05/$0.10) - 2025/04/13 19:52:38 CET [2025/04/13 13:52:38 ET]
Table 'Aludra' 6-max Seat #1 is the button
Seat 1: Mkeys100 ($3.97 in chips) 
Seat 2: Mahu2021 ($8.47 in chips) 
Seat 3: r1bkata ($13.38 in chips) 
Seat 4: MagicMasc ($9.55 in chips) 
Seat 5: Redo3112 ($9.73 in chips) 
Seat 6: bungee134 ($19.37 in chips) 
Mahu2021: posts small blind $0.05
r1bkata: posts big blind $0.10
*** HOLE CARDS ***
Dealt to Mahu2021 [7s 9h]
MagicMasc: folds 
Redo3112: folds 
bungee134: folds 
Mkeys100: folds 
Mahu2021: folds 
Uncalled bet ($0.05) returned to r1bkata
r1bkata collected $0.10 from pot
r1bkata: doesn't show hand 
*** SUMMARY ***
Total pot $0.10 | Rake $0 
Seat 1: Mkeys100 (button) folded before Flop (didn't bet)
Seat 2: Mahu2021 (small blind) folded before Flop
Seat 3: r1bkata (big blind) collected ($0.10)
Seat 4: MagicMasc folded before Flop (didn't bet)
Seat 5: Redo3112 folded before Flop (didn't bet)
Seat 6: bungee134 folded before Flop (didn't bet)



PokerStars Zoom Hand #255719328122:  Hold'em No Limit ($0.05/$0.10) - 2025/04/13 19:52:14 CET [2025/04/13 13:52:14 ET]
Table 'Aludra' 6-max Seat #1 is the button
Seat 1: Rhinomanx ($9.92 in chips) 
Seat 2: Vadim91_blr ($11.94 in chips) 
Seat 3: Redo3112 ($12.27 in chips) 
Seat 4: aaasss422 ($7.59 in chips) 
Seat 5: Bekbolat69 ($4.24 in chips) 
Seat 6: Mahu2021 ($8.42 in chips) 
Vadim91_blr: posts small blind $0.05
Redo3112: posts big blind $0.10
*** HOLE CARDS ***
Dealt to Mahu2021 [6h Qs]
aaasss422: calls $0.10
Bekbolat69: calls $0.10
Mahu2021: folds 
Rhinomanx: folds 
Vadim91_blr: raises $0.40 to $0.50
Redo3112: folds 
aaasss422: folds 
Bekbolat69: calls $0.40
*** FLOP *** [3s Ad 8d]
Vadim91_blr: checks 
Bekbolat69: checks 
*** TURN *** [3s Ad 8d] [Qc]
Vadim91_blr: checks 
Bekbolat69: checks 
*** RIVER *** [3s Ad 8d Qc] [4d]
Vadim91_blr: checks 
Bekbolat69: checks 
*** SHOW DOWN ***
Vadim91_blr: shows [Jh Jd] (a pair of Jacks)
Bekbolat69: mucks hand 
Vadim91_blr collected $1.15 from pot
*** SUMMARY ***
Total pot $1.20 | Rake $0.05 
Board [3s Ad 8d Qc 4d]
Seat 1: Rhinomanx (button) folded before Flop (didn't bet)
Seat 2: Vadim91_blr (small blind) showed [Jh Jd] and won ($1.15) with a pair of Jacks
Seat 3: Redo3112 (big blind) folded before Flop
Seat 4: aaasss422 folded before Flop
Seat 5: Bekbolat69 mucked [5h 5c]
Seat 6: Mahu2021 folded before Flop (didn't bet)



PokerStars Zoom Hand #255719343776:  Hold'em No Limit ($0.05/$0.10) - 2025/04/13 19:53:08 CET [2025/04/13 13:53:08 ET]
Table 'Aludra' 6-max Seat #1 is the button
Seat 1: THMN30 ($16.43 in chips) 
Seat 2: Mic3R ($9.78 in chips) 
Seat 3: jksgoodgz ($10 in chips) 
Seat 4: kogam20590 ($16.71 in chips) 
Seat 5: Don Patato's ($10.52 in chips) 
Seat 6: Mahu2021 ($8.22 in chips) 
Mic3R: posts small blind $0.05
jksgoodgz: posts big blind $0.10
*** HOLE CARDS ***
Dealt to Mahu2021 [7h Js]
kogam20590: folds 
Don Patato's: folds 
Mahu2021: folds 
THMN30: folds 
Mic3R: raises $0.20 to $0.30
jksgoodgz: calls $0.20
*** FLOP *** [5h 2d 5d]
Mic3R: checks 
jksgoodgz: bets $0.20
Mic3R: folds 
Uncalled bet ($0.20) returned to jksgoodgz
jksgoodgz collected $0.57 from pot
jksgoodgz: doesn't show hand 
*** SUMMARY ***
Total pot $0.60 | Rake $0.03 
Board [5h 2d 5d]
Seat 1: THMN30 (button) folded before Flop (didn't bet)
Seat 2: Mic3R (small blind) folded on the Flop
Seat 3: jksgoodgz (big blind) collected ($0.57)
Seat 4: kogam20590 folded before Flop (didn't bet)
Seat 5: Don Patato's folded before Flop (didn't bet)
Seat 6: Mahu2021 folded before Flop (didn't bet)



PokerStars Zoom Hand #255719336020:  Hold'em No Limit ($0.05/$0.10) - 2025/04/13 19:52:41 CET [2025/04/13 13:52:41 ET]
Table 'Aludra' 6-max Seat #1 is the button
Seat 1: Mahu2021 ($8.42 in chips) 
Seat 2: COVEIROANCAP ($12.91 in chips) 
Seat 3: 2hug0 ($18.18 in chips) 
Seat 4: strashilisht ($10 in chips) 
Seat 5: Gto_gtfo ($17.42 in chips) 
Seat 6: biztrip ($19.36 in chips) 
COVEIROANCAP: posts small blind $0.05
2hug0: posts big blind $0.10
*** HOLE CARDS ***
Dealt to Mahu2021 [Js Jh]
strashilisht: raises $0.10 to $0.20
Gto_gtfo: folds 
biztrip: folds 
Mahu2021: calls $0.20
COVEIROANCAP: folds 
2hug0: calls $0.10
*** FLOP *** [4c Kd Ac]
2hug0: checks 
strashilisht: bets $0.37
Mahu2021: folds 
2hug0: calls $0.37
*** TURN *** [4c Kd Ac] [6s]
2hug0: checks 
strashilisht: bets $1.02
2hug0: folds 
Uncalled bet ($1.02) returned to strashilisht
strashilisht collected $1.33 from pot
strashilisht: doesn't show hand 
*** SUMMARY ***
Total pot $1.39 | Rake $0.06 
Board [4c Kd Ac 6s]
Seat 1: Mahu2021 (button) folded on the Flop
Seat 2: COVEIROANCAP (small blind) folded before Flop
Seat 3: 2hug0 (big blind) folded on the Turn
Seat 4: strashilisht collected ($1.33)
Seat 5: Gto_gtfo folded before Flop (didn't bet)
Seat 6: biztrip folded before Flop (didn't bet)



PokerStars Zoom Hand #255719344868:  Hold'em No Limit ($0.05/$0.10) - 2025/04/13 19:53:12 CET [2025/04/13 13:53:12 ET]
Table 'Aludra' 6-max Seat #1 is the button
Seat 1: pcsk8 ($10.24 in chips) 
Seat 2: M.Tikhonov ($13.22 in chips) 
Seat 3: Mahu2021 ($8.22 in chips) 
Seat 4: jksgoodgz ($10.15 in chips) 
Seat 5: yoyonaty23 ($30.65 in chips) 
Seat 6: Luffy V ($14.12 in chips) 
M.Tikhonov: posts small blind $0.05
Mahu2021: posts big blind $0.10
*** HOLE CARDS ***
Dealt to Mahu2021 [9h Ad]
jksgoodgz: folds 
yoyonaty23: folds 
Luffy V: folds 
pcsk8: folds 
M.Tikhonov: raises $0.20 to $0.30
Mahu2021: calls $0.20
*** FLOP *** [8s 9d 6s]
M.Tikhonov: checks 
Mahu2021: bets $0.57
M.Tikhonov: calls $0.57
*** TURN *** [8s 9d 6s] [Kc]
M.Tikhonov: checks 
Mahu2021: checks 
*** RIVER *** [8s 9d 6s Kc] [Tc]
M.Tikhonov: checks 
Mahu2021: checks 
*** SHOW DOWN ***
M.Tikhonov: shows [6h 8h] (two pair, Eights and Sixes)
Mahu2021: mucks hand 
M.Tikhonov collected $1.66 from pot
*** SUMMARY ***
Total pot $1.74 | Rake $0.08 
Board [8s 9d 6s Kc Tc]
Seat 1: pcsk8 (button) folded before Flop (didn't bet)
Seat 2: M.Tikhonov (small blind) showed [6h 8h] and won ($1.66) with two pair, Eights and Sixes
Seat 3: Mahu2021 (big blind) mucked [9h Ad]
Seat 4: jksgoodgz folded before Flop (didn't bet)
Seat 5: yoyonaty23 folded before Flop (didn't bet)
Seat 6: Luffy V folded before Flop (didn't bet)



PokerStars Zoom Hand #255719357335:  Hold'em No Limit ($0.05/$0.10) - 2025/04/13 19:53:54 CET [2025/04/13 13:53:54 ET]
Table 'Aludra' 6-max Seat #1 is the button
Seat 1: Gto_gtfo ($11.95 in chips) 
Seat 2: Mic3R ($5.99 in chips) 
Seat 3: anacarlacelso ($11.91 in chips) 
Seat 4: looser00091 ($29.33 in chips) 
Seat 5: Mahu2021 ($7.35 in chips) 
Seat 6: THMN30 ($16.28 in chips) 
Mic3R: posts small blind $0.05
anacarlacelso: posts big blind $0.10
*** HOLE CARDS ***
Dealt to Mahu2021 [8s 7h]
looser00091: folds 
Mahu2021: folds 
THMN30: folds 
Gto_gtfo: folds 
Mic3R: folds 
Uncalled bet ($0.05) returned to anacarlacelso
anacarlacelso collected $0.10 from pot
anacarlacelso: doesn't show hand 
*** SUMMARY ***
Total pot $0.10 | Rake $0 
Seat 1: Gto_gtfo (button) folded before Flop (didn't bet)
Seat 2: Mic3R (small blind) folded before Flop
Seat 3: anacarlacelso (big blind) collected ($0.10)
Seat 4: looser00091 folded before Flop (didn't bet)
Seat 5: Mahu2021 folded before Flop (didn't bet)
Seat 6: THMN30 folded before Flop (didn't bet)



PokerStars Zoom Hand #255719355869:  Hold'em No Limit ($0.05/$0.10) - 2025/04/13 19:53:49 CET [2025/04/13 13:53:49 ET]
Table 'Aludra' 6-max Seat #1 is the button
Seat 1: dreexxar ($21.49 in chips) 
Seat 2: r1bkata ($14.78 in chips) 
Seat 3: M.Tikhonov ($14.01 in chips) 
Seat 4: offodds ($13.17 in chips) 
Seat 5: Mahu2021 ($7.35 in chips) 
Seat 6: Mic3R ($9.38 in chips) 
r1bkata: posts small blind $0.05
M.Tikhonov: posts big blind $0.10
*** HOLE CARDS ***
Dealt to Mahu2021 [Qs 8d]
offodds: raises $0.12 to $0.22
Mahu2021: folds 
Mic3R: folds 
dreexxar: folds 
r1bkata: folds 
M.Tikhonov: folds 
Uncalled bet ($0.12) returned to offodds
offodds collected $0.25 from pot
offodds: doesn't show hand 
*** SUMMARY ***
Total pot $0.25 | Rake $0 
Seat 1: dreexxar (button) folded before Flop (didn't bet)
Seat 2: r1bkata (small blind) folded before Flop
Seat 3: M.Tikhonov (big blind) folded before Flop
Seat 4: offodds collected ($0.25)
Seat 5: Mahu2021 folded before Flop (didn't bet)
Seat 6: Mic3R folded before Flop (didn't bet)



PokerStars Zoom Hand #255719359125:  Hold'em No Limit ($0.05/$0.10) - 2025/04/13 19:54:00 CET [2025/04/13 13:54:00 ET]
Table 'Aludra' 6-max Seat #1 is the button
Seat 1: Mahu2021 ($7.35 in chips) 
Seat 2: Redo3112 ($12.41 in chips) 
Seat 3: pcsk8 ($10 in chips) 
Seat 4: serzin68 ($10 in chips) 
Seat 5: ddoctah ($10 in chips) 
Seat 6: kogam20590 ($16.56 in chips) 
Redo3112: posts small blind $0.05
pcsk8: posts big blind $0.10
*** HOLE CARDS ***
Dealt to Mahu2021 [6h 9d]
serzin68: folds 
ddoctah: raises $0.10 to $0.20
kogam20590: folds 
Mahu2021: folds 
Redo3112: folds 
pcsk8: folds 
Uncalled bet ($0.10) returned to ddoctah
ddoctah collected $0.25 from pot
ddoctah: doesn't show hand 
*** SUMMARY ***
Total pot $0.25 | Rake $0 
Seat 1: Mahu2021 (button) folded before Flop (didn't bet)
Seat 2: Redo3112 (small blind) folded before Flop
Seat 3: pcsk8 (big blind) folded before Flop
Seat 4: serzin68 folded before Flop (didn't bet)
Seat 5: ddoctah collected ($0.25)
Seat 6: kogam20590 folded before Flop (didn't bet)



PokerStars Zoom Hand #255719360091:  Hold'em No Limit ($0.05/$0.10) - 2025/04/13 19:54:04 CET [2025/04/13 13:54:04 ET]
Table 'Aludra' 6-max Seat #1 is the button
Seat 1: offodds ($11.29 in chips) 
Seat 2: jksgoodgz ($10 in chips) 
Seat 3: PupleCat ($14.97 in chips) 
Seat 4: Mahu2021 ($7.35 in chips) 
Seat 5: Gto_gtfo ($16.70 in chips) 
Seat 6: Matzet1ka ($11.54 in chips) 
jksgoodgz: posts small blind $0.05
PupleCat: posts big blind $0.10
*** HOLE CARDS ***
Dealt to Mahu2021 [9h 9c]
Mahu2021: raises $0.10 to $0.20
Gto_gtfo: folds 
Matzet1ka: folds 
offodds: folds 
jksgoodgz: folds 
PupleCat: folds 
Uncalled bet ($0.10) returned to Mahu2021
Mahu2021 collected $0.25 from pot
Mahu2021: doesn't show hand 
*** SUMMARY ***
Total pot $0.25 | Rake $0 
Seat 1: offodds (button) folded before Flop (didn't bet)
Seat 2: jksgoodgz (small blind) folded before Flop
Seat 3: PupleCat (big blind) folded before Flop
Seat 4: Mahu2021 collected ($0.25)
Seat 5: Gto_gtfo folded before Flop (didn't bet)
Seat 6: Matzet1ka folded before Flop (didn't bet)



PokerStars Zoom Hand #255719363451:  Hold'em No Limit ($0.05/$0.10) - 2025/04/13 19:54:15 CET [2025/04/13 13:54:15 ET]
Table 'Aludra' 6-max Seat #1 is the button
Seat 1: Maxam12 ($11.69 in chips) 
Seat 2: Mahu2021 ($7.50 in chips) 
Seat 3: COVEIROANCAP ($11.03 in chips) 
Seat 4: Luffy V ($13.65 in chips) 
Seat 5: DS_Zebra ($6.81 in chips) 
Seat 6: Mic3R ($5.84 in chips) 
Mahu2021: posts small blind $0.05
COVEIROANCAP: posts big blind $0.10
*** HOLE CARDS ***
Dealt to Mahu2021 [8s 7c]
Luffy V: folds 
DS_Zebra: folds 
Mic3R: folds 
Maxam12: raises $0.20 to $0.30
Mahu2021: folds 
COVEIROANCAP: folds 
Uncalled bet ($0.20) returned to Maxam12
Maxam12 collected $0.25 from pot
Maxam12: doesn't show hand 
*** SUMMARY ***
Total pot $0.25 | Rake $0 
Seat 1: Maxam12 (button) collected ($0.25)
Seat 2: Mahu2021 (small blind) folded before Flop
Seat 3: COVEIROANCAP (big blind) folded before Flop
Seat 4: Luffy V folded before Flop (didn't bet)
Seat 5: DS_Zebra folded before Flop (didn't bet)
Seat 6: Mic3R folded before Flop (didn't bet)



PokerStars Zoom Hand #255719367351:  Hold'em No Limit ($0.05/$0.10) - 2025/04/13 19:54:29 CET [2025/04/13 13:54:29 ET]
Table 'Aludra' 6-max Seat #1 is the button
Seat 1: Mahu2021 ($7.35 in chips) 
Seat 2: Gto_gtfo ($11.85 in chips) 
Seat 3: qwertas4 ($5.87 in chips) 
Seat 4: ciceron86 ($10 in chips) 
Seat 5: A_Rommel ($13.37 in chips) 
Seat 6: rado9401 ($9.85 in chips) 
Gto_gtfo: posts small blind $0.05
qwertas4: posts big blind $0.10
*** HOLE CARDS ***
Dealt to Mahu2021 [7h 6d]
ciceron86: folds 
A_Rommel: raises $0.10 to $0.20
rado9401: folds 
Mahu2021: folds 
Gto_gtfo: folds 
qwertas4: folds 
Uncalled bet ($0.10) returned to A_Rommel
A_Rommel collected $0.25 from pot
A_Rommel: doesn't show hand 
*** SUMMARY ***
Total pot $0.25 | Rake $0 
Seat 1: Mahu2021 (button) folded before Flop (didn't bet)
Seat 2: Gto_gtfo (small blind) folded before Flop
Seat 3: qwertas4 (big blind) folded before Flop
Seat 4: ciceron86 folded before Flop (didn't bet)
Seat 5: A_Rommel collected ($0.25)
Seat 6: rado9401 folded before Flop (didn't bet)



PokerStars Zoom Hand #255719370937:  Hold'em No Limit ($0.05/$0.10) - 2025/04/13 19:54:41 CET [2025/04/13 13:54:41 ET]
Table 'Aludra' 6-max Seat #1 is the button
Seat 1: Mic3R ($6.09 in chips) 
Seat 2: M.Tikhonov ($13.91 in chips) 
Seat 3: Vadim91_blr ($12.59 in chips) 
Seat 4: Windows 21xp ($10 in chips) 
Seat 5: Mahu2021 ($7.30 in chips) 
Seat 6: qwertas4 ($5.77 in chips) 
M.Tikhonov: posts small blind $0.05
Vadim91_blr: posts big blind $0.10
*** HOLE CARDS ***
Dealt to Mahu2021 [Js 7h]
Windows 21xp: folds 
Mahu2021: folds 
qwertas4: folds 
Mic3R: folds 
M.Tikhonov: folds 
Uncalled bet ($0.05) returned to Vadim91_blr
Vadim91_blr collected $0.10 from pot
Vadim91_blr: doesn't show hand 
*** SUMMARY ***
Total pot $0.10 | Rake $0 
Seat 1: Mic3R (button) folded before Flop (didn't bet)
Seat 2: M.Tikhonov (small blind) folded before Flop
Seat 3: Vadim91_blr (big blind) collected ($0.10)
Seat 4: Windows 21xp folded before Flop (didn't bet)
Seat 5: Mahu2021 folded before Flop (didn't bet)
Seat 6: qwertas4 folded before Flop (didn't bet)



PokerStars Zoom Hand #255719368306:  Hold'em No Limit ($0.05/$0.10) - 2025/04/13 19:54:32 CET [2025/04/13 13:54:32 ET]
Table 'Aludra' 6-max Seat #1 is the button
Seat 1: cyder11 ($13.59 in chips) 
Seat 2: Mahu2021 ($7.35 in chips) 
Seat 3: Matzet1ka ($11.45 in chips) 
Seat 4: Mkeys100 ($17.87 in chips) 
Seat 5: ciceron86 ($15.21 in chips) 
Seat 6: bungee134 ($26.47 in chips) 
Mahu2021: posts small blind $0.05
Matzet1ka: posts big blind $0.10
*** HOLE CARDS ***
Dealt to Mahu2021 [8h 6h]
Mkeys100: folds 
ciceron86: raises $0.12 to $0.22
bungee134: folds 
cyder11: folds 
Mahu2021: folds 
Matzet1ka: folds 
Uncalled bet ($0.12) returned to ciceron86
ciceron86 collected $0.25 from pot
ciceron86: doesn't show hand 
*** SUMMARY ***
Total pot $0.25 | Rake $0 
Seat 1: cyder11 (button) folded before Flop (didn't bet)
Seat 2: Mahu2021 (small blind) folded before Flop
Seat 3: Matzet1ka (big blind) folded before Flop
Seat 4: Mkeys100 folded before Flop (didn't bet)
Seat 5: ciceron86 collected ($0.25)
Seat 6: bungee134 folded before Flop (didn't bet)



PokerStars Zoom Hand #255719369406:  Hold'em No Limit ($0.05/$0.10) - 2025/04/13 19:54:36 CET [2025/04/13 13:54:36 ET]
Table 'Aludra' 6-max Seat #1 is the button
Seat 1: THMN30 ($10.40 in chips) 
Seat 2: Luffy V ($13.62 in chips) 
Seat 3: aaasss422 ($7.66 in chips) 
Seat 4: tatazinha_fp ($3.23 in chips) 
Seat 5: bungee134 ($26.47 in chips) 
Seat 6: Mahu2021 ($7.30 in chips) 
Luffy V: posts small blind $0.05
aaasss422: posts big blind $0.10
*** HOLE CARDS ***
Dealt to Mahu2021 [Qs 9h]
tatazinha_fp: folds 
bungee134: folds 
Mahu2021: folds 
THMN30: folds 
Luffy V: raises $0.20 to $0.30
aaasss422: calls $0.20
*** FLOP *** [Tc Ac Kh]
Luffy V: checks 
aaasss422: checks 
*** TURN *** [Tc Ac Kh] [3h]
Luffy V: bets $0.43
aaasss422: folds 
Uncalled bet ($0.43) returned to Luffy V
Luffy V collected $0.57 from pot
Luffy V: doesn't show hand 
*** SUMMARY ***
Total pot $0.60 | Rake $0.03 
Board [Tc Ac Kh 3h]
Seat 1: THMN30 (button) folded before Flop (didn't bet)
Seat 2: Luffy V (small blind) collected ($0.57)
Seat 3: aaasss422 (big blind) folded on the Turn
Seat 4: tatazinha_fp folded before Flop (didn't bet)
Seat 5: bungee134 folded before Flop (didn't bet)
Seat 6: Mahu2021 folded before Flop (didn't bet)



PokerStars Zoom Hand #255719364380:  Hold'em No Limit ($0.05/$0.10) - 2025/04/13 19:54:18 CET [2025/04/13 13:54:18 ET]
Table 'Aludra' 6-max Seat #1 is the button
Seat 1: looser00091 ($13.47 in chips) 
Seat 2: pcsk8 ($10 in chips) 
Seat 3: Mahu2021 ($7.45 in chips) 
Seat 4: FerreiroNune$ ($20.47 in chips) 
Seat 5: ShipItBaller ($13.13 in chips) 
Seat 6: nul3m0 ($10 in chips) 
pcsk8: posts small blind $0.05
Mahu2021: posts big blind $0.10
*** HOLE CARDS ***
Dealt to Mahu2021 [Tc Qh]
FerreiroNune$: folds 
ShipItBaller: folds 
nul3m0: raises $0.10 to $0.20
looser00091: raises $0.50 to $0.70
pcsk8: folds 
Mahu2021: folds 
nul3m0: calls $0.50
*** FLOP *** [Kd 3c Ac]
nul3m0: checks 
looser00091: bets $0.44
nul3m0: calls $0.44
*** TURN *** [Kd 3c Ac] [Kc]
nul3m0: checks 
looser00091: checks 
*** RIVER *** [Kd 3c Ac Kc] [9h]
nul3m0: checks 
looser00091: bets $0.70
nul3m0: calls $0.70
*** SHOW DOWN ***
looser00091: shows [As 9s] (two pair, Aces and Kings)
nul3m0: shows [Th Ah] (two pair, Aces and Kings - Ten kicker)
nul3m0 collected $3.62 from pot
*** SUMMARY ***
Total pot $3.83 | Rake $0.21 
Board [Kd 3c Ac Kc 9h]
Seat 1: looser00091 (button) showed [As 9s] and lost with two pair, Aces and Kings
Seat 2: pcsk8 (small blind) folded before Flop
Seat 3: Mahu2021 (big blind) folded before Flop
Seat 4: FerreiroNune$ folded before Flop (didn't bet)
Seat 5: ShipItBaller folded before Flop (didn't bet)
Seat 6: nul3m0 showed [Th Ah] and won ($3.62) with two pair, Aces and Kings



PokerStars Zoom Hand #255719372054:  Hold'em No Limit ($0.05/$0.10) - 2025/04/13 19:54:44 CET [2025/04/13 13:54:44 ET]
Table 'Aludra' 6-max Seat #1 is the button
Seat 1: royacht ($6.10 in chips) 
Seat 2: BilaTserkva00 ($11.24 in chips) 
Seat 3: kogam20590 ($16.36 in chips) 
Seat 4: Mahu2021 ($7.30 in chips) 
Seat 5: offodds ($13.57 in chips) 
Seat 6: A_Rommel ($33.54 in chips) 
BilaTserkva00: posts small blind $0.05
kogam20590: posts big blind $0.10
*** HOLE CARDS ***
Dealt to Mahu2021 [Tc Td]
Mahu2021: raises $0.10 to $0.20
offodds: folds 
A_Rommel: raises $0.75 to $0.95
royacht: folds 
BilaTserkva00: folds 
kogam20590: folds 
Mahu2021: calls $0.75
*** FLOP *** [7s 5s Js]
Mahu2021: checks 
A_Rommel: checks 
*** TURN *** [7s 5s Js] [5h]
Mahu2021: checks 
A_Rommel: checks 
*** RIVER *** [7s 5s Js 5h] [Kd]
Mahu2021: checks 
A_Rommel: checks 
*** SHOW DOWN ***
Mahu2021: shows [Tc Td] (two pair, Tens and Fives)
A_Rommel: mucks hand 
Mahu2021 collected $1.96 from pot
*** SUMMARY ***
Total pot $2.05 | Rake $0.09 
Board [7s 5s Js 5h Kd]
Seat 1: royacht (button) folded before Flop (didn't bet)
Seat 2: BilaTserkva00 (small blind) folded before Flop
Seat 3: kogam20590 (big blind) folded before Flop
Seat 4: Mahu2021 showed [Tc Td] and won ($1.96) with two pair, Tens and Fives
Seat 5: offodds folded before Flop (didn't bet)
Seat 6: A_Rommel mucked [Qc Ad]



PokerStars Zoom Hand #255719380699:  Hold'em No Limit ($0.05/$0.10) - 2025/04/13 19:55:19 CET [2025/04/13 13:55:19 ET]
Table 'Aludra' 6-max Seat #1 is the button
Seat 1: ShipItBaller ($14.06 in chips) 
Seat 2: strashilisht ($10.41 in chips) 
Seat 3: ciceron86 ($10 in chips) 
Seat 4: biztrip ($14.63 in chips) 
Seat 5: looser00091 ($29.46 in chips) 
Seat 6: Mahu2021 ($8.31 in chips) 
strashilisht: posts small blind $0.05
ciceron86: posts big blind $0.10
*** HOLE CARDS ***
Dealt to Mahu2021 [5s 4s]
biztrip: folds 
looser00091: folds 
Mahu2021: raises $0.10 to $0.20
ShipItBaller: folds 
strashilisht: folds 
ciceron86: folds 
Uncalled bet ($0.10) returned to Mahu2021
Mahu2021 collected $0.25 from pot
Mahu2021: doesn't show hand 
*** SUMMARY ***
Total pot $0.25 | Rake $0 
Seat 1: ShipItBaller (button) folded before Flop (didn't bet)
Seat 2: strashilisht (small blind) folded before Flop
Seat 3: ciceron86 (big blind) folded before Flop
Seat 4: biztrip folded before Flop (didn't bet)
Seat 5: looser00091 folded before Flop (didn't bet)
Seat 6: Mahu2021 collected ($0.25)



PokerStars Zoom Hand #255719383038:  Hold'em No Limit ($0.05/$0.10) - 2025/04/13 19:55:33 CET [2025/04/13 13:55:33 ET]
Table 'Aludra' 6-max Seat #1 is the button
Seat 1: jksgoodgz ($10.27 in chips) 
Seat 2: THMN30 ($16.48 in chips) 
Seat 3: pokerstars1942 ($10 in chips) 
Seat 4: wiking ($12.31 in chips) 
Seat 5: Mahu2021 ($8.46 in chips) 
Seat 6: Dysper ($11.86 in chips) 
THMN30: posts small blind $0.05
pokerstars1942: posts big blind $0.10
*** HOLE CARDS ***
Dealt to Mahu2021 [5d 2c]
wiking: folds 
Mahu2021: folds 
Dysper: raises $0.20 to $0.30
jksgoodgz: folds 
THMN30: raises $0.90 to $1.20
pokerstars1942: folds 
Dysper: folds 
Uncalled bet ($0.90) returned to THMN30
THMN30 collected $0.70 from pot
THMN30: doesn't show hand 
*** SUMMARY ***
Total pot $0.70 | Rake $0 
Seat 1: jksgoodgz (button) folded before Flop (didn't bet)
Seat 2: THMN30 (small blind) collected ($0.70)
Seat 3: pokerstars1942 (big blind) folded before Flop
Seat 4: wiking folded before Flop (didn't bet)
Seat 5: Mahu2021 folded before Flop (didn't bet)
Seat 6: Dysper folded before Flop



PokerStars Zoom Hand #255719384357:  Hold'em No Limit ($0.05/$0.10) - 2025/04/13 19:55:41 CET [2025/04/13 13:55:41 ET]
Table 'Aludra' 6-max Seat #1 is the button
Seat 1: tsom1 ($13.21 in chips) 
Seat 2: pokerstars1942 ($9.90 in chips) 
Seat 3: Mahu2021 ($8.41 in chips) 
Seat 4: COVEIROANCAP ($17.43 in chips) 
Seat 5: Daikj ($12.18 in chips) 
Seat 6: Gto_gtfo ($17.41 in chips) 
pokerstars1942: posts small blind $0.05
Mahu2021: posts big blind $0.10
*** HOLE CARDS ***
Dealt to Mahu2021 [2s Th]
COVEIROANCAP has timed out
COVEIROANCAP: folds 
Daikj: folds 
Gto_gtfo: folds 
tsom1: folds 
pokerstars1942: raises $0.20 to $0.30
Mahu2021: folds 
Uncalled bet ($0.20) returned to pokerstars1942
pokerstars1942 collected $0.20 from pot
pokerstars1942: doesn't show hand 
*** SUMMARY ***
Total pot $0.20 | Rake $0 
Seat 1: tsom1 (button) folded before Flop (didn't bet)
Seat 2: pokerstars1942 (small blind) collected ($0.20)
Seat 3: Mahu2021 (big blind) folded before Flop
Seat 4: COVEIROANCAP folded before Flop (didn't bet)
Seat 5: Daikj folded before Flop (didn't bet)
Seat 6: Gto_gtfo folded before Flop (didn't bet)



PokerStars Zoom Hand #255719383698:  Hold'em No Limit ($0.05/$0.10) - 2025/04/13 19:55:37 CET [2025/04/13 13:55:37 ET]
Table 'Aludra' 6-max Seat #1 is the button
Seat 1: Mkeys100 ($12.57 in chips) 
Seat 2: Mahu2021 ($8.46 in chips) 
Seat 3: pcsk8 ($18.64 in chips) 
Seat 4: pokerkiran04 ($12.11 in chips) 
Seat 5: FerreiroNune$ ($10 in chips) 
Seat 6: Bekbolat69 ($2.32 in chips) 
Mahu2021: posts small blind $0.05
pcsk8: posts big blind $0.10
*** HOLE CARDS ***
Dealt to Mahu2021 [8h Ac]
pokerkiran04: folds 
FerreiroNune$: folds 
Bekbolat69: raises $0.25 to $0.35
Mkeys100: folds 
Mahu2021: folds 
pcsk8: folds 
Uncalled bet ($0.25) returned to Bekbolat69
Bekbolat69 collected $0.25 from pot
Bekbolat69: doesn't show hand 
*** SUMMARY ***
Total pot $0.25 | Rake $0 
Seat 1: Mkeys100 (button) folded before Flop (didn't bet)
Seat 2: Mahu2021 (small blind) folded before Flop
Seat 3: pcsk8 (big blind) folded before Flop
Seat 4: pokerkiran04 folded before Flop (didn't bet)
Seat 5: FerreiroNune$ folded before Flop (didn't bet)
Seat 6: Bekbolat69 collected ($0.25)



PokerStars Zoom Hand #255719389628:  Hold'em No Limit ($0.05/$0.10) - 2025/04/13 19:56:12 CET [2025/04/13 13:56:12 ET]
Table 'Aludra' 6-max Seat #1 is the button
Seat 1: dreexxar ($10 in chips) 
Seat 2: PizzaSimo94 ($18.11 in chips) 
Seat 3: Mahu2021 ($8.31 in chips) 
Seat 4: FerreiroNune$ ($17.39 in chips) 
Seat 5: Gioovanni_99 ($27.76 in chips) 
Seat 6: Mic3R ($14.03 in chips) 
PizzaSimo94: posts small blind $0.05
Mahu2021: posts big blind $0.10
*** HOLE CARDS ***
Dealt to Mahu2021 [6s 4c]
FerreiroNune$: folds 
Gioovanni_99: raises $0.10 to $0.20
Mic3R: folds 
dreexxar: folds 
PizzaSimo94: folds 
Mahu2021: folds 
Uncalled bet ($0.10) returned to Gioovanni_99
Gioovanni_99 collected $0.25 from pot
Gioovanni_99: doesn't show hand 
*** SUMMARY ***
Total pot $0.25 | Rake $0 
Seat 1: dreexxar (button) folded before Flop (didn't bet)
Seat 2: PizzaSimo94 (small blind) folded before Flop
Seat 3: Mahu2021 (big blind) folded before Flop
Seat 4: FerreiroNune$ folded before Flop (didn't bet)
Seat 5: Gioovanni_99 collected ($0.25)
Seat 6: Mic3R folded before Flop (didn't bet)



PokerStars Zoom Hand #255719387477:  Hold'em No Limit ($0.05/$0.10) - 2025/04/13 19:55:59 CET [2025/04/13 13:55:59 ET]
Table 'Aludra' 6-max Seat #1 is the button
Seat 1: Mahu2021 ($8.31 in chips) 
Seat 2: offodds ($31.61 in chips) 
Seat 3: yemberlr8 ($5 in chips) 
Seat 4: ciceron86 ($10 in chips) 
Seat 5: qwertas4 ($5.85 in chips) 
Seat 6: kingfisher898 ($11.55 in chips) 
offodds: posts small blind $0.05
yemberlr8: posts big blind $0.10
*** HOLE CARDS ***
Dealt to Mahu2021 [Qc 5c]
ciceron86: raises $0.12 to $0.22
qwertas4: calls $0.22
kingfisher898: folds 
Mahu2021: folds 
offodds: folds 
yemberlr8: folds 
*** FLOP *** [5s 6d 9d]
ciceron86: checks 
qwertas4: checks 
*** TURN *** [5s 6d 9d] [Qh]
ciceron86: bets $0.37
qwertas4: folds 
Uncalled bet ($0.37) returned to ciceron86
ciceron86 collected $0.56 from pot
ciceron86: doesn't show hand 
*** SUMMARY ***
Total pot $0.59 | Rake $0.03 
Board [5s 6d 9d Qh]
Seat 1: Mahu2021 (button) folded before Flop (didn't bet)
Seat 2: offodds (small blind) folded before Flop
Seat 3: yemberlr8 (big blind) folded before Flop
Seat 4: ciceron86 collected ($0.56)
Seat 5: qwertas4 folded on the Turn
Seat 6: kingfisher898 folded before Flop (didn't bet)



PokerStars Zoom Hand #255719390687:  Hold'em No Limit ($0.05/$0.10) - 2025/04/13 19:56:18 CET [2025/04/13 13:56:18 ET]
Table 'Aludra' 6-max Seat #1 is the button
Seat 1: jksgoodgz ($10.28 in chips) 
Seat 2: Vadim91_blr ($10 in chips) 
Seat 3: Ruabe ($10 in chips) 
Seat 4: Mahu2021 ($8.21 in chips) 
Seat 5: pcsk8 ($10.15 in chips) 
Seat 6: COVEIROANCAP ($19.41 in chips) 
Vadim91_blr: posts small blind $0.05
Ruabe: posts big blind $0.10
*** HOLE CARDS ***
Dealt to Mahu2021 [Qh 3s]
Mahu2021: folds 
pcsk8: raises $0.25 to $0.35
COVEIROANCAP: folds 
jksgoodgz: folds 
Vadim91_blr: folds 
Ruabe: folds 
Uncalled bet ($0.25) returned to pcsk8
pcsk8 collected $0.25 from pot
pcsk8: doesn't show hand 
*** SUMMARY ***
Total pot $0.25 | Rake $0 
Seat 1: jksgoodgz (button) folded before Flop (didn't bet)
Seat 2: Vadim91_blr (small blind) folded before Flop
Seat 3: Ruabe (big blind) folded before Flop
Seat 4: Mahu2021 folded before Flop (didn't bet)
Seat 5: pcsk8 collected ($0.25)
Seat 6: COVEIROANCAP folded before Flop (didn't bet)



PokerStars Zoom Hand #255719389118:  Hold'em No Limit ($0.05/$0.10) - 2025/04/13 19:56:09 CET [2025/04/13 13:56:09 ET]
Table 'Aludra' 6-max Seat #1 is the button
Seat 1: stevenbuk12 ($10 in chips) 
Seat 2: dreexxar ($10.05 in chips) 
Seat 3: r1bkata ($20.75 in chips) 
Seat 4: Gto_gtfo ($11.40 in chips) 
Seat 5: COVEIROANCAP ($10 in chips) 
Seat 6: Mahu2021 ($8.31 in chips) 
dreexxar: posts small blind $0.05
r1bkata: posts big blind $0.10
*** HOLE CARDS ***
Dealt to Mahu2021 [Js 5c]
Gto_gtfo: raises $0.12 to $0.22
COVEIROANCAP: folds 
Mahu2021: folds 
stevenbuk12: raises $0.48 to $0.70
dreexxar: folds 
r1bkata: folds 
Gto_gtfo: calls $0.48
*** FLOP *** [Qc Ac 3s]
Gto_gtfo: checks 
stevenbuk12: bets $0.49
Gto_gtfo: folds 
Uncalled bet ($0.49) returned to stevenbuk12
stevenbuk12 collected $1.48 from pot
stevenbuk12: doesn't show hand 
*** SUMMARY ***
Total pot $1.55 | Rake $0.07 
Board [Qc Ac 3s]
Seat 1: stevenbuk12 (button) collected ($1.48)
Seat 2: dreexxar (small blind) folded before Flop
Seat 3: r1bkata (big blind) folded before Flop
Seat 4: Gto_gtfo folded on the Flop
Seat 5: COVEIROANCAP folded before Flop (didn't bet)
Seat 6: Mahu2021 folded before Flop (didn't bet)



PokerStars Zoom Hand #255719392515:  Hold'em No Limit ($0.05/$0.10) - 2025/04/13 19:56:29 CET [2025/04/13 13:56:29 ET]
Table 'Aludra' 6-max Seat #1 is the button
Seat 1: BilaTserkva00 ($10.70 in chips) 
Seat 2: Mahu2021 ($8.21 in chips) 
Seat 3: Dysper ($11.36 in chips) 
Seat 4: Luffy V ($10 in chips) 
Seat 5: looser00091 ($12.21 in chips) 
Seat 6: M.Tikhonov ($7.68 in chips) 
Mahu2021: posts small blind $0.05
Dysper: posts big blind $0.10
*** HOLE CARDS ***
Dealt to Mahu2021 [5h 8h]
Luffy V: folds 
looser00091: folds 
M.Tikhonov: folds 
BilaTserkva00: raises $0.15 to $0.25
Mahu2021: folds 
Dysper: folds 
Uncalled bet ($0.15) returned to BilaTserkva00
BilaTserkva00 collected $0.25 from pot
BilaTserkva00: doesn't show hand 
*** SUMMARY ***
Total pot $0.25 | Rake $0 
Seat 1: BilaTserkva00 (button) collected ($0.25)
Seat 2: Mahu2021 (small blind) folded before Flop
Seat 3: Dysper (big blind) folded before Flop
Seat 4: Luffy V folded before Flop (didn't bet)
Seat 5: looser00091 folded before Flop (didn't bet)
Seat 6: M.Tikhonov folded before Flop (didn't bet)



PokerStars Zoom Hand #255719391369:  Hold'em No Limit ($0.05/$0.10) - 2025/04/13 19:56:22 CET [2025/04/13 13:56:22 ET]
Table 'Aludra' 6-max Seat #1 is the button
Seat 1: Mahu2021 ($8.21 in chips) 
Seat 2: Baratrum777 ($10.72 in chips) 
Seat 3: qwertas4 ($5.63 in chips) 
Seat 4: rado9401 ($10.35 in chips) 
Seat 5: r1bkata ($20.65 in chips) 
Seat 6: jksgoodgz ($12.57 in chips) 
Baratrum777: posts small blind $0.05
qwertas4: posts big blind $0.10
*** HOLE CARDS ***
Dealt to Mahu2021 [7h Qc]
rado9401: folds 
r1bkata: folds 
jksgoodgz: raises $0.13 to $0.23
Mahu2021: folds 
Baratrum777: folds 
qwertas4: calls $0.13
*** FLOP *** [7c Qd 3d]
qwertas4: checks 
jksgoodgz: checks 
*** TURN *** [7c Qd 3d] [9d]
qwertas4: checks 
jksgoodgz: checks 
*** RIVER *** [7c Qd 3d 9d] [Js]
qwertas4: checks 
jksgoodgz: bets $0.37
qwertas4: folds 
Uncalled bet ($0.37) returned to jksgoodgz
jksgoodgz collected $0.49 from pot
jksgoodgz: doesn't show hand 
*** SUMMARY ***
Total pot $0.51 | Rake $0.02 
Board [7c Qd 3d 9d Js]
Seat 1: Mahu2021 (button) folded before Flop (didn't bet)
Seat 2: Baratrum777 (small blind) folded before Flop
Seat 3: qwertas4 (big blind) folded on the River
Seat 4: rado9401 folded before Flop (didn't bet)
Seat 5: r1bkata folded before Flop (didn't bet)
Seat 6: jksgoodgz collected ($0.49)



PokerStars Zoom Hand #255719388435:  Hold'em No Limit ($0.05/$0.10) - 2025/04/13 19:56:05 CET [2025/04/13 13:56:05 ET]
Table 'Aludra' 6-max Seat #1 is the button
Seat 1: FerreiroNune$ ($10.05 in chips) 
Seat 2: tatazinha_fp ($2.73 in chips) 
Seat 3: ddoctah ($13.41 in chips) 
Seat 4: pcsk8 ($12.07 in chips) 
Seat 5: Mahu2021 ($8.31 in chips) 
Seat 6: pokerstars1942 ($10 in chips) 
tatazinha_fp: posts small blind $0.05
ddoctah: posts big blind $0.10
*** HOLE CARDS ***
Dealt to Mahu2021 [3h As]
pcsk8: folds 
Mahu2021: folds 
pokerstars1942: folds 
FerreiroNune$: raises $0.15 to $0.25
tatazinha_fp: folds 
ddoctah: calls $0.15
*** FLOP *** [8s 8h 7s]
ddoctah: checks 
FerreiroNune$: checks 
*** TURN *** [8s 8h 7s] [4s]
ddoctah: checks 
FerreiroNune$: checks 
*** RIVER *** [8s 8h 7s 4s] [3d]
ddoctah: bets $1.40
FerreiroNune$: folds 
Uncalled bet ($1.40) returned to ddoctah
ddoctah collected $0.53 from pot
ddoctah: doesn't show hand 
*** SUMMARY ***
Total pot $0.55 | Rake $0.02 
Board [8s 8h 7s 4s 3d]
Seat 1: FerreiroNune$ (button) folded on the River
Seat 2: tatazinha_fp (small blind) folded before Flop
Seat 3: ddoctah (big blind) collected ($0.53)
Seat 4: pcsk8 folded before Flop (didn't bet)
Seat 5: Mahu2021 folded before Flop (didn't bet)
Seat 6: pokerstars1942 folded before Flop (didn't bet)



PokerStars Zoom Hand #255719393119:  Hold'em No Limit ($0.05/$0.10) - 2025/04/13 19:56:32 CET [2025/04/13 13:56:32 ET]
Table 'Aludra' 6-max Seat #1 is the button
Seat 1: offodds ($11.23 in chips) 
Seat 2: Ruabe ($10 in chips) 
Seat 3: Mahu2021 ($8.16 in chips) 
Seat 4: Mkeys100 ($20.04 in chips) 
Seat 5: crashoverrun ($17.36 in chips) 
Seat 6: Vadim91_blr ($10 in chips) 
Ruabe: posts small blind $0.05
Mahu2021: posts big blind $0.10
*** HOLE CARDS ***
Dealt to Mahu2021 [Ad 5h]
Mkeys100: raises $0.10 to $0.20
crashoverrun: folds 
Vadim91_blr: folds 
offodds: folds 
Ruabe: folds 
Mahu2021: calls $0.10
*** FLOP *** [5c 5s 5d]
Mahu2021: checks 
Mkeys100: checks 
*** TURN *** [5c 5s 5d] [7h]
Mahu2021: bets $0.20
Mkeys100: calls $0.20
*** RIVER *** [5c 5s 5d 7h] [Qh]
Mahu2021: bets $0.81
Mkeys100: folds 
Uncalled bet ($0.81) returned to Mahu2021
Mahu2021 collected $0.81 from pot
Mahu2021: doesn't show hand 
*** SUMMARY ***
Total pot $0.85 | Rake $0.04 
Board [5c 5s 5d 7h Qh]
Seat 1: offodds (button) folded before Flop (didn't bet)
Seat 2: Ruabe (small blind) folded before Flop
Seat 3: Mahu2021 (big blind) collected ($0.81)
Seat 4: Mkeys100 folded on the River
Seat 5: crashoverrun folded before Flop (didn't bet)
Seat 6: Vadim91_blr folded before Flop (didn't bet)



PokerStars Zoom Hand #255719391935:  Hold'em No Limit ($0.05/$0.10) - 2025/04/13 19:56:25 CET [2025/04/13 13:56:25 ET]
Table 'Aludra' 6-max Seat #1 is the button
Seat 1: tsom1 ($12.91 in chips) 
Seat 2: ciceron86 ($10 in chips) 
Seat 3: r1bkata ($20.65 in chips) 
Seat 4: aaasss422 ($6.28 in chips) 
Seat 5: Mahu2021 ($8.21 in chips) 
Seat 6: ddoctah ($10.08 in chips) 
ciceron86: posts small blind $0.05
r1bkata: posts big blind $0.10
*** HOLE CARDS ***
Dealt to Mahu2021 [As 8h]
aaasss422: folds 
Mahu2021: folds 
ddoctah: raises $0.15 to $0.25
tsom1: folds 
ciceron86: folds 
r1bkata: calls $0.15
*** FLOP *** [Qs Jc Ks]
r1bkata: checks 
ddoctah: checks 
*** TURN *** [Qs Jc Ks] [Ts]
r1bkata: checks 
ddoctah: checks 
*** RIVER *** [Qs Jc Ks Ts] [2d]
r1bkata: checks 
ddoctah: checks 
*** SHOW DOWN ***
r1bkata: shows [3s 3d] (a pair of Threes)
ddoctah: shows [5h 5s] (a pair of Fives)
ddoctah collected $0.53 from pot
*** SUMMARY ***
Total pot $0.55 | Rake $0.02 
Board [Qs Jc Ks Ts 2d]
Seat 1: tsom1 (button) folded before Flop (didn't bet)
Seat 2: ciceron86 (small blind) folded before Flop
Seat 3: r1bkata (big blind) showed [3s 3d] and lost with a pair of Threes
Seat 4: aaasss422 folded before Flop (didn't bet)
Seat 5: Mahu2021 folded before Flop (didn't bet)
Seat 6: ddoctah showed [5h 5s] and won ($0.53) with a pair of Fives



PokerStars Zoom Hand #255719454001:  Hold'em No Limit ($0.05/$0.10) - 2025/04/13 20:01:44 CET [2025/04/13 14:01:44 ET]
Table 'Aludra' 6-max Seat #1 is the button
Seat 1: ShipItBaller ($14.14 in chips) 
Seat 2: 2hug0 ($10.41 in chips) 
Seat 3: BilaTserkva00 ($10 in chips) 
Seat 4: hattington ($9.92 in chips) 
Seat 5: Mkeys100 ($24.71 in chips) 
Seat 6: Mahu2021 ($8.57 in chips) 
2hug0: posts small blind $0.05
BilaTserkva00: posts big blind $0.10
*** HOLE CARDS ***
Dealt to Mahu2021 [Js 6d]
hattington: folds 
Mkeys100: folds 
Mahu2021: folds 
ShipItBaller: folds 
2hug0: folds 
Uncalled bet ($0.05) returned to BilaTserkva00
BilaTserkva00 collected $0.10 from pot
BilaTserkva00: doesn't show hand 
*** SUMMARY ***
Total pot $0.10 | Rake $0 
Seat 1: ShipItBaller (button) folded before Flop (didn't bet)
Seat 2: 2hug0 (small blind) folded before Flop
Seat 3: BilaTserkva00 (big blind) collected ($0.10)
Seat 4: hattington folded before Flop (didn't bet)
Seat 5: Mkeys100 folded before Flop (didn't bet)
Seat 6: Mahu2021 folded before Flop (didn't bet)



PokerStars Zoom Hand #255719454968:  Hold'em No Limit ($0.05/$0.10) - 2025/04/13 20:01:48 CET [2025/04/13 14:01:48 ET]
Table 'Aludra' 6-max Seat #1 is the button
Seat 1: nul3m0 ($9.99 in chips) 
Seat 2: Mahu2021 ($8.57 in chips) 
Seat 3: Daikj ($13.02 in chips) 
Seat 4: ddoctah ($14.78 in chips) 
Seat 5: ShipItBaller ($14.14 in chips) 
Seat 6: 2hug0 ($10.36 in chips) 
Mahu2021: posts small blind $0.05
Daikj: posts big blind $0.10
*** HOLE CARDS ***
Dealt to Mahu2021 [3h 9h]
ddoctah: raises $0.10 to $0.20
ShipItBaller: folds 
2hug0: folds 
nul3m0: folds 
Mahu2021: folds 
Daikj: folds 
Uncalled bet ($0.10) returned to ddoctah
ddoctah collected $0.25 from pot
ddoctah: doesn't show hand 
*** SUMMARY ***
Total pot $0.25 | Rake $0 
Seat 1: nul3m0 (button) folded before Flop (didn't bet)
Seat 2: Mahu2021 (small blind) folded before Flop
Seat 3: Daikj (big blind) folded before Flop
Seat 4: ddoctah collected ($0.25)
Seat 5: ShipItBaller folded before Flop (didn't bet)
Seat 6: 2hug0 folded before Flop (didn't bet)



PokerStars Zoom Hand #255719455713:  Hold'em No Limit ($0.05/$0.10) - 2025/04/13 20:01:51 CET [2025/04/13 14:01:51 ET]
Table 'Aludra' 6-max Seat #1 is the button
Seat 1: BilaTserkva00 ($10.05 in chips) 
Seat 2: Redo3112 ($11.18 in chips) 
Seat 3: LuchoJacobo8 ($16.23 in chips) 
Seat 4: stevenbuk12 ($10 in chips) 
Seat 5: PupleCat ($13.13 in chips) 
Seat 6: Mahu2021 ($8.52 in chips) 
Redo3112: posts small blind $0.05
LuchoJacobo8: posts big blind $0.10
*** HOLE CARDS ***
Dealt to Mahu2021 [Kc 2h]
stevenbuk12: folds 
PupleCat: folds 
Mahu2021: folds 
BilaTserkva00: folds 
Redo3112: folds 
Uncalled bet ($0.05) returned to LuchoJacobo8
LuchoJacobo8 collected $0.10 from pot
LuchoJacobo8: doesn't show hand 
*** SUMMARY ***
Total pot $0.10 | Rake $0 
Seat 1: BilaTserkva00 (button) folded before Flop (didn't bet)
Seat 2: Redo3112 (small blind) folded before Flop
Seat 3: LuchoJacobo8 (big blind) collected ($0.10)
Seat 4: stevenbuk12 folded before Flop (didn't bet)
Seat 5: PupleCat folded before Flop (didn't bet)
Seat 6: Mahu2021 folded before Flop (didn't bet)



PokerStars Zoom Hand #255719452954:  Hold'em No Limit ($0.05/$0.10) - 2025/04/13 20:01:41 CET [2025/04/13 14:01:41 ET]
Table 'Aludra' 6-max Seat #1 is the button
Seat 1: Mahu2021 ($8.57 in chips) 
Seat 2: aaasss422 ($7.08 in chips) 
Seat 3: Zoom Zap ($9.06 in chips) 
Seat 4: ShipItBaller ($14.04 in chips) 
Seat 5: Mkeys100 ($24.71 in chips) 
Seat 6: Vadim91_blr ($12.05 in chips) 
aaasss422: posts small blind $0.05
Zoom Zap: posts big blind $0.10
*** HOLE CARDS ***
Dealt to Mahu2021 [9d Ts]
ShipItBaller: folds 
Mkeys100: folds 
Vadim91_blr: folds 
Mahu2021: folds 
aaasss422: calls $0.05
Zoom Zap: raises $0.20 to $0.30
aaasss422: calls $0.20
*** FLOP *** [9c 5d Qs]
aaasss422: checks 
Zoom Zap: bets $0.29
aaasss422: calls $0.29
*** TURN *** [9c 5d Qs] [5h]
aaasss422: checks 
Zoom Zap: checks 
*** RIVER *** [9c 5d Qs 5h] [3s]
aaasss422: checks 
Zoom Zap: checks 
*** SHOW DOWN ***
aaasss422: shows [Kc Th] (a pair of Fives)
Zoom Zap: shows [7h 7s] (two pair, Sevens and Fives)
Zoom Zap collected $1.13 from pot
*** SUMMARY ***
Total pot $1.18 | Rake $0.05 
Board [9c 5d Qs 5h 3s]
Seat 1: Mahu2021 (button) folded before Flop (didn't bet)
Seat 2: aaasss422 (small blind) showed [Kc Th] and lost with a pair of Fives
Seat 3: Zoom Zap (big blind) showed [7h 7s] and won ($1.13) with two pair, Sevens and Fives
Seat 4: ShipItBaller folded before Flop (didn't bet)
Seat 5: Mkeys100 folded before Flop (didn't bet)
Seat 6: Vadim91_blr folded before Flop (didn't bet)



PokerStars Zoom Hand #255719456950:  Hold'em No Limit ($0.05/$0.10) - 2025/04/13 20:01:56 CET [2025/04/13 14:01:56 ET]
Table 'Aludra' 6-max Seat #1 is the button
Seat 1: PizzaSimo94 ($15.59 in chips) 
Seat 2: 2hug0 ($20.62 in chips) 
Seat 3: justarifu ($5 in chips) 
Seat 4: royacht ($4.62 in chips) 
Seat 5: Mahu2021 ($8.52 in chips) 
Seat 6: BilaTserkva00 ($12.81 in chips) 
2hug0: posts small blind $0.05
justarifu: posts big blind $0.10
*** HOLE CARDS ***
Dealt to Mahu2021 [Jc Js]
royacht: folds 
Mahu2021: raises $0.20 to $0.30
BilaTserkva00: folds 
PizzaSimo94: raises $0.60 to $0.90
2hug0: folds 
justarifu: folds 
Mahu2021: calls $0.60
*** FLOP *** [Qd 6s Th]
Mahu2021: bets $0.60
PizzaSimo94: folds 
Uncalled bet ($0.60) returned to Mahu2021
Mahu2021 collected $1.86 from pot
Mahu2021: doesn't show hand 
*** SUMMARY ***
Total pot $1.95 | Rake $0.09 
Board [Qd 6s Th]
Seat 1: PizzaSimo94 (button) folded on the Flop
Seat 2: 2hug0 (small blind) folded before Flop
Seat 3: justarifu (big blind) folded before Flop
Seat 4: royacht folded before Flop (didn't bet)
Seat 5: Mahu2021 collected ($1.86)
Seat 6: BilaTserkva00 folded before Flop (didn't bet)



PokerStars Zoom Hand #255719464645:  Hold'em No Limit ($0.05/$0.10) - 2025/04/13 20:02:23 CET [2025/04/13 14:02:23 ET]
Table 'Aludra' 6-max Seat #1 is the button
Seat 1: aki52857 ($4.41 in chips) 
Seat 2: LuchoJacobo8 ($16.28 in chips) 
Seat 3: Mahu2021 ($9.48 in chips) 
Seat 4: cyder11 ($9.99 in chips) 
Seat 5: Ger Cortes ($11.10 in chips) 
Seat 6: COVEIROANCAP ($16.86 in chips) 
LuchoJacobo8: posts small blind $0.05
Mahu2021: posts big blind $0.10
*** HOLE CARDS ***
Dealt to Mahu2021 [Qd Td]
cyder11: folds 
aki52857 is disconnected 
Ger Cortes: folds 
COVEIROANCAP: raises $0.15 to $0.25
aki52857 has timed out while disconnected
aki52857: folds 
LuchoJacobo8: folds 
Mahu2021: calls $0.15
*** FLOP *** [9d Tc Jh]
Mahu2021: bets $0.30
COVEIROANCAP: folds 
Uncalled bet ($0.30) returned to Mahu2021
Mahu2021 collected $0.53 from pot
Mahu2021: doesn't show hand 
*** SUMMARY ***
Total pot $0.55 | Rake $0.02 
Board [9d Tc Jh]
Seat 1: aki52857 (button) folded before Flop (didn't bet)
Seat 2: LuchoJacobo8 (small blind) folded before Flop
Seat 3: Mahu2021 (big blind) collected ($0.53)
Seat 4: cyder11 folded before Flop (didn't bet)
Seat 5: Ger Cortes folded before Flop (didn't bet)
Seat 6: COVEIROANCAP folded on the Flop



PokerStars Zoom Hand #255719475543:  Hold'em No Limit ($0.05/$0.10) - 2025/04/13 20:02:57 CET [2025/04/13 14:02:57 ET]
Table 'Aludra' 6-max Seat #1 is the button
Seat 1: Maxam12 ($16.50 in chips) 
Seat 2: r1bkata ($19.84 in chips) 
Seat 3: iudicus ($11.05 in chips) 
Seat 4: Mahu2021 ($9.76 in chips) 
Seat 5: Retulx ($10 in chips) 
Seat 6: hattington ($9.74 in chips) 
r1bkata: posts small blind $0.05
iudicus: posts big blind $0.10
*** HOLE CARDS ***
Dealt to Mahu2021 [Js Ks]
Mahu2021: raises $0.10 to $0.20
Retulx: folds 
hattington: folds 
Maxam12: folds 
r1bkata: folds 
iudicus: calls $0.10
*** FLOP *** [7h 7d 9c]
iudicus: checks 
Mahu2021: bets $0.20
iudicus: folds 
Uncalled bet ($0.20) returned to Mahu2021
Mahu2021 collected $0.43 from pot
Mahu2021: doesn't show hand 
*** SUMMARY ***
Total pot $0.45 | Rake $0.02 
Board [7h 7d 9c]
Seat 1: Maxam12 (button) folded before Flop (didn't bet)
Seat 2: r1bkata (small blind) folded before Flop
Seat 3: iudicus (big blind) folded on the Flop
Seat 4: Mahu2021 collected ($0.43)
Seat 5: Retulx folded before Flop (didn't bet)
Seat 6: hattington folded before Flop (didn't bet)



PokerStars Zoom Hand #255719482942:  Hold'em No Limit ($0.05/$0.10) - 2025/04/13 20:03:22 CET [2025/04/13 14:03:22 ET]
Table 'Aludra' 6-max Seat #1 is the button
Seat 1: BilaTserkva00 ($10.20 in chips) 
Seat 2: Baratrum777 ($11.12 in chips) 
Seat 3: Redo3112 ($6.93 in chips) 
Seat 4: Mahu2021 ($9.99 in chips) 
Seat 5: 2hug0 ($19.34 in chips) 
Seat 6: Daikj ($12.87 in chips) 
Baratrum777: posts small blind $0.05
Redo3112: posts big blind $0.10
*** HOLE CARDS ***
Dealt to Mahu2021 [3h 9c]
Mahu2021: folds 
2hug0: folds 
Daikj: folds 
BilaTserkva00: folds 
Baratrum777: folds 
Uncalled bet ($0.05) returned to Redo3112
Redo3112 collected $0.10 from pot
Redo3112: doesn't show hand 
*** SUMMARY ***
Total pot $0.10 | Rake $0 
Seat 1: BilaTserkva00 (button) folded before Flop (didn't bet)
Seat 2: Baratrum777 (small blind) folded before Flop
Seat 3: Redo3112 (big blind) collected ($0.10)
Seat 4: Mahu2021 folded before Flop (didn't bet)
Seat 5: 2hug0 folded before Flop (didn't bet)
Seat 6: Daikj folded before Flop (didn't bet)



PokerStars Zoom Hand #255719488312:  Hold'em No Limit ($0.05/$0.10) - 2025/04/13 20:03:40 CET [2025/04/13 14:03:40 ET]
Table 'Aludra' 6-max Seat #1 is the button
Seat 1: honEybOOx ($10.15 in chips) 
Seat 2: Mahu2021 ($9.99 in chips) 
Seat 3: A_Rommel ($30.59 in chips) 
Seat 4: Maxam12 ($16.35 in chips) 
Seat 5: ciceron86 ($11.76 in chips) 
Seat 6: Mkeys100 ($5.28 in chips) 
Mahu2021: posts small blind $0.05
A_Rommel: posts big blind $0.10
*** HOLE CARDS ***
Dealt to Mahu2021 [6s Kc]
Maxam12: folds 
ciceron86: folds 
Mkeys100: folds 
honEybOOx: folds 
Mahu2021: raises $0.20 to $0.30
A_Rommel: folds 
Uncalled bet ($0.20) returned to Mahu2021
Mahu2021 collected $0.20 from pot
Mahu2021: doesn't show hand 
*** SUMMARY ***
Total pot $0.20 | Rake $0 
Seat 1: honEybOOx (button) folded before Flop (didn't bet)
Seat 2: Mahu2021 (small blind) collected ($0.20)
Seat 3: A_Rommel (big blind) folded before Flop
Seat 4: Maxam12 folded before Flop (didn't bet)
Seat 5: ciceron86 folded before Flop (didn't bet)
Seat 6: Mkeys100 folded before Flop (didn't bet)



