PokerStars Zoom Hand #255827291387:  Hold'em No Limit ($0.05/$0.10) - 2025/04/21 13:48:41 CET [2025/04/21 7:48:41 ET]
Table 'Aludra' 6-max Seat #1 is the button
Seat 1: xTicTuux ($7.24 in chips) 
Seat 2: silsilviu ($5.44 in chips) 
Seat 3: Mahu2021 ($10 in chips) 
Seat 4: Bur1k ($5 in chips) 
Seat 5: bloodedesert ($18.55 in chips) 
Seat 6: cp000074 ($10.08 in chips) 
silsilviu: posts small blind $0.05
Mahu2021: posts big blind $0.10
*** HOLE CARDS ***
Dealt to Mahu2021 [Qc 5d]
Bur1k: folds 
bloodedesert: raises $0.15 to $0.25
cp000074: folds 
xTicTuux: folds 
silsilviu: folds 
Mahu2021: folds 
Uncalled bet ($0.15) returned to bloodedesert
bloodedesert collected $0.25 from pot
bloodedesert: doesn't show hand 
*** SUMMARY ***
Total pot $0.25 | Rake $0 
Seat 1: xTicTuux (button) folded before Flop (didn't bet)
Seat 2: silsilviu (small blind) folded before Flop
Seat 3: Mahu2021 (big blind) folded before Flop
Seat 4: Bur1k folded before Flop (didn't bet)
Seat 5: bloodedesert collected ($0.25)
Seat 6: cp000074 folded before Flop (didn't bet)



PokerStars Zoom Hand #255827293276:  Hold'em No Limit ($0.05/$0.10) - 2025/04/21 13:48:56 CET [2025/04/21 7:48:56 ET]
Table 'Aludra' 6-max Seat #1 is the button
Seat 1: Guten3213 ($10.62 in chips) 
Seat 2: Mahu2021 ($9.90 in chips) 
Seat 3: xTicTuux ($7.24 in chips) 
Seat 4: Dré29 ($10 in chips) 
Seat 5: kiks220272 ($10 in chips) 
Seat 6: keirin459 ($10.25 in chips) 
Mahu2021: posts small blind $0.05
xTicTuux: posts big blind $0.10
*** HOLE CARDS ***
Dealt to Mahu2021 [7d Qc]
Dré29: folds 
kiks220272: folds 
keirin459: folds 
Guten3213: folds 
Mahu2021: raises $0.20 to $0.30
xTicTuux: folds 
Uncalled bet ($0.20) returned to Mahu2021
Mahu2021 collected $0.20 from pot
Mahu2021: doesn't show hand 
*** SUMMARY ***
Total pot $0.20 | Rake $0 
Seat 1: Guten3213 (button) folded before Flop (didn't bet)
Seat 2: Mahu2021 (small blind) collected ($0.20)
Seat 3: xTicTuux (big blind) folded before Flop
Seat 4: Dré29 folded before Flop (didn't bet)
Seat 5: kiks220272 folded before Flop (didn't bet)
Seat 6: keirin459 folded before Flop (didn't bet)



PokerStars Zoom Hand #255827295175:  Hold'em No Limit ($0.05/$0.10) - 2025/04/21 13:49:11 CET [2025/04/21 7:49:11 ET]
Table 'Aludra' 6-max Seat #1 is the button
Seat 1: Mahu2021 ($10 in chips) 
Seat 2: ki6ata ($16.50 in chips) 
Seat 3: heraboy ($12.57 in chips) 
Seat 4: SharizWoW ($8.47 in chips) 
Seat 5: Stein1909 ($12.24 in chips) 
Seat 6: bloodedesert ($49.90 in chips) 
ki6ata: posts small blind $0.05
heraboy: posts big blind $0.10
*** HOLE CARDS ***
Dealt to Mahu2021 [5h Kd]
SharizWoW: raises $0.15 to $0.25
Stein1909: folds 
bloodedesert: folds 
Mahu2021: folds 
ki6ata: folds 
heraboy: folds 
Uncalled bet ($0.15) returned to SharizWoW
SharizWoW collected $0.25 from pot
SharizWoW: doesn't show hand 
*** SUMMARY ***
Total pot $0.25 | Rake $0 
Seat 1: Mahu2021 (button) folded before Flop (didn't bet)
Seat 2: ki6ata (small blind) folded before Flop
Seat 3: heraboy (big blind) folded before Flop
Seat 4: SharizWoW collected ($0.25)
Seat 5: Stein1909 folded before Flop (didn't bet)
Seat 6: bloodedesert folded before Flop (didn't bet)



PokerStars Zoom Hand #255827295568:  Hold'em No Limit ($0.05/$0.10) - 2025/04/21 13:49:14 CET [2025/04/21 7:49:14 ET]
Table 'Aludra' 6-max Seat #1 is the button
Seat 1: bloodedesert ($49.90 in chips) 
Seat 2: Stein1909 ($12.24 in chips) 
Seat 3: bountykid99 ($14.24 in chips) 
Seat 4: nicolas1112 ($13.89 in chips) 
Seat 5: ki6ata ($16.45 in chips) 
Seat 6: Mahu2021 ($10 in chips) 
Stein1909: posts small blind $0.05
bountykid99: posts big blind $0.10
*** HOLE CARDS ***
Dealt to Mahu2021 [9c 9h]
nicolas1112: raises $0.20 to $0.30
ki6ata: folds 
Mahu2021: calls $0.30
bloodedesert: folds 
Stein1909: calls $0.25
bountykid99: folds 
*** FLOP *** [Jh Ad As]
Stein1909: checks 
nicolas1112: checks 
Mahu2021: bets $0.30
Stein1909: folds 
nicolas1112: calls $0.30
*** TURN *** [Jh Ad As] [2c]
nicolas1112: checks 
Mahu2021: checks 
*** RIVER *** [Jh Ad As 2c] [Kh]
nicolas1112: checks 
Mahu2021: checks 
*** SHOW DOWN ***
nicolas1112: shows [Ks Jd] (two pair, Aces and Kings)
Mahu2021: mucks hand 
nicolas1112 collected $1.53 from pot
*** SUMMARY ***
Total pot $1.60 | Rake $0.07 
Board [Jh Ad As 2c Kh]
Seat 1: bloodedesert (button) folded before Flop (didn't bet)
Seat 2: Stein1909 (small blind) folded on the Flop
Seat 3: bountykid99 (big blind) folded before Flop
Seat 4: nicolas1112 showed [Ks Jd] and won ($1.53) with two pair, Aces and Kings
Seat 5: ki6ata folded before Flop (didn't bet)
Seat 6: Mahu2021 mucked [9c 9h]



PokerStars Zoom Hand #255827301263:  Hold'em No Limit ($0.05/$0.10) - 2025/04/21 13:50:00 CET [2025/04/21 7:50:00 ET]
Table 'Aludra' 6-max Seat #1 is the button
Seat 1: manonan ($9.03 in chips) 
Seat 2: heraboy ($12.52 in chips) 
Seat 3: Chicano96 ($10 in chips) 
Seat 4: Dgls1128 ($6.15 in chips) 
Seat 5: Mahu2021 ($9.40 in chips) 
Seat 6: maxjenics ($10.35 in chips) 
heraboy: posts small blind $0.05
Chicano96: posts big blind $0.10
*** HOLE CARDS ***
Dealt to Mahu2021 [Jh 8d]
Dgls1128: folds 
Mahu2021: folds 
maxjenics: folds 
manonan: folds 
heraboy: folds 
Uncalled bet ($0.05) returned to Chicano96
Chicano96 collected $0.10 from pot
Chicano96: doesn't show hand 
*** SUMMARY ***
Total pot $0.10 | Rake $0 
Seat 1: manonan (button) folded before Flop (didn't bet)
Seat 2: heraboy (small blind) folded before Flop
Seat 3: Chicano96 (big blind) collected ($0.10)
Seat 4: Dgls1128 folded before Flop (didn't bet)
Seat 5: Mahu2021 folded before Flop (didn't bet)
Seat 6: maxjenics folded before Flop (didn't bet)



PokerStars Zoom Hand #255827300610:  Hold'em No Limit ($0.05/$0.10) - 2025/04/21 13:49:55 CET [2025/04/21 7:49:55 ET]
Table 'Aludra' 6-max Seat #1 is the button
Seat 1: Mahu2021 ($9.40 in chips) 
Seat 2: bigpebble1234 ($16.52 in chips) 
Seat 3: PRace13 ($20.66 in chips) 
Seat 4: Nakama Sam ($18.36 in chips) 
Seat 5: Guten3213 ($10.10 in chips) 
Seat 6: nicolas1112 ($14.82 in chips) 
bigpebble1234: posts small blind $0.05
PRace13: posts big blind $0.10
*** HOLE CARDS ***
Dealt to Mahu2021 [6c 3h]
Nakama Sam: folds 
Guten3213: folds 
nicolas1112: raises $0.15 to $0.25
Mahu2021: folds 
bigpebble1234: folds 
PRace13: calls $0.15
*** FLOP *** [Kd 2d 6h]
PRace13: checks 
nicolas1112: bets $0.17
PRace13: folds 
Uncalled bet ($0.17) returned to nicolas1112
nicolas1112 collected $0.53 from pot
nicolas1112: doesn't show hand 
*** SUMMARY ***
Total pot $0.55 | Rake $0.02 
Board [Kd 2d 6h]
Seat 1: Mahu2021 (button) folded before Flop (didn't bet)
Seat 2: bigpebble1234 (small blind) folded before Flop
Seat 3: PRace13 (big blind) folded on the Flop
Seat 4: Nakama Sam folded before Flop (didn't bet)
Seat 5: Guten3213 folded before Flop (didn't bet)
Seat 6: nicolas1112 collected ($0.53)



PokerStars Zoom Hand #255827301752:  Hold'em No Limit ($0.05/$0.10) - 2025/04/21 13:50:04 CET [2025/04/21 7:50:04 ET]
Table 'Aludra' 6-max Seat #1 is the button
Seat 1: amigo1404 ($10.32 in chips) 
Seat 2: Earthquake36 ($28.44 in chips) 
Seat 3: Mahu2021 ($9.40 in chips) 
Seat 4: bigpebble1234 ($16.47 in chips) 
Seat 5: Borislav84 ($23.09 in chips) 
Seat 6: manonan ($9.03 in chips) 
Earthquake36: posts small blind $0.05
Mahu2021: posts big blind $0.10
*** HOLE CARDS ***
Dealt to Mahu2021 [9h 7h]
bigpebble1234: folds 
Borislav84: raises $0.10 to $0.20
manonan: folds 
amigo1404: folds 
Earthquake36: folds 
Mahu2021: calls $0.10
*** FLOP *** [Jc 7d 8c]
Mahu2021: checks 
Borislav84: checks 
*** TURN *** [Jc 7d 8c] [6d]
Mahu2021: bets $0.20
Borislav84: raises $0.60 to $0.80
Mahu2021: calls $0.60
*** RIVER *** [Jc 7d 8c 6d] [6h]
Mahu2021: checks 
Borislav84: bets $1.96
Mahu2021: folds 
Uncalled bet ($1.96) returned to Borislav84
Borislav84 collected $1.96 from pot
Borislav84: doesn't show hand 
*** SUMMARY ***
Total pot $2.05 | Rake $0.09 
Board [Jc 7d 8c 6d 6h]
Seat 1: amigo1404 (button) folded before Flop (didn't bet)
Seat 2: Earthquake36 (small blind) folded before Flop
Seat 3: Mahu2021 (big blind) folded on the River
Seat 4: bigpebble1234 folded before Flop (didn't bet)
Seat 5: Borislav84 collected ($1.96)
Seat 6: manonan folded before Flop (didn't bet)



PokerStars Zoom Hand #255827306487:  Hold'em No Limit ($0.05/$0.10) - 2025/04/21 13:50:42 CET [2025/04/21 7:50:42 ET]
Table 'Aludra' 6-max Seat #1 is the button
Seat 1: Earthquake36 ($28.39 in chips) 
Seat 2: Mahu2021 ($8.40 in chips) 
Seat 3: PRace13 ($10 in chips) 
Seat 4: nedofish ($10 in chips) 
Seat 5: Baztech ($6.25 in chips) 
Seat 6: bigpebble1234 ($16.37 in chips) 
Mahu2021: posts small blind $0.05
PRace13: posts big blind $0.10
*** HOLE CARDS ***
Dealt to Mahu2021 [4h Jh]
nedofish: folds 
Baztech: folds 
bigpebble1234: raises $0.20 to $0.30
Earthquake36: folds 
Mahu2021: folds 
PRace13: calls $0.20
*** FLOP *** [6h 7s 8h]
PRace13: checks 
bigpebble1234: bets $0.62
PRace13: folds 
Uncalled bet ($0.62) returned to bigpebble1234
bigpebble1234 collected $0.62 from pot
bigpebble1234: doesn't show hand 
*** SUMMARY ***
Total pot $0.65 | Rake $0.03 
Board [6h 7s 8h]
Seat 1: Earthquake36 (button) folded before Flop (didn't bet)
Seat 2: Mahu2021 (small blind) folded before Flop
Seat 3: PRace13 (big blind) folded on the Flop
Seat 4: nedofish folded before Flop (didn't bet)
Seat 5: Baztech folded before Flop (didn't bet)
Seat 6: bigpebble1234 collected ($0.62)



PokerStars Zoom Hand #255827307931:  Hold'em No Limit ($0.05/$0.10) - 2025/04/21 13:50:54 CET [2025/04/21 7:50:54 ET]
Table 'Aludra' 6-max Seat #1 is the button
Seat 1: Guten3213 ($10.10 in chips) 
Seat 2: bountykid99 ($21.26 in chips) 
Seat 3: Stein1909 ($11.74 in chips) 
Seat 4: heraboy ($17.05 in chips) 
Seat 5: maxjenics ($11.14 in chips) 
Seat 6: Mahu2021 ($8.35 in chips) 
bountykid99: posts small blind $0.05
Stein1909: posts big blind $0.10
*** HOLE CARDS ***
Dealt to Mahu2021 [Jc 6s]
heraboy: folds 
maxjenics: folds 
Mahu2021: folds 
Guten3213: folds 
bountykid99: folds 
Uncalled bet ($0.05) returned to Stein1909
Stein1909 collected $0.10 from pot
Stein1909: doesn't show hand 
*** SUMMARY ***
Total pot $0.10 | Rake $0 
Seat 1: Guten3213 (button) folded before Flop (didn't bet)
Seat 2: bountykid99 (small blind) folded before Flop
Seat 3: Stein1909 (big blind) collected ($0.10)
Seat 4: heraboy folded before Flop (didn't bet)
Seat 5: maxjenics folded before Flop (didn't bet)
Seat 6: Mahu2021 folded before Flop (didn't bet)



PokerStars Zoom Hand #255827308812:  Hold'em No Limit ($0.05/$0.10) - 2025/04/21 13:51:00 CET [2025/04/21 7:51:00 ET]
Table 'Aludra' 6-max Seat #1 is the button
Seat 1: grrrama ($11.16 in chips) 
Seat 2: bigpebble1234 ($16.69 in chips) 
Seat 3: Mahu2021 ($8.35 in chips) 
Seat 4: bountykid99 ($24.39 in chips) 
Seat 5: nicolas1112 ($23.54 in chips) 
Seat 6: TimeWarp2006 ($11.58 in chips) 
bigpebble1234: posts small blind $0.05
Mahu2021: posts big blind $0.10
*** HOLE CARDS ***
Dealt to Mahu2021 [Qs 4h]
bountykid99: folds 
nicolas1112: raises $0.15 to $0.25
TimeWarp2006: folds 
grrrama: folds 
bigpebble1234: folds 
Mahu2021: folds 
Uncalled bet ($0.15) returned to nicolas1112
nicolas1112 collected $0.25 from pot
nicolas1112: doesn't show hand 
*** SUMMARY ***
Total pot $0.25 | Rake $0 
Seat 1: grrrama (button) folded before Flop (didn't bet)
Seat 2: bigpebble1234 (small blind) folded before Flop
Seat 3: Mahu2021 (big blind) folded before Flop
Seat 4: bountykid99 folded before Flop (didn't bet)
Seat 5: nicolas1112 collected ($0.25)
Seat 6: TimeWarp2006 folded before Flop (didn't bet)



PokerStars Zoom Hand #255827307016:  Hold'em No Limit ($0.05/$0.10) - 2025/04/21 13:50:46 CET [2025/04/21 7:50:46 ET]
Table 'Aludra' 6-max Seat #1 is the button
Seat 1: bloodedesert ($49.93 in chips) 
Seat 2: SharizWoW ($8.32 in chips) 
Seat 3: Earthquake36 ($28.39 in chips) 
Seat 4: Mahu2021 ($8.35 in chips) 
Seat 5: GenC0629 ($10 in chips) 
Seat 6: Baztech ($6.25 in chips) 
SharizWoW: posts small blind $0.05
Earthquake36: posts big blind $0.10
*** HOLE CARDS ***
Dealt to Mahu2021 [6h 2c]
Mahu2021: folds 
GenC0629: folds 
Baztech: raises $0.20 to $0.30
bloodedesert: folds 
SharizWoW: folds 
Earthquake36: raises $0.85 to $1.15
Baztech: calls $0.85
*** FLOP *** [Jc Kh Tc]
Earthquake36: bets $1.52
Baztech: folds 
Uncalled bet ($1.52) returned to Earthquake36
Earthquake36 collected $2.24 from pot
Earthquake36: doesn't show hand 
*** SUMMARY ***
Total pot $2.35 | Rake $0.11 
Board [Jc Kh Tc]
Seat 1: bloodedesert (button) folded before Flop (didn't bet)
Seat 2: SharizWoW (small blind) folded before Flop
Seat 3: Earthquake36 (big blind) collected ($2.24)
Seat 4: Mahu2021 folded before Flop (didn't bet)
Seat 5: GenC0629 folded before Flop (didn't bet)
Seat 6: Baztech folded on the Flop



PokerStars Zoom Hand #255827311272:  Hold'em No Limit ($0.05/$0.10) - 2025/04/21 13:51:19 CET [2025/04/21 7:51:19 ET]
Table 'Aludra' 6-max Seat #1 is the button
Seat 1: Mahu2021 ($8.20 in chips) 
Seat 2: ki6ata ($12.65 in chips) 
Seat 3: Noffa69 ($6 in chips) 
Seat 4: TimeWarp2006 ($11.48 in chips) 
Seat 5: nedofish ($10 in chips) 
Seat 6: Dgls1128 ($5.32 in chips) 
ki6ata: posts small blind $0.05
Noffa69: posts big blind $0.10
*** HOLE CARDS ***
Dealt to Mahu2021 [As Kd]
TimeWarp2006: folds 
nedofish: folds 
Dgls1128: raises $0.10 to $0.20
Mahu2021: raises $0.90 to $1.10
ki6ata: folds 
Noffa69: calls $1
Dgls1128: folds 
*** FLOP *** [Kh 5h 2d]
Noffa69: checks 
Mahu2021: bets $7.10 and is all-in
Noffa69: folds 
Uncalled bet ($7.10) returned to Mahu2021
Mahu2021 collected $2.34 from pot
Mahu2021: doesn't show hand 
*** SUMMARY ***
Total pot $2.45 | Rake $0.11 
Board [Kh 5h 2d]
Seat 1: Mahu2021 (button) collected ($2.34)
Seat 2: ki6ata (small blind) folded before Flop
Seat 3: Noffa69 (big blind) folded on the Flop
Seat 4: TimeWarp2006 folded before Flop (didn't bet)
Seat 5: nedofish folded before Flop (didn't bet)
Seat 6: Dgls1128 folded before Flop



PokerStars Zoom Hand #255827308537:  Hold'em No Limit ($0.05/$0.10) - 2025/04/21 13:50:58 CET [2025/04/21 7:50:58 ET]
Table 'Aludra' 6-max Seat #1 is the button
Seat 1: heraboy ($17.05 in chips) 
Seat 2: lonewolf972 ($10.05 in chips) 
Seat 3: Guilherme_loris ($11.81 in chips) 
Seat 4: Mahu2021 ($8.35 in chips) 
Seat 5: bloodedesert ($22.67 in chips) 
Seat 6: SharizWoW ($8.17 in chips) 
lonewolf972: posts small blind $0.05
Guilherme_loris: posts big blind $0.10
*** HOLE CARDS ***
Dealt to Mahu2021 [Ts 5d]
Mahu2021: folds 
bloodedesert: folds 
SharizWoW: folds 
heraboy: folds 
lonewolf972: raises $0.20 to $0.30
Guilherme_loris: calls $0.20
*** FLOP *** [6h Tc 2s]
lonewolf972: checks 
Guilherme_loris: checks 
*** TURN *** [6h Tc 2s] [7h]
lonewolf972: checks 
Guilherme_loris: checks 
*** RIVER *** [6h Tc 2s 7h] [Jd]
lonewolf972: checks 
Guilherme_loris: bets $0.57
lonewolf972: folds 
Uncalled bet ($0.57) returned to Guilherme_loris
Guilherme_loris collected $0.57 from pot
Guilherme_loris: doesn't show hand 
*** SUMMARY ***
Total pot $0.60 | Rake $0.03 
Board [6h Tc 2s 7h Jd]
Seat 1: heraboy (button) folded before Flop (didn't bet)
Seat 2: lonewolf972 (small blind) folded on the River
Seat 3: Guilherme_loris (big blind) collected ($0.57)
Seat 4: Mahu2021 folded before Flop (didn't bet)
Seat 5: bloodedesert folded before Flop (didn't bet)
Seat 6: SharizWoW folded before Flop (didn't bet)



PokerStars Zoom Hand #255827310615:  Hold'em No Limit ($0.05/$0.10) - 2025/04/21 13:51:14 CET [2025/04/21 7:51:14 ET]
Table 'Aludra' 6-max Seat #1 is the button
Seat 1: AAKK618 ($15.56 in chips) 
Seat 2: Chicano96 ($10 in chips) 
Seat 3: IMMPORT@L ($6.46 in chips) 
Seat 4: Mahu2021 ($8.20 in chips) 
Seat 5: bigpebble1234 ($16.64 in chips) 
Seat 6: ki6ata ($17.51 in chips) 
Chicano96: posts small blind $0.05
IMMPORT@L: posts big blind $0.10
*** HOLE CARDS ***
Dealt to Mahu2021 [Td 2h]
Mahu2021: folds 
bigpebble1234: folds 
ki6ata: raises $0.15 to $0.25
AAKK618: raises $0.55 to $0.80
Chicano96: folds 
IMMPORT@L: calls $0.70
ki6ata: calls $0.55
*** FLOP *** [9c 3s 2c]
IMMPORT@L: checks 
ki6ata: checks 
AAKK618: checks 
*** TURN *** [9c 3s 2c] [3c]
IMMPORT@L: checks 
ki6ata: checks 
AAKK618: checks 
*** RIVER *** [9c 3s 2c 3c] [6d]
IMMPORT@L: bets $0.10
ki6ata: folds 
AAKK618: calls $0.10
*** SHOW DOWN ***
IMMPORT@L: shows [4d 4s] (two pair, Fours and Threes)
AAKK618: mucks hand 
IMMPORT@L collected $2.53 from pot
*** SUMMARY ***
Total pot $2.65 | Rake $0.12 
Board [9c 3s 2c 3c 6d]
Seat 1: AAKK618 (button) mucked [Ah Kd]
Seat 2: Chicano96 (small blind) folded before Flop
Seat 3: IMMPORT@L (big blind) showed [4d 4s] and won ($2.53) with two pair, Fours and Threes
Seat 4: Mahu2021 folded before Flop (didn't bet)
Seat 5: bigpebble1234 folded before Flop (didn't bet)
Seat 6: ki6ata folded on the River



PokerStars Zoom Hand #255827314361:  Hold'em No Limit ($0.05/$0.10) - 2025/04/21 13:51:44 CET [2025/04/21 7:51:44 ET]
Table 'Aludra' 6-max Seat #1 is the button
Seat 1: PRace13 ($10 in chips) 
Seat 2: TimeWarp2006 ($11.48 in chips) 
Seat 3: Nakama Sam ($18.51 in chips) 
Seat 4: silsilviu ($8.34 in chips) 
Seat 5: mlange ($5.69 in chips) 
Seat 6: Mahu2021 ($9.44 in chips) 
TimeWarp2006: posts small blind $0.05
Nakama Sam: posts big blind $0.10
*** HOLE CARDS ***
Dealt to Mahu2021 [As Qh]
silsilviu: folds 
mlange: folds 
Mahu2021: raises $0.10 to $0.20
PRace13: folds 
TimeWarp2006: folds 
Nakama Sam: calls $0.10
*** FLOP *** [3d 5h Jd]
Nakama Sam: checks 
Mahu2021: bets $0.30
Nakama Sam: folds 
Uncalled bet ($0.30) returned to Mahu2021
Mahu2021 collected $0.43 from pot
Mahu2021: doesn't show hand 
*** SUMMARY ***
Total pot $0.45 | Rake $0.02 
Board [3d 5h Jd]
Seat 1: PRace13 (button) folded before Flop (didn't bet)
Seat 2: TimeWarp2006 (small blind) folded before Flop
Seat 3: Nakama Sam (big blind) folded on the Flop
Seat 4: silsilviu folded before Flop (didn't bet)
Seat 5: mlange folded before Flop (didn't bet)
Seat 6: Mahu2021 collected ($0.43)



PokerStars Zoom Hand #255827307528:  Hold'em No Limit ($0.05/$0.10) - 2025/04/21 13:50:50 CET [2025/04/21 7:50:50 ET]
Table 'Aludra' 6-max Seat #1 is the button
Seat 1: GenC0629 ($10 in chips) 
Seat 2: Guten3213 ($11.23 in chips) 
Seat 3: steven73263 ($10 in chips) 
Seat 4: Steve1896 ($10 in chips) 
Seat 5: Mahu2021 ($8.35 in chips) 
Seat 6: Chicano96 ($10 in chips) 
Guten3213: posts small blind $0.05
steven73263: posts big blind $0.10
*** HOLE CARDS ***
Dealt to Mahu2021 [7h As]
Steve1896: folds 
Mahu2021: folds 
Chicano96: raises $0.20 to $0.30
GenC0629: folds 
Guten3213: folds 
steven73263: calls $0.20
*** FLOP *** [4s 9c 2s]
steven73263: checks 
Chicano96: checks 
*** TURN *** [4s 9c 2s] [5h]
steven73263: bets $0.40
Chicano96: calls $0.40
*** RIVER *** [4s 9c 2s 5h] [8d]
steven73263: bets $0.60
Chicano96: raises $1.30 to $1.90
steven73263: calls $1.30
*** SHOW DOWN ***
Chicano96: shows [5d 5s] (three of a kind, Fives)
steven73263: mucks hand 
Chicano96 collected $5.01 from pot
*** SUMMARY ***
Total pot $5.25 | Rake $0.24 
Board [4s 9c 2s 5h 8d]
Seat 1: GenC0629 (button) folded before Flop (didn't bet)
Seat 2: Guten3213 (small blind) folded before Flop
Seat 3: steven73263 (big blind) mucked [2c 2h]
Seat 4: Steve1896 folded before Flop (didn't bet)
Seat 5: Mahu2021 folded before Flop (didn't bet)
Seat 6: Chicano96 showed [5d 5s] and won ($5.01) with three of a kind, Fives



PokerStars Zoom Hand #255827316691:  Hold'em No Limit ($0.05/$0.10) - 2025/04/21 13:52:02 CET [2025/04/21 7:52:02 ET]
Table 'Aludra' 6-max Seat #1 is the button
Seat 1: ki6ata ($12.39 in chips) 
Seat 2: Stein1909 ($11.54 in chips) 
Seat 3: Earthquake36 ($14.03 in chips) 
Seat 4: SharizWoW ($7.82 in chips) 
Seat 5: Mahu2021 ($9.67 in chips) 
Seat 6: heraboy ($20.91 in chips) 
Stein1909: posts small blind $0.05
Earthquake36: posts big blind $0.10
*** HOLE CARDS ***
Dealt to Mahu2021 [5c Kd]
SharizWoW: folds 
Mahu2021: folds 
heraboy: folds 
ki6ata: folds 
Stein1909: folds 
Uncalled bet ($0.05) returned to Earthquake36
Earthquake36 collected $0.10 from pot
Earthquake36: doesn't show hand 
*** SUMMARY ***
Total pot $0.10 | Rake $0 
Seat 1: ki6ata (button) folded before Flop (didn't bet)
Seat 2: Stein1909 (small blind) folded before Flop
Seat 3: Earthquake36 (big blind) collected ($0.10)
Seat 4: SharizWoW folded before Flop (didn't bet)
Seat 5: Mahu2021 folded before Flop (didn't bet)
Seat 6: heraboy folded before Flop (didn't bet)



PokerStars Zoom Hand #255827317229:  Hold'em No Limit ($0.05/$0.10) - 2025/04/21 13:52:06 CET [2025/04/21 7:52:06 ET]
Table 'Aludra' 6-max Seat #1 is the button
Seat 1: Guten3213 ($10 in chips) 
Seat 2: grrrama ($10.84 in chips) 
Seat 3: Mahu2021 ($9.67 in chips) 
Seat 4: SharizWoW ($7.82 in chips) 
Seat 5: reddoandpiisu2 ($27.78 in chips) 
Seat 6: mlange ($5.64 in chips) 
grrrama: posts small blind $0.05
Mahu2021: posts big blind $0.10
*** HOLE CARDS ***
Dealt to Mahu2021 [Ah Kh]
SharizWoW: folds 
reddoandpiisu2: folds 
mlange: folds 
Guten3213: folds 
grrrama: raises $0.20 to $0.30
Mahu2021: raises $0.90 to $1.20
grrrama: folds 
Uncalled bet ($0.90) returned to Mahu2021
Mahu2021 collected $0.60 from pot
Mahu2021: doesn't show hand 
*** SUMMARY ***
Total pot $0.60 | Rake $0 
Seat 1: Guten3213 (button) folded before Flop (didn't bet)
Seat 2: grrrama (small blind) folded before Flop
Seat 3: Mahu2021 (big blind) collected ($0.60)
Seat 4: SharizWoW folded before Flop (didn't bet)
Seat 5: reddoandpiisu2 folded before Flop (didn't bet)
Seat 6: mlange folded before Flop (didn't bet)



PokerStars Zoom Hand #255827309553:  Hold'em No Limit ($0.05/$0.10) - 2025/04/21 13:51:06 CET [2025/04/21 7:51:06 ET]
Table 'Aludra' 6-max Seat #1 is the button
Seat 1: ki6ata ($17.51 in chips) 
Seat 2: Mahu2021 ($8.25 in chips) 
Seat 3: kimjw800 ($16.30 in chips) 
Seat 4: silsilviu ($9.15 in chips) 
Seat 5: sanko1980 ($4.10 in chips) 
Seat 6: IMMPORT@L ($6.46 in chips) 
Mahu2021: posts small blind $0.05
kimjw800: posts big blind $0.10
*** HOLE CARDS ***
Dealt to Mahu2021 [3d As]
silsilviu: folds 
sanko1980: raises $0.10 to $0.20
IMMPORT@L: folds 
ki6ata: folds 
Mahu2021: folds 
kimjw800: calls $0.10
*** FLOP *** [8c Kc 6c]
kimjw800: checks 
sanko1980: bets $0.20
kimjw800: calls $0.20
*** TURN *** [8c Kc 6c] [Kd]
kimjw800: checks 
sanko1980: bets $0.10
kimjw800: raises $0.65 to $0.75
sanko1980: calls $0.65
*** RIVER *** [8c Kc 6c Kd] [9d]
kimjw800: bets $4.50
sanko1980: calls $2.95 and is all-in
Uncalled bet ($1.55) returned to kimjw800
*** SHOW DOWN ***
kimjw800: shows [Ts Kh] (three of a kind, Kings)
sanko1980: shows [Qc Qh] (two pair, Kings and Queens)
kimjw800 collected $7.88 from pot
*** SUMMARY ***
Total pot $8.25 | Rake $0.37 
Board [8c Kc 6c Kd 9d]
Seat 1: ki6ata (button) folded before Flop (didn't bet)
Seat 2: Mahu2021 (small blind) folded before Flop
Seat 3: kimjw800 (big blind) showed [Ts Kh] and won ($7.88) with three of a kind, Kings
Seat 4: silsilviu folded before Flop (didn't bet)
Seat 5: sanko1980 showed [Qc Qh] and lost with two pair, Kings and Queens
Seat 6: IMMPORT@L folded before Flop (didn't bet)



PokerStars Zoom Hand #255827321130:  Hold'em No Limit ($0.05/$0.10) - 2025/04/21 13:52:38 CET [2025/04/21 7:52:38 ET]
Table 'Aludra' 6-max Seat #1 is the button
Seat 1: kimjw800 ($20.08 in chips) 
Seat 2: Mahu2021 ($9.97 in chips) 
Seat 3: eintopf666 ($10 in chips) 
Seat 4: TimeWarp2006 ($11.43 in chips) 
Seat 5: ki6ata ($16.57 in chips) 
Seat 6: Baztech ($5.57 in chips) 
Mahu2021: posts small blind $0.05
eintopf666: posts big blind $0.10
*** HOLE CARDS ***
Dealt to Mahu2021 [3d 4c]
TimeWarp2006: folds 
ki6ata: raises $0.15 to $0.25
Baztech: folds 
kimjw800: folds 
Mahu2021: folds 
eintopf666: folds 
Uncalled bet ($0.15) returned to ki6ata
ki6ata collected $0.25 from pot
ki6ata: doesn't show hand 
*** SUMMARY ***
Total pot $0.25 | Rake $0 
Seat 1: kimjw800 (button) folded before Flop (didn't bet)
Seat 2: Mahu2021 (small blind) folded before Flop
Seat 3: eintopf666 (big blind) folded before Flop
Seat 4: TimeWarp2006 folded before Flop (didn't bet)
Seat 5: ki6ata collected ($0.25)
Seat 6: Baztech folded before Flop (didn't bet)



PokerStars Zoom Hand #255827321637:  Hold'em No Limit ($0.05/$0.10) - 2025/04/21 13:52:42 CET [2025/04/21 7:52:42 ET]
Table 'Aludra' 6-max Seat #1 is the button
Seat 1: Mahu2021 ($9.92 in chips) 
Seat 2: PRace13 ($10 in chips) 
Seat 3: TimeWarp2006 ($11.43 in chips) 
Seat 4: bigpebble1234 ($10.17 in chips) 
Seat 5: Nakama Sam ($18.85 in chips) 
Seat 6: Chicano96 ($10.10 in chips) 
PRace13: posts small blind $0.05
TimeWarp2006: posts big blind $0.10
*** HOLE CARDS ***
Dealt to Mahu2021 [7h 9d]
bigpebble1234: raises $0.20 to $0.30
Nakama Sam: folds 
Chicano96: folds 
Mahu2021: folds 
PRace13: folds 
TimeWarp2006: folds 
Uncalled bet ($0.20) returned to bigpebble1234
bigpebble1234 collected $0.25 from pot
bigpebble1234: doesn't show hand 
*** SUMMARY ***
Total pot $0.25 | Rake $0 
Seat 1: Mahu2021 (button) folded before Flop (didn't bet)
Seat 2: PRace13 (small blind) folded before Flop
Seat 3: TimeWarp2006 (big blind) folded before Flop
Seat 4: bigpebble1234 collected ($0.25)
Seat 5: Nakama Sam folded before Flop (didn't bet)
Seat 6: Chicano96 folded before Flop (didn't bet)



PokerStars Zoom Hand #255827322952:  Hold'em No Limit ($0.05/$0.10) - 2025/04/21 13:52:52 CET [2025/04/21 7:52:52 ET]
Table 'Aludra' 6-max Seat #1 is the button
Seat 1: TimeWarp2006 ($11.33 in chips) 
Seat 2: nicolas1112 ($15.10 in chips) 
Seat 3: ki6ata ($16.72 in chips) 
Seat 4: Guten3213 ($10.21 in chips) 
Seat 5: Mahu2021 ($9.92 in chips) 
Seat 6: nedofish ($11.59 in chips) 
nicolas1112: posts small blind $0.05
ki6ata: posts big blind $0.10
*** HOLE CARDS ***
Dealt to Mahu2021 [Qc 7h]
Guten3213: raises $0.15 to $0.25
Mahu2021: folds 
nedofish: folds 
TimeWarp2006: folds 
nicolas1112: folds 
ki6ata: folds 
Uncalled bet ($0.15) returned to Guten3213
Guten3213 collected $0.25 from pot
Guten3213: doesn't show hand 
*** SUMMARY ***
Total pot $0.25 | Rake $0 
Seat 1: TimeWarp2006 (button) folded before Flop (didn't bet)
Seat 2: nicolas1112 (small blind) folded before Flop
Seat 3: ki6ata (big blind) folded before Flop
Seat 4: Guten3213 collected ($0.25)
Seat 5: Mahu2021 folded before Flop (didn't bet)
Seat 6: nedofish folded before Flop (didn't bet)



PokerStars Zoom Hand #255827322028:  Hold'em No Limit ($0.05/$0.10) - 2025/04/21 13:52:45 CET [2025/04/21 7:52:45 ET]
Table 'Aludra' 6-max Seat #1 is the button
Seat 1: kiks220272 ($10 in chips) 
Seat 2: Anders2612 ($1.87 in chips) 
Seat 3: bountykid99 ($24.39 in chips) 
Seat 4: PRace13 ($12.73 in chips) 
Seat 5: steven73263 ($10.23 in chips) 
Seat 6: Mahu2021 ($9.92 in chips) 
Anders2612: posts small blind $0.05
bountykid99: posts big blind $0.10
*** HOLE CARDS ***
Dealt to Mahu2021 [Ah 6s]
PRace13: folds 
steven73263: raises $0.20 to $0.30
Mahu2021: folds 
kiks220272: calls $0.30
Anders2612: raises $1.57 to $1.87 and is all-in
bountykid99: folds 
steven73263: folds 
kiks220272: folds 
Uncalled bet ($1.57) returned to Anders2612
Anders2612 collected $1 from pot
Anders2612: doesn't show hand 
*** SUMMARY ***
Total pot $1 | Rake $0 
Seat 1: kiks220272 (button) folded before Flop
Seat 2: Anders2612 (small blind) collected ($1)
Seat 3: bountykid99 (big blind) folded before Flop
Seat 4: PRace13 folded before Flop (didn't bet)
Seat 5: steven73263 folded before Flop
Seat 6: Mahu2021 folded before Flop (didn't bet)



PokerStars Zoom Hand #255827323694:  Hold'em No Limit ($0.05/$0.10) - 2025/04/21 13:52:58 CET [2025/04/21 7:52:58 ET]
Table 'Aludra' 6-max Seat #1 is the button
Seat 1: bigpebble1234 ($10.32 in chips) 
Seat 2: PRace13 ($16.35 in chips) 
Seat 3: Mahu2021 ($9.92 in chips) 
Seat 4: scottow176 ($27.61 in chips) 
Seat 5: lonewolf972 ($10 in chips) 
Seat 6: eintopf666 ($10 in chips) 
PRace13: posts small blind $0.05
Mahu2021: posts big blind $0.10
*** HOLE CARDS ***
Dealt to Mahu2021 [2h Qd]
scottow176: folds 
lonewolf972: raises $0.15 to $0.25
eintopf666: folds 
bigpebble1234: folds 
PRace13: folds 
Mahu2021: folds 
Uncalled bet ($0.15) returned to lonewolf972
lonewolf972 collected $0.25 from pot
lonewolf972: doesn't show hand 
*** SUMMARY ***
Total pot $0.25 | Rake $0 
Seat 1: bigpebble1234 (button) folded before Flop (didn't bet)
Seat 2: PRace13 (small blind) folded before Flop
Seat 3: Mahu2021 (big blind) folded before Flop
Seat 4: scottow176 folded before Flop (didn't bet)
Seat 5: lonewolf972 collected ($0.25)
Seat 6: eintopf666 folded before Flop (didn't bet)



PokerStars Zoom Hand #255827325265:  Hold'em No Limit ($0.05/$0.10) - 2025/04/21 13:53:10 CET [2025/04/21 7:53:10 ET]
Table 'Aludra' 6-max Seat #1 is the button
Seat 1: PRace13 ($10.05 in chips) 
Seat 2: heraboy ($16.16 in chips) 
Seat 3: AAKK618 ($14.61 in chips) 
Seat 4: Mahu2021 ($9.82 in chips) 
Seat 5: Earthquake36 ($29.46 in chips) 
Seat 6: kimjw800 ($13.07 in chips) 
heraboy: posts small blind $0.05
AAKK618: posts big blind $0.10
*** HOLE CARDS ***
Dealt to Mahu2021 [8c 3c]
Mahu2021: folds 
Earthquake36: folds 
kimjw800: folds 
PRace13: folds 
heraboy: folds 
Uncalled bet ($0.05) returned to AAKK618
AAKK618 collected $0.10 from pot
AAKK618: doesn't show hand 
*** SUMMARY ***
Total pot $0.10 | Rake $0 
Seat 1: PRace13 (button) folded before Flop (didn't bet)
Seat 2: heraboy (small blind) folded before Flop
Seat 3: AAKK618 (big blind) collected ($0.10)
Seat 4: Mahu2021 folded before Flop (didn't bet)
Seat 5: Earthquake36 folded before Flop (didn't bet)
Seat 6: kimjw800 folded before Flop (didn't bet)



PokerStars Zoom Hand #255827325912:  Hold'em No Limit ($0.05/$0.10) - 2025/04/21 13:53:15 CET [2025/04/21 7:53:15 ET]
Table 'Aludra' 6-max Seat #1 is the button
Seat 1: amigo1404 ($13.54 in chips) 
Seat 2: silentshowdown ($10.05 in chips) 
Seat 3: TheSoulTaker666 ($10.12 in chips) 
Seat 4: Mahu2021 ($9.82 in chips) 
Seat 5: heraboy ($16.11 in chips) 
Seat 6: steven73263 ($9.88 in chips) 
silentshowdown: posts small blind $0.05
TheSoulTaker666: posts big blind $0.10
*** HOLE CARDS ***
Dealt to Mahu2021 [8c Qs]
Mahu2021: folds 
heraboy: raises $0.15 to $0.25
steven73263: folds 
amigo1404: folds 
silentshowdown: raises $0.75 to $1
TheSoulTaker666: folds 
heraboy: folds 
Uncalled bet ($0.75) returned to silentshowdown
silentshowdown collected $0.60 from pot
silentshowdown: doesn't show hand 
*** SUMMARY ***
Total pot $0.60 | Rake $0 
Seat 1: amigo1404 (button) folded before Flop (didn't bet)
Seat 2: silentshowdown (small blind) collected ($0.60)
Seat 3: TheSoulTaker666 (big blind) folded before Flop
Seat 4: Mahu2021 folded before Flop (didn't bet)
Seat 5: heraboy folded before Flop
Seat 6: steven73263 folded before Flop (didn't bet)



PokerStars Zoom Hand #255827326549:  Hold'em No Limit ($0.05/$0.10) - 2025/04/21 13:53:20 CET [2025/04/21 7:53:20 ET]
Table 'Aludra' 6-max Seat #1 is the button
Seat 1: AAKK618 ($14.66 in chips) 
Seat 2: Mahu2021 ($9.82 in chips) 
Seat 3: WoozyFace ($9.95 in chips) 
Seat 4: Drohobych777 ($8.18 in chips) 
Seat 5: amigo1404 ($15.46 in chips) 
Seat 6: PRace13 ($10.05 in chips) 
Mahu2021: posts small blind $0.05
WoozyFace: posts big blind $0.10
*** HOLE CARDS ***
Dealt to Mahu2021 [Qh 2s]
Drohobych777: folds 
amigo1404: folds 
PRace13: folds 
AAKK618: raises $0.20 to $0.30
Mahu2021: folds 
WoozyFace: folds 
Uncalled bet ($0.20) returned to AAKK618
AAKK618 collected $0.25 from pot
AAKK618: doesn't show hand 
*** SUMMARY ***
Total pot $0.25 | Rake $0 
Seat 1: AAKK618 (button) collected ($0.25)
Seat 2: Mahu2021 (small blind) folded before Flop
Seat 3: WoozyFace (big blind) folded before Flop
Seat 4: Drohobych777 folded before Flop (didn't bet)
Seat 5: amigo1404 folded before Flop (didn't bet)
Seat 6: PRace13 folded before Flop (didn't bet)



PokerStars Zoom Hand #255827327618:  Hold'em No Limit ($0.05/$0.10) - 2025/04/21 13:53:28 CET [2025/04/21 7:53:28 ET]
Table 'Aludra' 6-max Seat #1 is the button
Seat 1: heraboy ($10 in chips) 
Seat 2: bountykid99 ($21.24 in chips) 
Seat 3: amigo1404 ($15.46 in chips) 
Seat 4: TheSoulTaker666 ($10.02 in chips) 
Seat 5: Noffa69 ($4.85 in chips) 
Seat 6: Mahu2021 ($9.77 in chips) 
bountykid99: posts small blind $0.05
amigo1404: posts big blind $0.10
*** HOLE CARDS ***
Dealt to Mahu2021 [2h Qh]
TheSoulTaker666: folds 
Noffa69: folds 
Mahu2021: folds 
heraboy: folds 
bountykid99: raises $0.20 to $0.30
amigo1404: folds 
Uncalled bet ($0.20) returned to bountykid99
bountykid99 collected $0.20 from pot
bountykid99: doesn't show hand 
*** SUMMARY ***
Total pot $0.20 | Rake $0 
Seat 1: heraboy (button) folded before Flop (didn't bet)
Seat 2: bountykid99 (small blind) collected ($0.20)
Seat 3: amigo1404 (big blind) folded before Flop
Seat 4: TheSoulTaker666 folded before Flop (didn't bet)
Seat 5: Noffa69 folded before Flop (didn't bet)
Seat 6: Mahu2021 folded before Flop (didn't bet)



PokerStars Zoom Hand #255827327087:  Hold'em No Limit ($0.05/$0.10) - 2025/04/21 13:53:24 CET [2025/04/21 7:53:24 ET]
Table 'Aludra' 6-max Seat #1 is the button
Seat 1: Mahu2021 ($9.77 in chips) 
Seat 2: silentshowdown ($10 in chips) 
Seat 3: kiks220272 ($10 in chips) 
Seat 4: bountykid99 ($15.34 in chips) 
Seat 5: ki6ata ($11.51 in chips) 
Seat 6: PRace13 ($12.58 in chips) 
silentshowdown: posts small blind $0.05
kiks220272: posts big blind $0.10
*** HOLE CARDS ***
Dealt to Mahu2021 [4d 7d]
bountykid99: folds 
ki6ata: raises $0.15 to $0.25
PRace13: folds 
Mahu2021: folds 
silentshowdown: raises $0.75 to $1
kiks220272: folds 
ki6ata: folds 
Uncalled bet ($0.75) returned to silentshowdown
silentshowdown collected $0.60 from pot
silentshowdown: doesn't show hand 
*** SUMMARY ***
Total pot $0.60 | Rake $0 
Seat 1: Mahu2021 (button) folded before Flop (didn't bet)
Seat 2: silentshowdown (small blind) collected ($0.60)
Seat 3: kiks220272 (big blind) folded before Flop
Seat 4: bountykid99 folded before Flop (didn't bet)
Seat 5: ki6ata folded before Flop
Seat 6: PRace13 folded before Flop (didn't bet)



PokerStars Zoom Hand #255827328046:  Hold'em No Limit ($0.05/$0.10) - 2025/04/21 13:53:32 CET [2025/04/21 7:53:32 ET]
Table 'Aludra' 6-max Seat #1 is the button
Seat 1: silsilviu ($9.83 in chips) 
Seat 2: PRace13 ($10 in chips) 
Seat 3: Noffa69 ($4.85 in chips) 
Seat 4: Guilherme_loris ($9.29 in chips) 
Seat 5: Mahu2021 ($9.77 in chips) 
Seat 6: silentshowdown ($10.40 in chips) 
PRace13: posts small blind $0.05
Noffa69: posts big blind $0.10
*** HOLE CARDS ***
Dealt to Mahu2021 [Ac 4c]
Guilherme_loris: calls $0.10
Mahu2021: folds 
silentshowdown: folds 
silsilviu: folds 
PRace13: folds 
Noffa69: checks 
*** FLOP *** [Kh 2s Ah]
Noffa69: checks 
Guilherme_loris: checks 
*** TURN *** [Kh 2s Ah] [3d]
Noffa69: checks 
Guilherme_loris: checks 
*** RIVER *** [Kh 2s Ah 3d] [Js]
Noffa69: checks 
Guilherme_loris: bets $9.19 and is all-in
Noffa69: folds 
Uncalled bet ($9.19) returned to Guilherme_loris
Guilherme_loris collected $0.24 from pot
Guilherme_loris: doesn't show hand 
*** SUMMARY ***
Total pot $0.25 | Rake $0.01 
Board [Kh 2s Ah 3d Js]
Seat 1: silsilviu (button) folded before Flop (didn't bet)
Seat 2: PRace13 (small blind) folded before Flop
Seat 3: Noffa69 (big blind) folded on the River
Seat 4: Guilherme_loris collected ($0.24)
Seat 5: Mahu2021 folded before Flop (didn't bet)
Seat 6: silentshowdown folded before Flop (didn't bet)



PokerStars Zoom Hand #255827329090:  Hold'em No Limit ($0.05/$0.10) - 2025/04/21 13:53:40 CET [2025/04/21 7:53:40 ET]
Table 'Aludra' 6-max Seat #1 is the button
Seat 1: bountykid99 ($21.34 in chips) 
Seat 2: WoozyFace ($9.70 in chips) 
Seat 3: Mahu2021 ($9.77 in chips) 
Seat 4: kiks220272 ($10 in chips) 
Seat 5: PRace13 ($12.58 in chips) 
Seat 6: kimjw800 ($20.24 in chips) 
WoozyFace: posts small blind $0.05
Mahu2021: posts big blind $0.10
*** HOLE CARDS ***
Dealt to Mahu2021 [8c 7h]
kiks220272: folds 
PRace13: raises $0.20 to $0.30
kimjw800: folds 
bountykid99: folds 
WoozyFace: folds 
Mahu2021: calls $0.20
*** FLOP *** [4d Qd 2c]
Mahu2021: checks 
PRace13: bets $0.20
Mahu2021: folds 
Uncalled bet ($0.20) returned to PRace13
PRace13 collected $0.62 from pot
PRace13: doesn't show hand 
*** SUMMARY ***
Total pot $0.65 | Rake $0.03 
Board [4d Qd 2c]
Seat 1: bountykid99 (button) folded before Flop (didn't bet)
Seat 2: WoozyFace (small blind) folded before Flop
Seat 3: Mahu2021 (big blind) folded on the Flop
Seat 4: kiks220272 folded before Flop (didn't bet)
Seat 5: PRace13 collected ($0.62)
Seat 6: kimjw800 folded before Flop (didn't bet)



PokerStars Zoom Hand #255827331211:  Hold'em No Limit ($0.05/$0.10) - 2025/04/21 13:53:56 CET [2025/04/21 7:53:56 ET]
Table 'Aludra' 6-max Seat #1 is the button
Seat 1: WoozyFace ($9.65 in chips) 
Seat 2: eintopf666 ($10.25 in chips) 
Seat 3: Stein1909 ($10.58 in chips) 
Seat 4: kiks220272 ($10 in chips) 
Seat 5: Mahu2021 ($9.47 in chips) 
Seat 6: nedofish ($10 in chips) 
eintopf666: posts small blind $0.05
Stein1909: posts big blind $0.10
*** HOLE CARDS ***
Dealt to Mahu2021 [As 3h]
kiks220272: folds 
Mahu2021: folds 
nedofish: folds 
WoozyFace: folds 
eintopf666: raises $0.20 to $0.30
Stein1909: folds 
Uncalled bet ($0.20) returned to eintopf666
eintopf666 collected $0.20 from pot
eintopf666: doesn't show hand 
*** SUMMARY ***
Total pot $0.20 | Rake $0 
Seat 1: WoozyFace (button) folded before Flop (didn't bet)
Seat 2: eintopf666 (small blind) collected ($0.20)
Seat 3: Stein1909 (big blind) folded before Flop
Seat 4: kiks220272 folded before Flop (didn't bet)
Seat 5: Mahu2021 folded before Flop (didn't bet)
Seat 6: nedofish folded before Flop (didn't bet)



PokerStars Zoom Hand #255827334649:  Hold'em No Limit ($0.05/$0.10) - 2025/04/21 13:54:23 CET [2025/04/21 7:54:23 ET]
Table 'Aludra' 6-max Seat #1 is the button
Seat 1: Stein1909 ($10.43 in chips) 
Seat 2: TimeWarp2006 ($12.69 in chips) 
Seat 3: Mahu2021 ($9.42 in chips) 
Seat 4: nedofish ($10 in chips) 
Seat 5: grrrama ($10.07 in chips) 
Seat 6: PRace13 ($12.75 in chips) 
TimeWarp2006: posts small blind $0.05
Mahu2021: posts big blind $0.10
*** HOLE CARDS ***
Dealt to Mahu2021 [2d 6c]
nedofish: folds 
grrrama: folds 
PRace13: folds 
Stein1909: folds 
TimeWarp2006: folds 
Uncalled bet ($0.05) returned to Mahu2021
Mahu2021 collected $0.10 from pot
Mahu2021: doesn't show hand 
*** SUMMARY ***
Total pot $0.10 | Rake $0 
Seat 1: Stein1909 (button) folded before Flop (didn't bet)
Seat 2: TimeWarp2006 (small blind) folded before Flop
Seat 3: Mahu2021 (big blind) collected ($0.10)
Seat 4: nedofish folded before Flop (didn't bet)
Seat 5: grrrama folded before Flop (didn't bet)
Seat 6: PRace13 folded before Flop (didn't bet)



PokerStars Zoom Hand #255827334169:  Hold'em No Limit ($0.05/$0.10) - 2025/04/21 13:54:20 CET [2025/04/21 7:54:20 ET]
Table 'Aludra' 6-max Seat #1 is the button
Seat 1: JulianGuimaraes ($10 in chips) 
Seat 2: Stein1909 ($10.48 in chips) 
Seat 3: manonan ($10.03 in chips) 
Seat 4: Mahu2021 ($9.42 in chips) 
Seat 5: eintopf666 ($10.35 in chips) 
Seat 6: ace23298 ($6.37 in chips) 
Stein1909: posts small blind $0.05
manonan: posts big blind $0.10
*** HOLE CARDS ***
Dealt to Mahu2021 [9d Th]
Mahu2021: folds 
eintopf666: folds 
ace23298: folds 
JulianGuimaraes: raises $0.15 to $0.25
Stein1909: folds 
manonan: calls $0.15
*** FLOP *** [6d Kh 2s]
manonan: checks 
JulianGuimaraes: bets $0.13
manonan: folds 
Uncalled bet ($0.13) returned to JulianGuimaraes
JulianGuimaraes collected $0.53 from pot
JulianGuimaraes: doesn't show hand 
*** SUMMARY ***
Total pot $0.55 | Rake $0.02 
Board [6d Kh 2s]
Seat 1: JulianGuimaraes (button) collected ($0.53)
Seat 2: Stein1909 (small blind) folded before Flop
Seat 3: manonan (big blind) folded on the Flop
Seat 4: Mahu2021 folded before Flop (didn't bet)
Seat 5: eintopf666 folded before Flop (didn't bet)
Seat 6: ace23298 folded before Flop (didn't bet)



PokerStars Zoom Hand #255827332147:  Hold'em No Limit ($0.05/$0.10) - 2025/04/21 13:54:04 CET [2025/04/21 7:54:04 ET]
Table 'Aludra' 6-max Seat #1 is the button
Seat 1: kiks220272 ($10 in chips) 
Seat 2: Mahu2021 ($9.47 in chips) 
Seat 3: Sorathan ($5.13 in chips) 
Seat 4: ki6ata ($16.18 in chips) 
Seat 5: silsilviu ($10.71 in chips) 
Seat 6: heraboy ($11.28 in chips) 
Mahu2021: posts small blind $0.05
Sorathan: posts big blind $0.10
*** HOLE CARDS ***
Dealt to Mahu2021 [9s 5s]
ki6ata: folds 
silsilviu: raises $0.20 to $0.30
heraboy: folds 
kiks220272: folds 
Mahu2021: folds 
Sorathan: calls $0.20
*** FLOP *** [8d Td 6h]
Sorathan: checks 
silsilviu: bets $0.41
Sorathan: calls $0.41
*** TURN *** [8d Td 6h] [8c]
Sorathan: checks 
silsilviu: bets $1
Sorathan: folds 
Uncalled bet ($1) returned to silsilviu
silsilviu collected $1.40 from pot
silsilviu: doesn't show hand 
*** SUMMARY ***
Total pot $1.47 | Rake $0.07 
Board [8d Td 6h 8c]
Seat 1: kiks220272 (button) folded before Flop (didn't bet)
Seat 2: Mahu2021 (small blind) folded before Flop
Seat 3: Sorathan (big blind) folded on the Turn
Seat 4: ki6ata folded before Flop (didn't bet)
Seat 5: silsilviu collected ($1.40)
Seat 6: heraboy folded before Flop (didn't bet)



PokerStars Zoom Hand #255827335588:  Hold'em No Limit ($0.05/$0.10) - 2025/04/21 13:54:31 CET [2025/04/21 7:54:31 ET]
Table 'Aludra' 6-max Seat #1 is the button
Seat 1: heraboy ($22.23 in chips) 
Seat 2: Mahu2021 ($9.47 in chips) 
Seat 3: IMMPORT@L ($6.64 in chips) 
Seat 4: ace23298 ($6.32 in chips) 
Seat 5: mlange ($4.79 in chips) 
Seat 6: silentshowdown ($11.24 in chips) 
Mahu2021: posts small blind $0.05
IMMPORT@L: posts big blind $0.10
*** HOLE CARDS ***
Dealt to Mahu2021 [Qc 2s]
ace23298: folds 
mlange: folds 
silentshowdown: folds 
heraboy: raises $0.15 to $0.25
Mahu2021: folds 
IMMPORT@L: folds 
Uncalled bet ($0.15) returned to heraboy
heraboy collected $0.25 from pot
heraboy: doesn't show hand 
*** SUMMARY ***
Total pot $0.25 | Rake $0 
Seat 1: heraboy (button) collected ($0.25)
Seat 2: Mahu2021 (small blind) folded before Flop
Seat 3: IMMPORT@L (big blind) folded before Flop
Seat 4: ace23298 folded before Flop (didn't bet)
Seat 5: mlange folded before Flop (didn't bet)
Seat 6: silentshowdown folded before Flop (didn't bet)



PokerStars Zoom Hand #255827332845:  Hold'em No Limit ($0.05/$0.10) - 2025/04/21 13:54:09 CET [2025/04/21 7:54:09 ET]
Table 'Aludra' 6-max Seat #1 is the button
Seat 1: Mahu2021 ($9.42 in chips) 
Seat 2: PRace13 ($12.80 in chips) 
Seat 3: ilbeback2017 ($9.51 in chips) 
Seat 4: steven73263 ($10.71 in chips) 
Seat 5: scottow176 ($11.41 in chips) 
Seat 6: Stein1909 ($10.48 in chips) 
PRace13: posts small blind $0.05
ilbeback2017: posts big blind $0.10
*** HOLE CARDS ***
Dealt to Mahu2021 [5h Jh]
steven73263: folds 
scottow176: raises $0.20 to $0.30
Stein1909: folds 
Mahu2021: folds 
PRace13: folds 
ilbeback2017: raises $0.70 to $1
scottow176: calls $0.70
*** FLOP *** [5c Ad 6h]
ilbeback2017: bets $0.98
scottow176: calls $0.98
*** TURN *** [5c Ad 6h] [4s]
ilbeback2017: checks 
scottow176: checks 
*** RIVER *** [5c Ad 6h 4s] [Qd]
ilbeback2017: checks 
scottow176: checks 
*** SHOW DOWN ***
ilbeback2017: shows [9d 8c] (high card Ace)
scottow176: shows [Ac Jc] (a pair of Aces)
scottow176 collected $3.83 from pot
*** SUMMARY ***
Total pot $4.01 | Rake $0.18 
Board [5c Ad 6h 4s Qd]
Seat 1: Mahu2021 (button) folded before Flop (didn't bet)
Seat 2: PRace13 (small blind) folded before Flop
Seat 3: ilbeback2017 (big blind) showed [9d 8c] and lost with high card Ace
Seat 4: steven73263 folded before Flop (didn't bet)
Seat 5: scottow176 showed [Ac Jc] and won ($3.83) with a pair of Aces
Seat 6: Stein1909 folded before Flop (didn't bet)



PokerStars Zoom Hand #255827333306:  Hold'em No Limit ($0.05/$0.10) - 2025/04/21 13:54:13 CET [2025/04/21 7:54:13 ET]
Table 'Aludra' 6-max Seat #1 is the button
Seat 1: egregor*0727 ($9.13 in chips) 
Seat 2: steven73263 ($10.71 in chips) 
Seat 3: maxjenics ($17 in chips) 
Seat 4: IMMPORT@L ($9.50 in chips) 
Seat 5: dimiscala ($6.48 in chips) 
Seat 6: Mahu2021 ($9.42 in chips) 
steven73263: posts small blind $0.05
maxjenics: posts big blind $0.10
*** HOLE CARDS ***
Dealt to Mahu2021 [2h 4h]
IMMPORT@L: folds 
dimiscala: raises $0.30 to $0.40
Mahu2021: folds 
egregor*0727: calls $0.40
steven73263: raises $1.20 to $1.60
maxjenics: folds 
dimiscala: calls $1.20
egregor*0727: calls $1.20
*** FLOP *** [Ad 7s 5d]
steven73263: bets $2.34
dimiscala: raises $2.54 to $4.88 and is all-in
egregor*0727: folds 
steven73263: calls $2.54
*** TURN *** [Ad 7s 5d] [7h]
*** RIVER *** [Ad 7s 5d 7h] [3d]
*** SHOW DOWN ***
steven73263: shows [5s As] (two pair, Aces and Sevens)
dimiscala: shows [Th Ah] (two pair, Aces and Sevens - Ten kicker)
dimiscala collected $14 from pot
*** SUMMARY ***
Total pot $14.66 | Rake $0.66 
Board [Ad 7s 5d 7h 3d]
Seat 1: egregor*0727 (button) folded on the Flop
Seat 2: steven73263 (small blind) showed [5s As] and lost with two pair, Aces and Sevens
Seat 3: maxjenics (big blind) folded before Flop
Seat 4: IMMPORT@L folded before Flop (didn't bet)
Seat 5: dimiscala showed [Th Ah] and won ($14) with two pair, Aces and Sevens
Seat 6: Mahu2021 folded before Flop (didn't bet)



PokerStars Zoom Hand #255827336283:  Hold'em No Limit ($0.05/$0.10) - 2025/04/21 13:54:36 CET [2025/04/21 7:54:36 ET]
Table 'Aludra' 6-max Seat #1 is the button
Seat 1: amigo1404 ($15.74 in chips) 
Seat 2: araka0279 ($10.05 in chips) 
Seat 3: mlange ($4.79 in chips) 
Seat 4: WoozyFace ($9.55 in chips) 
Seat 5: Guten3213 ($10.33 in chips) 
Seat 6: Mahu2021 ($9.42 in chips) 
araka0279: posts small blind $0.05
mlange: posts big blind $0.10
*** HOLE CARDS ***
Dealt to Mahu2021 [3s 4d]
WoozyFace: raises $0.15 to $0.25
Guten3213: folds 
Mahu2021: folds 
amigo1404: folds 
araka0279: folds 
mlange: calls $0.15
*** FLOP *** [9d Ks 9h]
mlange: checks 
WoozyFace: bets $0.21
mlange: folds 
Uncalled bet ($0.21) returned to WoozyFace
WoozyFace collected $0.53 from pot
WoozyFace: doesn't show hand 
*** SUMMARY ***
Total pot $0.55 | Rake $0.02 
Board [9d Ks 9h]
Seat 1: amigo1404 (button) folded before Flop (didn't bet)
Seat 2: araka0279 (small blind) folded before Flop
Seat 3: mlange (big blind) folded on the Flop
Seat 4: WoozyFace collected ($0.53)
Seat 5: Guten3213 folded before Flop (didn't bet)
Seat 6: Mahu2021 folded before Flop (didn't bet)



PokerStars Zoom Hand #255827337582:  Hold'em No Limit ($0.05/$0.10) - 2025/04/21 13:54:46 CET [2025/04/21 7:54:46 ET]
Table 'Aludra' 6-max Seat #1 is the button
Seat 1: GenC0629 ($10 in chips) 
Seat 2: bountykid99 ($21.61 in chips) 
Seat 3: kiks220272 ($10 in chips) 
Seat 4: silsilviu ($11.40 in chips) 
Seat 5: Mahu2021 ($9.42 in chips) 
Seat 6: Stein1909 ($10.33 in chips) 
bountykid99: posts small blind $0.05
kiks220272: posts big blind $0.10
*** HOLE CARDS ***
Dealt to Mahu2021 [Kh Ks]
silsilviu: folds 
Mahu2021: raises $0.20 to $0.30
Stein1909: folds 
GenC0629: folds 
bountykid99: calls $0.25
kiks220272: calls $0.20
*** FLOP *** [9d 7c 5h]
bountykid99: checks 
kiks220272: checks 
Mahu2021: bets $0.40
bountykid99: folds 
kiks220272: folds 
Uncalled bet ($0.40) returned to Mahu2021
Mahu2021 collected $0.86 from pot
Mahu2021: doesn't show hand 
*** SUMMARY ***
Total pot $0.90 | Rake $0.04 
Board [9d 7c 5h]
Seat 1: GenC0629 (button) folded before Flop (didn't bet)
Seat 2: bountykid99 (small blind) folded on the Flop
Seat 3: kiks220272 (big blind) folded on the Flop
Seat 4: silsilviu folded before Flop (didn't bet)
Seat 5: Mahu2021 collected ($0.86)
Seat 6: Stein1909 folded before Flop (didn't bet)



PokerStars Zoom Hand #255827337055:  Hold'em No Limit ($0.05/$0.10) - 2025/04/21 13:54:42 CET [2025/04/21 7:54:42 ET]
Table 'Aludra' 6-max Seat #1 is the button
Seat 1: Mahu2021 ($9.42 in chips) 
Seat 2: kimjw800 ($13.96 in chips) 
Seat 3: bigpebble1234 ($19.71 in chips) 
Seat 4: ki6ata ($15.93 in chips) 
Seat 5: nedofish ($11.94 in chips) 
Seat 6: Guilherme_loris ($10.46 in chips) 
kimjw800: posts small blind $0.05
bigpebble1234: posts big blind $0.10
*** HOLE CARDS ***
Dealt to Mahu2021 [Ks 3d]
ki6ata: folds 
nedofish: folds 
Guilherme_loris: calls $0.10
Mahu2021: folds 
kimjw800: folds 
bigpebble1234: checks 
*** FLOP *** [5c 4c As]
bigpebble1234: checks 
Guilherme_loris: checks 
*** TURN *** [5c 4c As] [Td]
bigpebble1234: checks 
Guilherme_loris: checks 
*** RIVER *** [5c 4c As Td] [8c]
bigpebble1234: checks 
Guilherme_loris: checks 
*** SHOW DOWN ***
bigpebble1234: shows [3h 8s] (a pair of Eights)
Guilherme_loris: mucks hand 
bigpebble1234 collected $0.24 from pot
*** SUMMARY ***
Total pot $0.25 | Rake $0.01 
Board [5c 4c As Td 8c]
Seat 1: Mahu2021 (button) folded before Flop (didn't bet)
Seat 2: kimjw800 (small blind) folded before Flop
Seat 3: bigpebble1234 (big blind) showed [3h 8s] and won ($0.24) with a pair of Eights
Seat 4: ki6ata folded before Flop (didn't bet)
Seat 5: nedofish folded before Flop (didn't bet)
Seat 6: Guilherme_loris mucked [2d 9h]



PokerStars Zoom Hand #255827340555:  Hold'em No Limit ($0.05/$0.10) - 2025/04/21 13:55:12 CET [2025/04/21 7:55:12 ET]
Table 'Aludra' 6-max Seat #1 is the button
Seat 1: kiks220272 ($10 in chips) 
Seat 2: WoozyFace ($9.83 in chips) 
Seat 3: nedofish ($10.87 in chips) 
Seat 4: Mahu2021 ($9.98 in chips) 
Seat 5: kimjw800 ($13.81 in chips) 
Seat 6: reddoandpiisu2 ($25.60 in chips) 
WoozyFace: posts small blind $0.05
nedofish: posts big blind $0.10
*** HOLE CARDS ***
Dealt to Mahu2021 [7s 2h]
Mahu2021: folds 
kimjw800: raises $0.10 to $0.20
reddoandpiisu2: folds 
kiks220272: folds 
WoozyFace: folds 
nedofish: folds 
Uncalled bet ($0.10) returned to kimjw800
kimjw800 collected $0.25 from pot
kimjw800: doesn't show hand 
*** SUMMARY ***
Total pot $0.25 | Rake $0 
Seat 1: kiks220272 (button) folded before Flop (didn't bet)
Seat 2: WoozyFace (small blind) folded before Flop
Seat 3: nedofish (big blind) folded before Flop
Seat 4: Mahu2021 folded before Flop (didn't bet)
Seat 5: kimjw800 collected ($0.25)
Seat 6: reddoandpiisu2 folded before Flop (didn't bet)



PokerStars Zoom Hand #255827340961:  Hold'em No Limit ($0.05/$0.10) - 2025/04/21 13:55:16 CET [2025/04/21 7:55:16 ET]
Table 'Aludra' 6-max Seat #1 is the button
Seat 1: cp000074 ($12.26 in chips) 
Seat 2: Dgls1128 ($12.61 in chips) 
Seat 3: Mahu2021 ($9.98 in chips) 
Seat 4: nicolas1112 ($20.95 in chips) 
Seat 5: PRace13 ($12.23 in chips) 
Seat 6: TheSoulTaker666 ($9.42 in chips) 
Dgls1128: posts small blind $0.05
Mahu2021: posts big blind $0.10
*** HOLE CARDS ***
Dealt to Mahu2021 [9c 7c]
nicolas1112: folds 
PRace13: folds 
TheSoulTaker666: folds 
cp000074: calls $0.10
Dgls1128: folds 
Mahu2021: checks 
*** FLOP *** [8d 5d 8s]
Mahu2021: checks 
cp000074: bets $0.10
Mahu2021: calls $0.10
*** TURN *** [8d 5d 8s] [Ac]
Mahu2021: checks 
cp000074: bets $0.20
Mahu2021: folds 
Uncalled bet ($0.20) returned to cp000074
cp000074 collected $0.43 from pot
cp000074: doesn't show hand 
*** SUMMARY ***
Total pot $0.45 | Rake $0.02 
Board [8d 5d 8s Ac]
Seat 1: cp000074 (button) collected ($0.43)
Seat 2: Dgls1128 (small blind) folded before Flop
Seat 3: Mahu2021 (big blind) folded on the Turn
Seat 4: nicolas1112 folded before Flop (didn't bet)
Seat 5: PRace13 folded before Flop (didn't bet)
Seat 6: TheSoulTaker666 folded before Flop (didn't bet)



PokerStars Zoom Hand #255827344232:  Hold'em No Limit ($0.05/$0.10) - 2025/04/21 13:55:49 CET [2025/04/21 7:55:49 ET]
Table 'Aludra' 6-max Seat #1 is the button
Seat 1: kimjw800 ($13.91 in chips) 
Seat 2: Mahu2021 ($9.78 in chips) 
Seat 3: AAKK618 ($16.45 in chips) 
Seat 4: bigpebble1234 ($10.15 in chips) 
Seat 5: SharizWoW ($6.03 in chips) 
Seat 6: Borislav84 ($27.45 in chips) 
Mahu2021: posts small blind $0.05
AAKK618: posts big blind $0.10
*** HOLE CARDS ***
Dealt to Mahu2021 [Kc 7h]
bigpebble1234: folds 
SharizWoW: folds 
Borislav84: folds 
kimjw800: folds 
Mahu2021: raises $0.20 to $0.30
AAKK618: folds 
Uncalled bet ($0.20) returned to Mahu2021
Mahu2021 collected $0.20 from pot
Mahu2021: doesn't show hand 
*** SUMMARY ***
Total pot $0.20 | Rake $0 
Seat 1: kimjw800 (button) folded before Flop (didn't bet)
Seat 2: Mahu2021 (small blind) collected ($0.20)
Seat 3: AAKK618 (big blind) folded before Flop
Seat 4: bigpebble1234 folded before Flop (didn't bet)
Seat 5: SharizWoW folded before Flop (didn't bet)
Seat 6: Borislav84 folded before Flop (didn't bet)



PokerStars Zoom Hand #255827345570:  Hold'em No Limit ($0.05/$0.10) - 2025/04/21 13:56:03 CET [2025/04/21 7:56:03 ET]
Table 'Aludra' 6-max Seat #1 is the button
Seat 1: JulianGuimaraes ($10.08 in chips) 
Seat 2: Guten3213 ($10.18 in chips) 
Seat 3: IMMPORT@L ($6.19 in chips) 
Seat 4: SharizWoW ($5.93 in chips) 
Seat 5: WoozyFace ($9.38 in chips) 
Seat 6: Mahu2021 ($9.88 in chips) 
Guten3213: posts small blind $0.05
IMMPORT@L: posts big blind $0.10
*** HOLE CARDS ***
Dealt to Mahu2021 [5h 8c]
SharizWoW: folds 
WoozyFace: folds 
Mahu2021: folds 
JulianGuimaraes: folds 
Guten3213: raises $0.20 to $0.30
IMMPORT@L: raises $5.89 to $6.19 and is all-in
Guten3213: folds 
Uncalled bet ($5.89) returned to IMMPORT@L
IMMPORT@L collected $0.60 from pot
IMMPORT@L: doesn't show hand 
*** SUMMARY ***
Total pot $0.60 | Rake $0 
Seat 1: JulianGuimaraes (button) folded before Flop (didn't bet)
Seat 2: Guten3213 (small blind) folded before Flop
Seat 3: IMMPORT@L (big blind) collected ($0.60)
Seat 4: SharizWoW folded before Flop (didn't bet)
Seat 5: WoozyFace folded before Flop (didn't bet)
Seat 6: Mahu2021 folded before Flop (didn't bet)



PokerStars Zoom Hand #255827345969:  Hold'em No Limit ($0.05/$0.10) - 2025/04/21 13:56:07 CET [2025/04/21 7:56:07 ET]
Table 'Aludra' 6-max Seat #1 is the button
Seat 1: Mahu2021 ($9.88 in chips) 
Seat 2: WoozyFace ($10.11 in chips) 
Seat 3: TimeWarp2006 ($12.10 in chips) 
Seat 4: Dgls1128 ($12.49 in chips) 
Seat 5: SharizWoW ($5.93 in chips) 
Seat 6: ki6ata ($15.16 in chips) 
WoozyFace: posts small blind $0.05
TimeWarp2006: posts big blind $0.10
*** HOLE CARDS ***
Dealt to Mahu2021 [6h 4c]
Dgls1128: raises $0.10 to $0.20
SharizWoW: folds 
ki6ata: raises $0.40 to $0.60
Mahu2021: folds 
WoozyFace: folds 
TimeWarp2006: folds 
Dgls1128: calls $0.40
*** FLOP *** [Ad 3h Jd]
Dgls1128: checks 
ki6ata: checks 
*** TURN *** [Ad 3h Jd] [Kd]
Dgls1128: checks 
ki6ata: checks 
*** RIVER *** [Ad 3h Jd Kd] [5d]
Dgls1128: bets $0.65
ki6ata: folds 
Uncalled bet ($0.65) returned to Dgls1128
Dgls1128 collected $1.29 from pot
Dgls1128: doesn't show hand 
*** SUMMARY ***
Total pot $1.35 | Rake $0.06 
Board [Ad 3h Jd Kd 5d]
Seat 1: Mahu2021 (button) folded before Flop (didn't bet)
Seat 2: WoozyFace (small blind) folded before Flop
Seat 3: TimeWarp2006 (big blind) folded before Flop
Seat 4: Dgls1128 collected ($1.29)
Seat 5: SharizWoW folded before Flop (didn't bet)
Seat 6: ki6ata folded on the River



PokerStars Zoom Hand #255827346395:  Hold'em No Limit ($0.05/$0.10) - 2025/04/21 13:56:12 CET [2025/04/21 7:56:12 ET]
Table 'Aludra' 6-max Seat #1 is the button
Seat 1: SharizWoW ($5.93 in chips) 
Seat 2: heraboy ($10 in chips) 
Seat 3: WoozyFace ($9.38 in chips) 
Seat 4: scottow176 ($33.82 in chips) 
Seat 5: Mahu2021 ($9.88 in chips) 
Seat 6: steven73263 ($10 in chips) 
heraboy: posts small blind $0.05
WoozyFace: posts big blind $0.10
*** HOLE CARDS ***
Dealt to Mahu2021 [Ad 5d]
scottow176: folds 
Mahu2021: raises $0.10 to $0.20
steven73263: calls $0.20
SharizWoW: folds 
heraboy: folds 
WoozyFace: folds 
*** FLOP *** [6h 4s Ah]
Mahu2021: bets $0.30
steven73263: raises $0.60 to $0.90
Mahu2021: folds 
Uncalled bet ($0.60) returned to steven73263
steven73263 collected $1.10 from pot
steven73263: doesn't show hand 
*** SUMMARY ***
Total pot $1.15 | Rake $0.05 
Board [6h 4s Ah]
Seat 1: SharizWoW (button) folded before Flop (didn't bet)
Seat 2: heraboy (small blind) folded before Flop
Seat 3: WoozyFace (big blind) folded before Flop
Seat 4: scottow176 folded before Flop (didn't bet)
Seat 5: Mahu2021 folded on the Flop
Seat 6: steven73263 collected ($1.10)



PokerStars Zoom Hand #255827349223:  Hold'em No Limit ($0.05/$0.10) - 2025/04/21 13:56:40 CET [2025/04/21 7:56:40 ET]
Table 'Aludra' 6-max Seat #1 is the button
Seat 1: killerofmtime ($11.29 in chips) 
Seat 2: ki6ata ($14.56 in chips) 
Seat 3: PRace13 ($12.40 in chips) 
Seat 4: Mahu2021 ($9.38 in chips) 
Seat 5: WoozyFace ($10.03 in chips) 
Seat 6: IMMPORT@L ($6.44 in chips) 
ki6ata: posts small blind $0.05
PRace13: posts big blind $0.10
*** HOLE CARDS ***
Dealt to Mahu2021 [8h Ah]
Mahu2021: raises $0.10 to $0.20
WoozyFace: folds 
IMMPORT@L: folds 
killerofmtime: folds 
ki6ata: folds 
PRace13: calls $0.10
*** FLOP *** [2s Ts 9s]
PRace13: bets $0.22
Mahu2021: folds 
Uncalled bet ($0.22) returned to PRace13
PRace13 collected $0.43 from pot
PRace13: doesn't show hand 
*** SUMMARY ***
Total pot $0.45 | Rake $0.02 
Board [2s Ts 9s]
Seat 1: killerofmtime (button) folded before Flop (didn't bet)
Seat 2: ki6ata (small blind) folded before Flop
Seat 3: PRace13 (big blind) collected ($0.43)
Seat 4: Mahu2021 folded on the Flop
Seat 5: WoozyFace folded before Flop (didn't bet)
Seat 6: IMMPORT@L folded before Flop (didn't bet)



PokerStars Zoom Hand #255827351361:  Hold'em No Limit ($0.05/$0.10) - 2025/04/21 13:57:02 CET [2025/04/21 7:57:02 ET]
Table 'Aludra' 6-max Seat #1 is the button
Seat 1: bloodedesert ($26.25 in chips) 
Seat 2: eintopf666 ($14.38 in chips) 
Seat 3: Mahu2021 ($9.13 in chips) 
Seat 4: Guten3213 ($12.33 in chips) 
Seat 5: Noffa69 ($6.66 in chips) 
Seat 6: Carrajo23 ($10.74 in chips) 
eintopf666: posts small blind $0.05
Mahu2021: posts big blind $0.10
*** HOLE CARDS ***
Dealt to Mahu2021 [4h Ks]
Guten3213: folds 
Noffa69: folds 
Carrajo23: raises $0.10 to $0.20
bloodedesert: folds 
eintopf666: calls $0.15
Mahu2021: folds 
*** FLOP *** [Kh 2c 2h]
eintopf666: checks 
Carrajo23: bets $0.10
eintopf666: calls $0.10
*** TURN *** [Kh 2c 2h] [Td]
eintopf666: checks 
Carrajo23: checks 
*** RIVER *** [Kh 2c 2h Td] [9h]
eintopf666: checks 
Carrajo23: checks 
*** SHOW DOWN ***
eintopf666: shows [5d 5c] (two pair, Fives and Deuces)
Carrajo23: mucks hand 
eintopf666 collected $0.67 from pot
*** SUMMARY ***
Total pot $0.70 | Rake $0.03 
Board [Kh 2c 2h Td 9h]
Seat 1: bloodedesert (button) folded before Flop (didn't bet)
Seat 2: eintopf666 (small blind) showed [5d 5c] and won ($0.67) with two pair, Fives and Deuces
Seat 3: Mahu2021 (big blind) folded before Flop
Seat 4: Guten3213 folded before Flop (didn't bet)
Seat 5: Noffa69 folded before Flop (didn't bet)
Seat 6: Carrajo23 mucked [8h Ad]



PokerStars Zoom Hand #255827352568:  Hold'em No Limit ($0.05/$0.10) - 2025/04/21 13:57:14 CET [2025/04/21 7:57:14 ET]
Table 'Aludra' 6-max Seat #1 is the button
Seat 1: Mahu2021 ($9.03 in chips) 
Seat 2: nicolas1112 ($23.02 in chips) 
Seat 3: Chicano96 ($10.21 in chips) 
Seat 4: nedofish ($12.26 in chips) 
Seat 5: PRace13 ($12.20 in chips) 
Seat 6: bigpebble1234 ($17.55 in chips) 
nicolas1112: posts small blind $0.05
Chicano96: posts big blind $0.10
*** HOLE CARDS ***
Dealt to Mahu2021 [Ts Qs]
nedofish: folds 
PRace13: folds 
bigpebble1234: folds 
Mahu2021: raises $0.20 to $0.30
nicolas1112: folds 
Chicano96: folds 
Uncalled bet ($0.20) returned to Mahu2021
Mahu2021 collected $0.25 from pot
Mahu2021: doesn't show hand 
*** SUMMARY ***
Total pot $0.25 | Rake $0 
Seat 1: Mahu2021 (button) collected ($0.25)
Seat 2: nicolas1112 (small blind) folded before Flop
Seat 3: Chicano96 (big blind) folded before Flop
Seat 4: nedofish folded before Flop (didn't bet)
Seat 5: PRace13 folded before Flop (didn't bet)
Seat 6: bigpebble1234 folded before Flop (didn't bet)



PokerStars Zoom Hand #255827351037:  Hold'em No Limit ($0.05/$0.10) - 2025/04/21 13:56:58 CET [2025/04/21 7:56:58 ET]
Table 'Aludra' 6-max Seat #1 is the button
Seat 1: Borislav84 ($27.09 in chips) 
Seat 2: Mahu2021 ($9.18 in chips) 
Seat 3: WoozyFace ($10.03 in chips) 
Seat 4: silentshowdown ($10.55 in chips) 
Seat 5: xTicTuux ($15.45 in chips) 
Seat 6: Noffa69 ($6.66 in chips) 
Mahu2021: posts small blind $0.05
WoozyFace: posts big blind $0.10
*** HOLE CARDS ***
Dealt to Mahu2021 [Ts 8h]
silentshowdown: raises $0.14 to $0.24
xTicTuux: folds 
Noffa69: folds 
Borislav84: calls $0.24
Mahu2021: folds 
WoozyFace: folds 
*** FLOP *** [3d Td 7s]
silentshowdown: checks 
Borislav84: bets $0.30
silentshowdown: raises $0.39 to $0.69
Borislav84: calls $0.39
*** TURN *** [3d Td 7s] [Kc]
silentshowdown: bets $1.44
Borislav84: calls $1.44
*** RIVER *** [3d Td 7s Kc] [3h]
silentshowdown: checks 
Borislav84: bets $24.72 and is all-in
silentshowdown: folds 
Uncalled bet ($24.72) returned to Borislav84
Borislav84 collected $4.67 from pot
Borislav84: doesn't show hand 
*** SUMMARY ***
Total pot $4.89 | Rake $0.22 
Board [3d Td 7s Kc 3h]
Seat 1: Borislav84 (button) collected ($4.67)
Seat 2: Mahu2021 (small blind) folded before Flop
Seat 3: WoozyFace (big blind) folded before Flop
Seat 4: silentshowdown folded on the River
Seat 5: xTicTuux folded before Flop (didn't bet)
Seat 6: Noffa69 folded before Flop (didn't bet)



PokerStars Zoom Hand #255827356326:  Hold'em No Limit ($0.05/$0.10) - 2025/04/21 13:57:51 CET [2025/04/21 7:57:51 ET]
Table 'Aludra' 6-max Seat #1 is the button
Seat 1: ki6ata ($18.98 in chips) 
Seat 2: WoozyFace ($9.74 in chips) 
Seat 3: Nakama Sam ($21.85 in chips) 
Seat 4: heraboy ($10.30 in chips) 
Seat 5: JulianGuimaraes ($10.40 in chips) 
Seat 6: Mahu2021 ($9.18 in chips) 
WoozyFace: posts small blind $0.05
Nakama Sam: posts big blind $0.10
*** HOLE CARDS ***
Dealt to Mahu2021 [8h 6c]
heraboy: folds 
JulianGuimaraes: folds 
Mahu2021: folds 
ki6ata: folds 
WoozyFace: raises $0.15 to $0.25
Nakama Sam: folds 
Uncalled bet ($0.15) returned to WoozyFace
WoozyFace collected $0.20 from pot
WoozyFace: doesn't show hand 
*** SUMMARY ***
Total pot $0.20 | Rake $0 
Seat 1: ki6ata (button) folded before Flop (didn't bet)
Seat 2: WoozyFace (small blind) collected ($0.20)
Seat 3: Nakama Sam (big blind) folded before Flop
Seat 4: heraboy folded before Flop (didn't bet)
Seat 5: JulianGuimaraes folded before Flop (didn't bet)
Seat 6: Mahu2021 folded before Flop (didn't bet)



PokerStars Zoom Hand #255827355923:  Hold'em No Limit ($0.05/$0.10) - 2025/04/21 13:57:47 CET [2025/04/21 7:57:47 ET]
Table 'Aludra' 6-max Seat #1 is the button
Seat 1: GenC0629 ($10.32 in chips) 
Seat 2: kiks220272 ($11.10 in chips) 
Seat 3: Carrajo23 ($10.44 in chips) 
Seat 4: PRace13 ($10.75 in chips) 
Seat 5: nicolas1112 ($22.97 in chips) 
Seat 6: Mahu2021 ($9.18 in chips) 
kiks220272: posts small blind $0.05
Carrajo23: posts big blind $0.10
*** HOLE CARDS ***
Dealt to Mahu2021 [3h Qc]
PRace13: folds 
nicolas1112: folds 
Mahu2021: folds 
GenC0629: folds 
kiks220272: folds 
Uncalled bet ($0.05) returned to Carrajo23
Carrajo23 collected $0.10 from pot
Carrajo23: doesn't show hand 
*** SUMMARY ***
Total pot $0.10 | Rake $0 
Seat 1: GenC0629 (button) folded before Flop (didn't bet)
Seat 2: kiks220272 (small blind) folded before Flop
Seat 3: Carrajo23 (big blind) collected ($0.10)
Seat 4: PRace13 folded before Flop (didn't bet)
Seat 5: nicolas1112 folded before Flop (didn't bet)
Seat 6: Mahu2021 folded before Flop (didn't bet)



PokerStars Zoom Hand #255827355171:  Hold'em No Limit ($0.05/$0.10) - 2025/04/21 13:57:40 CET [2025/04/21 7:57:40 ET]
Table 'Aludra' 6-max Seat #1 is the button
Seat 1: dimiscala ($12.98 in chips) 
Seat 2: AAKK618 ($16.05 in chips) 
Seat 3: manonan ($9.62 in chips) 
Seat 4: Mahu2021 ($9.18 in chips) 
Seat 5: Guten3213 ($12.18 in chips) 
Seat 6: WoozyFace ($10.03 in chips) 
AAKK618: posts small blind $0.05
manonan: posts big blind $0.10
*** HOLE CARDS ***
Dealt to Mahu2021 [7c 2h]
Mahu2021: folds 
Guten3213: folds 
WoozyFace: raises $0.15 to $0.25
dimiscala: calls $0.25
AAKK618: folds 
manonan: folds 
*** FLOP *** [3h Jd Qc]
WoozyFace: checks 
dimiscala: bets $0.20
WoozyFace: folds 
Uncalled bet ($0.20) returned to dimiscala
dimiscala collected $0.62 from pot
dimiscala: doesn't show hand 
*** SUMMARY ***
Total pot $0.65 | Rake $0.03 
Board [3h Jd Qc]
Seat 1: dimiscala (button) collected ($0.62)
Seat 2: AAKK618 (small blind) folded before Flop
Seat 3: manonan (big blind) folded before Flop
Seat 4: Mahu2021 folded before Flop (didn't bet)
Seat 5: Guten3213 folded before Flop (didn't bet)
Seat 6: WoozyFace folded on the Flop



PokerStars Zoom Hand #255827356603:  Hold'em No Limit ($0.05/$0.10) - 2025/04/21 13:57:53 CET [2025/04/21 7:57:53 ET]
Table 'Aludra' 6-max Seat #1 is the button
Seat 1: GrevBobby ($9.23 in chips) 
Seat 2: heraboy ($10.30 in chips) 
Seat 3: Mahu2021 ($9.18 in chips) 
Seat 4: kiks220272 ($10.12 in chips) 
Seat 5: maxjenics ($17.09 in chips) 
Seat 6: GenC0629 ($10.32 in chips) 
heraboy: posts small blind $0.05
Mahu2021: posts big blind $0.10
*** HOLE CARDS ***
Dealt to Mahu2021 [Ah 7d]
kiks220272: folds 
maxjenics: folds 
GenC0629: folds 
GrevBobby: raises $0.20 to $0.30
heraboy: folds 
Mahu2021: calls $0.20
*** FLOP *** [Kd 8s 9h]
Mahu2021: checks 
GrevBobby: bets $0.21
Mahu2021: folds 
Uncalled bet ($0.21) returned to GrevBobby
GrevBobby collected $0.62 from pot
GrevBobby: doesn't show hand 
*** SUMMARY ***
Total pot $0.65 | Rake $0.03 
Board [Kd 8s 9h]
Seat 1: GrevBobby (button) collected ($0.62)
Seat 2: heraboy (small blind) folded before Flop
Seat 3: Mahu2021 (big blind) folded on the Flop
Seat 4: kiks220272 folded before Flop (didn't bet)
Seat 5: maxjenics folded before Flop (didn't bet)
Seat 6: GenC0629 folded before Flop (didn't bet)



PokerStars Zoom Hand #255827359344:  Hold'em No Limit ($0.05/$0.10) - 2025/04/21 13:58:20 CET [2025/04/21 7:58:20 ET]
Table 'Aludra' 6-max Seat #1 is the button
Seat 1: Mahu2021 ($8.88 in chips) 
Seat 2: PRace13 ($10.65 in chips) 
Seat 3: ace23298 ($5.44 in chips) 
Seat 4: SharizWoW ($4.68 in chips) 
Seat 5: GrevBobby ($9.55 in chips) 
Seat 6: manonan ($9.52 in chips) 
PRace13: posts small blind $0.05
ace23298: posts big blind $0.10
*** HOLE CARDS ***
Dealt to Mahu2021 [Qd 3c]
SharizWoW: folds 
GrevBobby: folds 
manonan: folds 
PRace13 is disconnected 
Mahu2021: raises $0.20 to $0.30
PRace13 has timed out while disconnected
PRace13: folds 
ace23298: folds 
Uncalled bet ($0.20) returned to Mahu2021
Mahu2021 collected $0.25 from pot
Mahu2021: doesn't show hand 
*** SUMMARY ***
Total pot $0.25 | Rake $0 
Seat 1: Mahu2021 (button) collected ($0.25)
Seat 2: PRace13 (small blind) folded before Flop
Seat 3: ace23298 (big blind) folded before Flop
Seat 4: SharizWoW folded before Flop (didn't bet)
Seat 5: GrevBobby folded before Flop (didn't bet)
Seat 6: manonan folded before Flop (didn't bet)



PokerStars Zoom Hand #255827361688:  Hold'em No Limit ($0.05/$0.10) - 2025/04/21 13:58:44 CET [2025/04/21 7:58:44 ET]
Table 'Aludra' 6-max Seat #1 is the button
Seat 1: bountykid99 ($20.82 in chips) 
Seat 2: kimjw800 ($13.01 in chips) 
Seat 3: mlange ($6.79 in chips) 
Seat 4: bloodedesert ($44.76 in chips) 
Seat 5: Mahu2021 ($9.03 in chips) 
Seat 6: Chicano96 ($10.20 in chips) 
kimjw800: posts small blind $0.05
mlange: posts big blind $0.10
*** HOLE CARDS ***
Dealt to Mahu2021 [3h 2c]
bloodedesert: folds 
Mahu2021: folds 
Chicano96: raises $0.20 to $0.30
bountykid99: folds 
kimjw800: folds 
mlange: folds 
Uncalled bet ($0.20) returned to Chicano96
Chicano96 collected $0.25 from pot
Chicano96: doesn't show hand 
*** SUMMARY ***
Total pot $0.25 | Rake $0 
Seat 1: bountykid99 (button) folded before Flop (didn't bet)
Seat 2: kimjw800 (small blind) folded before Flop
Seat 3: mlange (big blind) folded before Flop
Seat 4: bloodedesert folded before Flop (didn't bet)
Seat 5: Mahu2021 folded before Flop (didn't bet)
Seat 6: Chicano96 collected ($0.25)



PokerStars Zoom Hand #255827362098:  Hold'em No Limit ($0.05/$0.10) - 2025/04/21 13:58:48 CET [2025/04/21 7:58:48 ET]
Table 'Aludra' 6-max Seat #1 is the button
Seat 1: AAKK618 ($16.54 in chips) 
Seat 2: Mahu2021 ($9.03 in chips) 
Seat 3: Cudenduden87 ($10.44 in chips) 
Seat 4: Sorathan ($7.88 in chips) 
Seat 5: ace23298 ($5.29 in chips) 
Seat 6: GrevBobby ($9.60 in chips) 
Mahu2021: posts small blind $0.05
Cudenduden87: posts big blind $0.10
*** HOLE CARDS ***
Dealt to Mahu2021 [9c 6s]
Sorathan: raises $0.30 to $0.40
ace23298: folds 
GrevBobby: folds 
AAKK618: folds 
Mahu2021: folds 
Cudenduden87: folds 
Uncalled bet ($0.30) returned to Sorathan
Sorathan collected $0.25 from pot
Sorathan: doesn't show hand 
*** SUMMARY ***
Total pot $0.25 | Rake $0 
Seat 1: AAKK618 (button) folded before Flop (didn't bet)
Seat 2: Mahu2021 (small blind) folded before Flop
Seat 3: Cudenduden87 (big blind) folded before Flop
Seat 4: Sorathan collected ($0.25)
Seat 5: ace23298 folded before Flop (didn't bet)
Seat 6: GrevBobby folded before Flop (didn't bet)



PokerStars Zoom Hand #255827362789:  Hold'em No Limit ($0.05/$0.10) - 2025/04/21 13:58:55 CET [2025/04/21 7:58:55 ET]
Table 'Aludra' 6-max Seat #1 is the button
Seat 1: ki6ata ($16.94 in chips) 
Seat 2: bigpebble1234 ($11.05 in chips) 
Seat 3: WoozyFace ($9.54 in chips) 
Seat 4: silentshowdown ($10 in chips) 
Seat 5: Mahu2021 ($8.98 in chips) 
Seat 6: heraboy ($22.65 in chips) 
bigpebble1234: posts small blind $0.05
WoozyFace: posts big blind $0.10
*** HOLE CARDS ***
Dealt to Mahu2021 [5d Th]
silentshowdown: folds 
Mahu2021: folds 
heraboy: folds 
ki6ata: folds 
bigpebble1234: raises $0.10 to $0.20
WoozyFace: folds 
Uncalled bet ($0.10) returned to bigpebble1234
bigpebble1234 collected $0.20 from pot
bigpebble1234: doesn't show hand 
*** SUMMARY ***
Total pot $0.20 | Rake $0 
Seat 1: ki6ata (button) folded before Flop (didn't bet)
Seat 2: bigpebble1234 (small blind) collected ($0.20)
Seat 3: WoozyFace (big blind) folded before Flop
Seat 4: silentshowdown folded before Flop (didn't bet)
Seat 5: Mahu2021 folded before Flop (didn't bet)
Seat 6: heraboy folded before Flop (didn't bet)



PokerStars Zoom Hand #255827363222:  Hold'em No Limit ($0.05/$0.10) - 2025/04/21 13:58:59 CET [2025/04/21 7:58:59 ET]
Table 'Aludra' 6-max Seat #1 is the button
Seat 1: honEybOOx ($10 in chips) 
Seat 2: Guten3213 ($12.58 in chips) 
Seat 3: Mahu2021 ($8.98 in chips) 
Seat 4: Cudenduden87 ($10.34 in chips) 
Seat 5: nedofish ($13.66 in chips) 
Seat 6: ki6ata ($16.94 in chips) 
Guten3213: posts small blind $0.05
Mahu2021: posts big blind $0.10
*** HOLE CARDS ***
Dealt to Mahu2021 [8c 5d]
Cudenduden87: folds 
nedofish: folds 
ki6ata: folds 
honEybOOx: folds 
Guten3213: raises $0.20 to $0.30
Mahu2021: folds 
Uncalled bet ($0.20) returned to Guten3213
Guten3213 collected $0.20 from pot
Guten3213: doesn't show hand 
*** SUMMARY ***
Total pot $0.20 | Rake $0 
Seat 1: honEybOOx (button) folded before Flop (didn't bet)
Seat 2: Guten3213 (small blind) collected ($0.20)
Seat 3: Mahu2021 (big blind) folded before Flop
Seat 4: Cudenduden87 folded before Flop (didn't bet)
Seat 5: nedofish folded before Flop (didn't bet)
Seat 6: ki6ata folded before Flop (didn't bet)



PokerStars Zoom Hand #255827365112:  Hold'em No Limit ($0.05/$0.10) - 2025/04/21 13:59:18 CET [2025/04/21 7:59:18 ET]
Table 'Aludra' 6-max Seat #1 is the button
Seat 1: steven73263 ($12.51 in chips) 
Seat 2: amigo1404 ($14.57 in chips) 
Seat 3: WoozyFace ($10.36 in chips) 
Seat 4: Mahu2021 ($8.88 in chips) 
Seat 5: bountykid99 ($19.60 in chips) 
Seat 6: scottow176 ($15.37 in chips) 
amigo1404: posts small blind $0.05
WoozyFace: posts big blind $0.10
*** HOLE CARDS ***
Dealt to Mahu2021 [8d 6s]
Mahu2021: folds 
bountykid99: raises $0.15 to $0.25
scottow176: folds 
steven73263: folds 
amigo1404: folds 
WoozyFace: raises $0.65 to $0.90
bountykid99: folds 
Uncalled bet ($0.65) returned to WoozyFace
WoozyFace collected $0.55 from pot
WoozyFace: doesn't show hand 
*** SUMMARY ***
Total pot $0.55 | Rake $0 
Seat 1: steven73263 (button) folded before Flop (didn't bet)
Seat 2: amigo1404 (small blind) folded before Flop
Seat 3: WoozyFace (big blind) collected ($0.55)
Seat 4: Mahu2021 folded before Flop (didn't bet)
Seat 5: bountykid99 folded before Flop
Seat 6: scottow176 folded before Flop (didn't bet)



PokerStars Zoom Hand #255827366270:  Hold'em No Limit ($0.05/$0.10) - 2025/04/21 13:59:30 CET [2025/04/21 7:59:30 ET]
Table 'Aludra' 6-max Seat #1 is the button
Seat 1: Mahu2021 ($8.88 in chips) 
Seat 2: silentshowdown ($10.07 in chips) 
Seat 3: SharizWoW ($5.80 in chips) 
Seat 4: maxjenics ($16.54 in chips) 
Seat 5: Stein1909 ($11.28 in chips) 
Seat 6: AAKK618 ($16.44 in chips) 
silentshowdown: posts small blind $0.05
SharizWoW: posts big blind $0.10
*** HOLE CARDS ***
Dealt to Mahu2021 [Kc 3h]
maxjenics: raises $0.20 to $0.30
Stein1909: folds 
AAKK618: folds 
Mahu2021: folds 
silentshowdown: folds 
SharizWoW: folds 
Uncalled bet ($0.20) returned to maxjenics
maxjenics collected $0.25 from pot
maxjenics: doesn't show hand 
*** SUMMARY ***
Total pot $0.25 | Rake $0 
Seat 1: Mahu2021 (button) folded before Flop (didn't bet)
Seat 2: silentshowdown (small blind) folded before Flop
Seat 3: SharizWoW (big blind) folded before Flop
Seat 4: maxjenics collected ($0.25)
Seat 5: Stein1909 folded before Flop (didn't bet)
Seat 6: AAKK618 folded before Flop (didn't bet)



PokerStars Zoom Hand #255827367524:  Hold'em No Limit ($0.05/$0.10) - 2025/04/21 13:59:42 CET [2025/04/21 7:59:42 ET]
Table 'Aludra' 6-max Seat #1 is the button
Seat 1: ki6ata ($12.32 in chips) 
Seat 2: reddoandpiisu2 ($22.82 in chips) 
Seat 3: honEybOOx ($10.30 in chips) 
Seat 4: WoozyFace ($10.66 in chips) 
Seat 5: Mahu2021 ($8.83 in chips) 
Seat 6: Guten3213 ($13.05 in chips) 
reddoandpiisu2: posts small blind $0.05
honEybOOx: posts big blind $0.10
*** HOLE CARDS ***
Dealt to Mahu2021 [Qd 5h]
WoozyFace: folds 
Mahu2021: folds 
Guten3213: folds 
ki6ata: raises $0.15 to $0.25
reddoandpiisu2: folds 
honEybOOx: folds 
Uncalled bet ($0.15) returned to ki6ata
ki6ata collected $0.25 from pot
ki6ata: doesn't show hand 
*** SUMMARY ***
Total pot $0.25 | Rake $0 
Seat 1: ki6ata (button) collected ($0.25)
Seat 2: reddoandpiisu2 (small blind) folded before Flop
Seat 3: honEybOOx (big blind) folded before Flop
Seat 4: WoozyFace folded before Flop (didn't bet)
Seat 5: Mahu2021 folded before Flop (didn't bet)
Seat 6: Guten3213 folded before Flop (didn't bet)



PokerStars Zoom Hand #255827367915:  Hold'em No Limit ($0.05/$0.10) - 2025/04/21 13:59:46 CET [2025/04/21 7:59:46 ET]
Table 'Aludra' 6-max Seat #1 is the button
Seat 1: silentshowdown ($10 in chips) 
Seat 2: WoozyFace ($10.66 in chips) 
Seat 3: Mahu2021 ($8.83 in chips) 
Seat 4: bountykid99 ($23.60 in chips) 
Seat 5: reddoandpiisu2 ($22.77 in chips) 
Seat 6: bloodedesert ($25.95 in chips) 
WoozyFace: posts small blind $0.05
Mahu2021: posts big blind $0.10
*** HOLE CARDS ***
Dealt to Mahu2021 [3c 6h]
bountykid99: folds 
reddoandpiisu2: folds 
bloodedesert: folds 
silentshowdown: folds 
WoozyFace: folds 
Uncalled bet ($0.05) returned to Mahu2021
Mahu2021 collected $0.10 from pot
Mahu2021: doesn't show hand 
*** SUMMARY ***
Total pot $0.10 | Rake $0 
Seat 1: silentshowdown (button) folded before Flop (didn't bet)
Seat 2: WoozyFace (small blind) folded before Flop
Seat 3: Mahu2021 (big blind) collected ($0.10)
Seat 4: bountykid99 folded before Flop (didn't bet)
Seat 5: reddoandpiisu2 folded before Flop (didn't bet)
Seat 6: bloodedesert folded before Flop (didn't bet)



PokerStars Zoom Hand #255827366679:  Hold'em No Limit ($0.05/$0.10) - 2025/04/21 13:59:34 CET [2025/04/21 7:59:34 ET]
Table 'Aludra' 6-max Seat #1 is the button
Seat 1: reddoandpiisu2 ($22.82 in chips) 
Seat 2: AAKK618 ($16.44 in chips) 
Seat 3: TimeWarp2006 ($12.16 in chips) 
Seat 4: Mahu2021 ($8.88 in chips) 
Seat 5: jacques 2354 ($9.08 in chips) 
Seat 6: nicolas1112 ($12.65 in chips) 
AAKK618: posts small blind $0.05
TimeWarp2006: posts big blind $0.10
*** HOLE CARDS ***
Dealt to Mahu2021 [9h 8s]
Mahu2021: folds 
jacques 2354: calls $0.10
nicolas1112: folds 
reddoandpiisu2: folds 
AAKK618: folds 
TimeWarp2006: checks 
*** FLOP *** [Ts Qc 4c]
TimeWarp2006: checks 
jacques 2354: checks 
*** TURN *** [Ts Qc 4c] [Ac]
TimeWarp2006: checks 
jacques 2354: checks 
*** RIVER *** [Ts Qc 4c Ac] [2d]
TimeWarp2006: checks 
jacques 2354: checks 
*** SHOW DOWN ***
TimeWarp2006: shows [3s 8d] (high card Ace)
jacques 2354: shows [Ks 8h] (high card Ace - King kicker)
jacques 2354 collected $0.24 from pot
*** SUMMARY ***
Total pot $0.25 | Rake $0.01 
Board [Ts Qc 4c Ac 2d]
Seat 1: reddoandpiisu2 (button) folded before Flop (didn't bet)
Seat 2: AAKK618 (small blind) folded before Flop
Seat 3: TimeWarp2006 (big blind) showed [3s 8d] and lost with high card Ace
Seat 4: Mahu2021 folded before Flop (didn't bet)
Seat 5: jacques 2354 showed [Ks 8h] and won ($0.24) with high card Ace
Seat 6: nicolas1112 folded before Flop (didn't bet)



PokerStars Zoom Hand #255827367109:  Hold'em No Limit ($0.05/$0.10) - 2025/04/21 13:59:38 CET [2025/04/21 7:59:38 ET]
Table 'Aludra' 6-max Seat #1 is the button
Seat 1: bloodedesert ($45.04 in chips) 
Seat 2: Mahu2021 ($8.88 in chips) 
Seat 3: steven73263 ($12.51 in chips) 
Seat 4: honEybOOx ($10.30 in chips) 
Seat 5: nedofish ($11.08 in chips) 
Seat 6: reddoandpiisu2 ($22.82 in chips) 
Mahu2021: posts small blind $0.05
steven73263: posts big blind $0.10
*** HOLE CARDS ***
Dealt to Mahu2021 [2d 7s]
honEybOOx: folds 
nedofish: folds 
reddoandpiisu2: folds 
bloodedesert: raises $0.15 to $0.25
Mahu2021: folds 
steven73263: calls $0.15
*** FLOP *** [7c 9c 3c]
steven73263: checks 
bloodedesert: checks 
*** TURN *** [7c 9c 3c] [6h]
steven73263: bets $0.53
bloodedesert: folds 
Uncalled bet ($0.53) returned to steven73263
steven73263 collected $0.53 from pot
steven73263: doesn't show hand 
*** SUMMARY ***
Total pot $0.55 | Rake $0.02 
Board [7c 9c 3c 6h]
Seat 1: bloodedesert (button) folded on the Turn
Seat 2: Mahu2021 (small blind) folded before Flop
Seat 3: steven73263 (big blind) collected ($0.53)
Seat 4: honEybOOx folded before Flop (didn't bet)
Seat 5: nedofish folded before Flop (didn't bet)
Seat 6: reddoandpiisu2 folded before Flop (didn't bet)



PokerStars Zoom Hand #255827365691:  Hold'em No Limit ($0.05/$0.10) - 2025/04/21 13:59:24 CET [2025/04/21 7:59:24 ET]
Table 'Aludra' 6-max Seat #1 is the button
Seat 1: IMMPORT@L ($6.31 in chips) 
Seat 2: Dgls1128 ($10.48 in chips) 
Seat 3: bigpebble1234 ($11.15 in chips) 
Seat 4: maxjenics ($16.54 in chips) 
Seat 5: nedofish ($13.61 in chips) 
Seat 6: Mahu2021 ($8.88 in chips) 
Dgls1128: posts small blind $0.05
bigpebble1234: posts big blind $0.10
*** HOLE CARDS ***
Dealt to Mahu2021 [Ad 2h]
maxjenics: folds 
nedofish: raises $0.15 to $0.25
Mahu2021: folds 
IMMPORT@L: folds 
Dgls1128: raises $0.60 to $0.85
bigpebble1234: folds 
nedofish: calls $0.60
*** FLOP *** [5s 7h Td]
Dgls1128: checks 
nedofish: bets $0.57
Dgls1128: calls $0.57
*** TURN *** [5s 7h Td] [8c]
Dgls1128: checks 
nedofish: checks 
*** RIVER *** [5s 7h Td 8c] [Qc]
Dgls1128: bets $1.41
nedofish: raises $2.82 to $4.23
Dgls1128: folds 
Uncalled bet ($2.82) returned to nedofish
nedofish collected $5.50 from pot
nedofish: doesn't show hand 
*** SUMMARY ***
Total pot $5.76 | Rake $0.26 
Board [5s 7h Td 8c Qc]
Seat 1: IMMPORT@L (button) folded before Flop (didn't bet)
Seat 2: Dgls1128 (small blind) folded on the River
Seat 3: bigpebble1234 (big blind) folded before Flop
Seat 4: maxjenics folded before Flop (didn't bet)
Seat 5: nedofish collected ($5.50)
Seat 6: Mahu2021 folded before Flop (didn't bet)



PokerStars Zoom Hand #255827369423:  Hold'em No Limit ($0.05/$0.10) - 2025/04/21 14:00:01 CET [2025/04/21 8:00:01 ET]
Table 'Aludra' 6-max Seat #1 is the button
Seat 1: Mahu2021 ($8.88 in chips) 
Seat 2: Bur1k ($5 in chips) 
Seat 3: ki6ata ($19.38 in chips) 
Seat 4: Carrajo23 ($11.03 in chips) 
Seat 5: heraboy ($10 in chips) 
Seat 6: AlMihalich ($5.99 in chips) 
Bur1k: posts small blind $0.05
ki6ata: posts big blind $0.10
*** HOLE CARDS ***
Dealt to Mahu2021 [Ks Jh]
Carrajo23: calls $0.10
heraboy: folds 
AlMihalich: folds 
Mahu2021: calls $0.10
Bur1k: calls $0.05
ki6ata: checks 
*** FLOP *** [4c 6s Ts]
Bur1k: checks 
ki6ata: checks 
Carrajo23: bets $0.20
Mahu2021: folds 
Bur1k: calls $0.20
ki6ata: folds 
*** TURN *** [4c 6s Ts] [2c]
Bur1k: checks 
Carrajo23: checks 
*** RIVER *** [4c 6s Ts 2c] [8s]
Bur1k: bets $0.43
Carrajo23: calls $0.43
*** SHOW DOWN ***
Bur1k: shows [Ah 4h] (a pair of Fours)
Carrajo23: mucks hand 
Bur1k collected $1.59 from pot
*** SUMMARY ***
Total pot $1.66 | Rake $0.07 
Board [4c 6s Ts 2c 8s]
Seat 1: Mahu2021 (button) folded on the Flop
Seat 2: Bur1k (small blind) showed [Ah 4h] and won ($1.59) with a pair of Fours
Seat 3: ki6ata (big blind) folded on the Flop
Seat 4: Carrajo23 mucked [Qc 4s]
Seat 5: heraboy folded before Flop (didn't bet)
Seat 6: AlMihalich folded before Flop (didn't bet)



PokerStars Zoom Hand #255827373122:  Hold'em No Limit ($0.05/$0.10) - 2025/04/21 14:00:35 CET [2025/04/21 8:00:35 ET]
Table 'Aludra' 6-max Seat #1 is the button
Seat 1: scottow176 ($37.11 in chips) 
Seat 2: silentshowdown ($10.05 in chips) 
Seat 3: dercharlie5000 ($6.98 in chips) 
Seat 4: GenC0629 ($11.10 in chips) 
Seat 5: Guten3213 ($10 in chips) 
Seat 6: Mahu2021 ($8.78 in chips) 
silentshowdown: posts small blind $0.05
dercharlie5000: posts big blind $0.10
*** HOLE CARDS ***
Dealt to Mahu2021 [Qc Qs]
GenC0629: folds 
Guten3213: raises $0.15 to $0.25
Mahu2021: raises $0.85 to $1.10
scottow176: folds 
silentshowdown: folds 
dercharlie5000: folds 
Guten3213: folds 
Uncalled bet ($0.85) returned to Mahu2021
Mahu2021 collected $0.65 from pot
Mahu2021: doesn't show hand 
*** SUMMARY ***
Total pot $0.65 | Rake $0 
Seat 1: scottow176 (button) folded before Flop (didn't bet)
Seat 2: silentshowdown (small blind) folded before Flop
Seat 3: dercharlie5000 (big blind) folded before Flop
Seat 4: GenC0629 folded before Flop (didn't bet)
Seat 5: Guten3213 folded before Flop
Seat 6: Mahu2021 collected ($0.65)



PokerStars Zoom Hand #255827376877:  Hold'em No Limit ($0.05/$0.10) - 2025/04/21 14:01:06 CET [2025/04/21 8:01:06 ET]
Table 'Aludra' 6-max Seat #1 is the button
Seat 1: bigpebble1234 ($11.08 in chips) 
Seat 2: Mahu2021 ($9.18 in chips) 
Seat 3: silentshowdown ($10 in chips) 
Seat 4: egregor*0727 ($10.05 in chips) 
Seat 5: Bur1k ($5.30 in chips) 
Seat 6: slownoris ($10.05 in chips) 
Mahu2021: posts small blind $0.05
silentshowdown: posts big blind $0.10
*** HOLE CARDS ***
Dealt to Mahu2021 [Qd 5h]
egregor*0727: folds 
Bur1k: folds 
slownoris: folds 
bigpebble1234: folds 
Mahu2021: folds 
Uncalled bet ($0.05) returned to silentshowdown
silentshowdown collected $0.10 from pot
silentshowdown: doesn't show hand 
*** SUMMARY ***
Total pot $0.10 | Rake $0 
Seat 1: bigpebble1234 (button) folded before Flop (didn't bet)
Seat 2: Mahu2021 (small blind) folded before Flop
Seat 3: silentshowdown (big blind) collected ($0.10)
Seat 4: egregor*0727 folded before Flop (didn't bet)
Seat 5: Bur1k folded before Flop (didn't bet)
Seat 6: slownoris folded before Flop (didn't bet)



PokerStars Zoom Hand #255827376208:  Hold'em No Limit ($0.05/$0.10) - 2025/04/21 14:01:01 CET [2025/04/21 8:01:01 ET]
Table 'Aludra' 6-max Seat #1 is the button
Seat 1: nicolas1112 ($12.53 in chips) 
Seat 2: WoozyFace ($8.39 in chips) 
Seat 3: jacques 2354 ($9.26 in chips) 
Seat 4: heraboy ($23.13 in chips) 
Seat 5: Mahu2021 ($9.18 in chips) 
Seat 6: silentshowdown ($10 in chips) 
WoozyFace: posts small blind $0.05
jacques 2354: posts big blind $0.10
*** HOLE CARDS ***
Dealt to Mahu2021 [Kh 8h]
heraboy: raises $0.15 to $0.25
Mahu2021: folds 
silentshowdown: folds 
nicolas1112: raises $0.75 to $1
WoozyFace: folds 
jacques 2354: folds 
heraboy: folds 
Uncalled bet ($0.75) returned to nicolas1112
nicolas1112 collected $0.65 from pot
nicolas1112: doesn't show hand 
*** SUMMARY ***
Total pot $0.65 | Rake $0 
Seat 1: nicolas1112 (button) collected ($0.65)
Seat 2: WoozyFace (small blind) folded before Flop
Seat 3: jacques 2354 (big blind) folded before Flop
Seat 4: heraboy folded before Flop
Seat 5: Mahu2021 folded before Flop (didn't bet)
Seat 6: silentshowdown folded before Flop (didn't bet)



PokerStars Zoom Hand #255827377610:  Hold'em No Limit ($0.05/$0.10) - 2025/04/21 14:01:12 CET [2025/04/21 8:01:12 ET]
Table 'Aludra' 6-max Seat #1 is the button
Seat 1: nedofish ($10.01 in chips) 
Seat 2: bigpebble1234 ($11.08 in chips) 
Seat 3: bountykid99 ($20.25 in chips) 
Seat 4: kiks220272 ($10 in chips) 
Seat 5: Mahu2021 ($9.13 in chips) 
Seat 6: AlMihalich ($6.58 in chips) 
bigpebble1234: posts small blind $0.05
bountykid99: posts big blind $0.10
*** HOLE CARDS ***
Dealt to Mahu2021 [3c 6s]
kiks220272: folds 
Mahu2021: folds 
AlMihalich: folds 
nedofish: folds 
bigpebble1234: folds 
Uncalled bet ($0.05) returned to bountykid99
bountykid99 collected $0.10 from pot
bountykid99: doesn't show hand 
*** SUMMARY ***
Total pot $0.10 | Rake $0 
Seat 1: nedofish (button) folded before Flop (didn't bet)
Seat 2: bigpebble1234 (small blind) folded before Flop
Seat 3: bountykid99 (big blind) collected ($0.10)
Seat 4: kiks220272 folded before Flop (didn't bet)
Seat 5: Mahu2021 folded before Flop (didn't bet)
Seat 6: AlMihalich folded before Flop (didn't bet)



PokerStars Zoom Hand #255827377297:  Hold'em No Limit ($0.05/$0.10) - 2025/04/21 14:01:10 CET [2025/04/21 8:01:10 ET]
Table 'Aludra' 6-max Seat #1 is the button
Seat 1: Noffa69 ($12.66 in chips) 
Seat 2: jacques 2354 ($9.16 in chips) 
Seat 3: Guten3213 ($12.53 in chips) 
Seat 4: Mahu2021 ($9.13 in chips) 
Seat 5: bountykid99 ($25.56 in chips) 
Seat 6: SharizWoW ($5.70 in chips) 
jacques 2354: posts small blind $0.05
Guten3213: posts big blind $0.10
*** HOLE CARDS ***
Dealt to Mahu2021 [9d 4c]
Mahu2021: folds 
bountykid99: folds 
SharizWoW: folds 
Noffa69: folds 
jacques 2354: calls $0.05
Guten3213: checks 
*** FLOP *** [Js Jh 5h]
jacques 2354: checks 
Guten3213: bets $0.13
jacques 2354: folds 
Uncalled bet ($0.13) returned to Guten3213
Guten3213 collected $0.19 from pot
Guten3213: doesn't show hand 
*** SUMMARY ***
Total pot $0.20 | Rake $0.01 
Board [Js Jh 5h]
Seat 1: Noffa69 (button) folded before Flop (didn't bet)
Seat 2: jacques 2354 (small blind) folded on the Flop
Seat 3: Guten3213 (big blind) collected ($0.19)
Seat 4: Mahu2021 folded before Flop (didn't bet)
Seat 5: bountykid99 folded before Flop (didn't bet)
Seat 6: SharizWoW folded before Flop (didn't bet)



PokerStars Zoom Hand #255827378039:  Hold'em No Limit ($0.05/$0.10) - 2025/04/21 14:01:16 CET [2025/04/21 8:01:16 ET]
Table 'Aludra' 6-max Seat #1 is the button
Seat 1: kimjw800 ($16.23 in chips) 
Seat 2: slownoris ($10.05 in chips) 
Seat 3: bigpebble1234 ($11.03 in chips) 
Seat 4: Mahu2021 ($9.13 in chips) 
Seat 5: WoozyFace ($8.34 in chips) 
Seat 6: dimiscala ($12.67 in chips) 
slownoris: posts small blind $0.05
bigpebble1234: posts big blind $0.10
*** HOLE CARDS ***
Dealt to Mahu2021 [Ad Td]
Mahu2021: raises $0.10 to $0.20
WoozyFace: raises $0.70 to $0.90
dimiscala: calls $0.90
kimjw800: folds 
slownoris: folds 
bigpebble1234: folds 
Mahu2021: calls $0.70
*** FLOP *** [Ts 2c 7s]
Mahu2021: bets $0.80
WoozyFace: folds 
dimiscala: calls $0.80
*** TURN *** [Ts 2c 7s] [3s]
Mahu2021: bets $2.90
dimiscala: folds 
Uncalled bet ($2.90) returned to Mahu2021
Mahu2021 collected $4.25 from pot
Mahu2021: doesn't show hand 
*** SUMMARY ***
Total pot $4.45 | Rake $0.20 
Board [Ts 2c 7s 3s]
Seat 1: kimjw800 (button) folded before Flop (didn't bet)
Seat 2: slownoris (small blind) folded before Flop
Seat 3: bigpebble1234 (big blind) folded before Flop
Seat 4: Mahu2021 collected ($4.25)
Seat 5: WoozyFace folded on the Flop
Seat 6: dimiscala folded on the Turn



PokerStars Zoom Hand #255827382672:  Hold'em No Limit ($0.05/$0.10) - 2025/04/21 14:01:52 CET [2025/04/21 8:01:52 ET]
Table 'Aludra' 6-max Seat #1 is the button
Seat 1: xYamal ($9.95 in chips) 
Seat 2: heraboy ($16.82 in chips) 
Seat 3: Mahu2021 ($11.68 in chips) 
Seat 4: WoozyFace ($7.44 in chips) 
Seat 5: grrrama ($10.76 in chips) 
Seat 6: bountykid99 ($20.25 in chips) 
heraboy: posts small blind $0.05
Mahu2021: posts big blind $0.10
*** HOLE CARDS ***
Dealt to Mahu2021 [Jc Qh]
WoozyFace: folds 
grrrama: raises $0.12 to $0.22
bountykid99: folds 
xYamal: folds 
heraboy: folds 
Mahu2021: calls $0.12
*** FLOP *** [5c Js 5h]
Mahu2021: bets $0.30
grrrama: calls $0.30
*** TURN *** [5c Js 5h] [5d]
Mahu2021: bets $1.04
grrrama: folds 
Uncalled bet ($1.04) returned to Mahu2021
Mahu2021 collected $1.04 from pot
Mahu2021: doesn't show hand 
*** SUMMARY ***
Total pot $1.09 | Rake $0.05 
Board [5c Js 5h 5d]
Seat 1: xYamal (button) folded before Flop (didn't bet)
Seat 2: heraboy (small blind) folded before Flop
Seat 3: Mahu2021 (big blind) collected ($1.04)
Seat 4: WoozyFace folded before Flop (didn't bet)
Seat 5: grrrama folded on the Turn
Seat 6: bountykid99 folded before Flop (didn't bet)



PokerStars Zoom Hand #255827385674:  Hold'em No Limit ($0.05/$0.10) - 2025/04/21 14:02:15 CET [2025/04/21 8:02:15 ET]
Table 'Aludra' 6-max Seat #1 is the button
Seat 1: IMMPORT@L ($7.94 in chips) 
Seat 2: Mahu2021 ($12.20 in chips) 
Seat 3: bountykid99 ($20.30 in chips) 
Seat 4: mlange ($6.49 in chips) 
Seat 5: nedofish ($10.93 in chips) 
Seat 6: ryc04 ($9.92 in chips) 
Mahu2021: posts small blind $0.05
bountykid99: posts big blind $0.10
*** HOLE CARDS ***
Dealt to Mahu2021 [Td 9s]
mlange: folds 
nedofish: folds 
ryc04: folds 
IMMPORT@L: folds 
Mahu2021: folds 
Uncalled bet ($0.05) returned to bountykid99
bountykid99 collected $0.10 from pot
bountykid99: doesn't show hand 
*** SUMMARY ***
Total pot $0.10 | Rake $0 
Seat 1: IMMPORT@L (button) folded before Flop (didn't bet)
Seat 2: Mahu2021 (small blind) folded before Flop
Seat 3: bountykid99 (big blind) collected ($0.10)
Seat 4: mlange folded before Flop (didn't bet)
Seat 5: nedofish folded before Flop (didn't bet)
Seat 6: ryc04 folded before Flop (didn't bet)



PokerStars Zoom Hand #255827386204:  Hold'em No Limit ($0.05/$0.10) - 2025/04/21 14:02:19 CET [2025/04/21 8:02:19 ET]
Table 'Aludra' 6-max Seat #1 is the button
Seat 1: Mahu2021 ($12.15 in chips) 
Seat 2: IMMPORT@L ($7.94 in chips) 
Seat 3: Carrajo23 ($10.84 in chips) 
Seat 4: egregor*0727 ($10.20 in chips) 
Seat 5: ryc04 ($9.92 in chips) 
Seat 6: mlange ($6.49 in chips) 
IMMPORT@L: posts small blind $0.05
Carrajo23: posts big blind $0.10
*** HOLE CARDS ***
Dealt to Mahu2021 [8d Jc]
egregor*0727: folds 
ryc04: raises $0.20 to $0.30
mlange: folds 
Mahu2021: folds 
IMMPORT@L: folds 
Carrajo23: calls $0.20
*** FLOP *** [9d 2c 5s]
Carrajo23: bets $0.62
ryc04: folds 
Uncalled bet ($0.62) returned to Carrajo23
Carrajo23 collected $0.62 from pot
Carrajo23: doesn't show hand 
*** SUMMARY ***
Total pot $0.65 | Rake $0.03 
Board [9d 2c 5s]
Seat 1: Mahu2021 (button) folded before Flop (didn't bet)
Seat 2: IMMPORT@L (small blind) folded before Flop
Seat 3: Carrajo23 (big blind) collected ($0.62)
Seat 4: egregor*0727 folded before Flop (didn't bet)
Seat 5: ryc04 folded on the Flop
Seat 6: mlange folded before Flop (didn't bet)



PokerStars Zoom Hand #255827386763:  Hold'em No Limit ($0.05/$0.10) - 2025/04/21 14:02:24 CET [2025/04/21 8:02:24 ET]
Table 'Aludra' 6-max Seat #1 is the button
Seat 1: scottow176 ($39.43 in chips) 
Seat 2: kimjw800 ($16.13 in chips) 
Seat 3: jacques 2354 ($8.76 in chips) 
Seat 4: heraboy ($10.10 in chips) 
Seat 5: IMMPORT@L ($7.89 in chips) 
Seat 6: Mahu2021 ($12.15 in chips) 
kimjw800: posts small blind $0.05
jacques 2354: posts big blind $0.10
*** HOLE CARDS ***
Dealt to Mahu2021 [Qd Kh]
heraboy: folds 
IMMPORT@L: folds 
Mahu2021: raises $0.20 to $0.30
scottow176: folds 
kimjw800: folds 
jacques 2354: calls $0.20
*** FLOP *** [Ad 2s 9c]
jacques 2354: checks 
Mahu2021: bets $0.30
jacques 2354: folds 
Uncalled bet ($0.30) returned to Mahu2021
Mahu2021 collected $0.62 from pot
Mahu2021: doesn't show hand 
*** SUMMARY ***
Total pot $0.65 | Rake $0.03 
Board [Ad 2s 9c]
Seat 1: scottow176 (button) folded before Flop (didn't bet)
Seat 2: kimjw800 (small blind) folded before Flop
Seat 3: jacques 2354 (big blind) folded on the Flop
Seat 4: heraboy folded before Flop (didn't bet)
Seat 5: IMMPORT@L folded before Flop (didn't bet)
Seat 6: Mahu2021 collected ($0.62)



PokerStars Zoom Hand #255827390540:  Hold'em No Limit ($0.05/$0.10) - 2025/04/21 14:02:53 CET [2025/04/21 8:02:53 ET]
Table 'Aludra' 6-max Seat #1 is the button
Seat 1: AAKK618 ($15.79 in chips) 
Seat 2: Mahu2021 ($12.47 in chips) 
Seat 3: xYamal ($10.15 in chips) 
Seat 4: kimjw800 ($15.88 in chips) 
Seat 5: MJ4LIFE88 ($9.70 in chips) 
Seat 6: Noffa69 ($12.91 in chips) 
Mahu2021: posts small blind $0.05
xYamal: posts big blind $0.10
*** HOLE CARDS ***
Dealt to Mahu2021 [Ts Jd]
kimjw800: folds 
MJ4LIFE88: folds 
Noffa69: folds 
AAKK618: folds 
Mahu2021: raises $0.20 to $0.30
xYamal: folds 
Uncalled bet ($0.20) returned to Mahu2021
Mahu2021 collected $0.20 from pot
Mahu2021: doesn't show hand 
*** SUMMARY ***
Total pot $0.20 | Rake $0 
Seat 1: AAKK618 (button) folded before Flop (didn't bet)
Seat 2: Mahu2021 (small blind) collected ($0.20)
Seat 3: xYamal (big blind) folded before Flop
Seat 4: kimjw800 folded before Flop (didn't bet)
Seat 5: MJ4LIFE88 folded before Flop (didn't bet)
Seat 6: Noffa69 folded before Flop (didn't bet)



PokerStars Zoom Hand #255827395624:  Hold'em No Limit ($0.05/$0.10) - 2025/04/21 14:03:31 CET [2025/04/21 8:03:31 ET]
Table 'Aludra' 6-max Seat #1 is the button
Seat 1: Mahu2021 ($12.47 in chips) 
Seat 2: IMMPORT@L ($7.54 in chips) 
Seat 3: heraboy ($22.58 in chips) 
Seat 4: kimjw800 ($21.05 in chips) 
Seat 5: amigo1404 ($14.82 in chips) 
Seat 6: slownoris ($10.53 in chips) 
IMMPORT@L: posts small blind $0.05
heraboy: posts big blind $0.10
*** HOLE CARDS ***
Dealt to Mahu2021 [7h Ad]
kimjw800 has timed out
kimjw800: folds 
amigo1404: folds 
slownoris: raises $0.15 to $0.25
Mahu2021: folds 
IMMPORT@L: folds 
heraboy: folds 
Uncalled bet ($0.15) returned to slownoris
slownoris collected $0.25 from pot
slownoris: doesn't show hand 
*** SUMMARY ***
Total pot $0.25 | Rake $0 
Seat 1: Mahu2021 (button) folded before Flop (didn't bet)
Seat 2: IMMPORT@L (small blind) folded before Flop
Seat 3: heraboy (big blind) folded before Flop
Seat 4: kimjw800 folded before Flop (didn't bet)
Seat 5: amigo1404 folded before Flop (didn't bet)
Seat 6: slownoris collected ($0.25)



PokerStars Zoom Hand #255827393474:  Hold'em No Limit ($0.05/$0.10) - 2025/04/21 14:03:15 CET [2025/04/21 8:03:15 ET]
Table 'Aludra' 6-max Seat #1 is the button
Seat 1: kimjw800 ($15.88 in chips) 
Seat 2: slownoris ($10.15 in chips) 
Seat 3: Mahu2021 ($12.57 in chips) 
Seat 4: Chicano96 ($11.43 in chips) 
Seat 5: grrrama ($10.84 in chips) 
Seat 6: jacques 2354 ($8.41 in chips) 
slownoris: posts small blind $0.05
Mahu2021: posts big blind $0.10
*** HOLE CARDS ***
Dealt to Mahu2021 [Jc 6h]
Chicano96: folds 
grrrama: folds 
jacques 2354: calls $0.10
kimjw800: raises $0.25 to $0.35
slownoris: folds 
Mahu2021: folds 
jacques 2354: calls $0.25
*** FLOP *** [8s Kc Jh]
jacques 2354: checks 
kimjw800: bets $0.27
jacques 2354: calls $0.27
*** TURN *** [8s Kc Jh] [Kd]
jacques 2354: checks 
kimjw800: checks 
*** RIVER *** [8s Kc Jh Kd] [4h]
jacques 2354: checks 
kimjw800: checks 
*** SHOW DOWN ***
jacques 2354: shows [As Js] (two pair, Kings and Jacks)
kimjw800: mucks hand 
jacques 2354 collected $1.33 from pot
*** SUMMARY ***
Total pot $1.39 | Rake $0.06 
Board [8s Kc Jh Kd 4h]
Seat 1: kimjw800 (button) mucked [Ad 9s]
Seat 2: slownoris (small blind) folded before Flop
Seat 3: Mahu2021 (big blind) folded before Flop
Seat 4: Chicano96 folded before Flop (didn't bet)
Seat 5: grrrama folded before Flop (didn't bet)
Seat 6: jacques 2354 showed [As Js] and won ($1.33) with two pair, Kings and Jacks



PokerStars Zoom Hand #255827392412:  Hold'em No Limit ($0.05/$0.10) - 2025/04/21 14:03:07 CET [2025/04/21 8:03:07 ET]
Table 'Aludra' 6-max Seat #1 is the button
Seat 1: bigpebble1234 ($17.95 in chips) 
Seat 2: AAKK618 ($15.79 in chips) 
Seat 3: sakharova609 ($4.62 in chips) 
Seat 4: Guten3213 ($10 in chips) 
Seat 5: Mahu2021 ($12.57 in chips) 
Seat 6: kiks220272 ($10.07 in chips) 
AAKK618: posts small blind $0.05
sakharova609: posts big blind $0.10
*** HOLE CARDS ***
Dealt to Mahu2021 [3s Tc]
Guten3213: folds 
Mahu2021: folds 
kiks220272: folds 
bigpebble1234: raises $0.20 to $0.30
AAKK618: raises $0.60 to $0.90
sakharova609: calls $0.80
bigpebble1234: folds 
*** FLOP *** [3c Ac Td]
AAKK618: checks 
sakharova609: bets $0.30
AAKK618: calls $0.30
*** TURN *** [3c Ac Td] [Th]
AAKK618: checks 
sakharova609: checks 
*** RIVER *** [3c Ac Td Th] [5h]
AAKK618: checks 
sakharova609: checks 
*** SHOW DOWN ***
AAKK618: shows [9h 9c] (two pair, Tens and Nines)
sakharova609: mucks hand 
AAKK618 collected $2.58 from pot
*** SUMMARY ***
Total pot $2.70 | Rake $0.12 
Board [3c Ac Td Th 5h]
Seat 1: bigpebble1234 (button) folded before Flop
Seat 2: AAKK618 (small blind) showed [9h 9c] and won ($2.58) with two pair, Tens and Nines
Seat 3: sakharova609 (big blind) mucked [Qc Kc]
Seat 4: Guten3213 folded before Flop (didn't bet)
Seat 5: Mahu2021 folded before Flop (didn't bet)
Seat 6: kiks220272 folded before Flop (didn't bet)



PokerStars Zoom Hand #255827397172:  Hold'em No Limit ($0.05/$0.10) - 2025/04/21 14:03:42 CET [2025/04/21 8:03:42 ET]
Table 'Aludra' 6-max Seat #1 is the button
Seat 1: Cudenduden87 ($8.52 in chips) 
Seat 2: IMMPORT@L ($7.49 in chips) 
Seat 3: bountykid99 ($25.71 in chips) 
Seat 4: SharizWoW ($5.70 in chips) 
Seat 5: MJ4LIFE88 ($9.35 in chips) 
Seat 6: Mahu2021 ($12.47 in chips) 
IMMPORT@L: posts small blind $0.05
bountykid99: posts big blind $0.10
*** HOLE CARDS ***
Dealt to Mahu2021 [Qs 3c]
SharizWoW: folds 
MJ4LIFE88: raises $0.10 to $0.20
Mahu2021: folds 
Cudenduden87: calls $0.20
IMMPORT@L: folds 
bountykid99: calls $0.10
*** FLOP *** [6s 2s Js]
bountykid99: checks 
MJ4LIFE88: bets $0.40
Cudenduden87: folds 
bountykid99: folds 
Uncalled bet ($0.40) returned to MJ4LIFE88
MJ4LIFE88 collected $0.61 from pot
MJ4LIFE88: doesn't show hand 
*** SUMMARY ***
Total pot $0.65 | Rake $0.04 
Board [6s 2s Js]
Seat 1: Cudenduden87 (button) folded on the Flop
Seat 2: IMMPORT@L (small blind) folded before Flop
Seat 3: bountykid99 (big blind) folded on the Flop
Seat 4: SharizWoW folded before Flop (didn't bet)
Seat 5: MJ4LIFE88 collected ($0.61)
Seat 6: Mahu2021 folded before Flop (didn't bet)



PokerStars Zoom Hand #255827397786:  Hold'em No Limit ($0.05/$0.10) - 2025/04/21 14:03:47 CET [2025/04/21 8:03:47 ET]
Table 'Aludra' 6-max Seat #1 is the button
Seat 1: Nicola_S5058 ($9.90 in chips) 
Seat 2: Guten3213 ($10 in chips) 
Seat 3: xYamal ($9.98 in chips) 
Seat 4: Valdisney101 ($10.66 in chips) 
Seat 5: Mahu2021 ($12.47 in chips) 
Seat 6: nicolas1112 ($21.05 in chips) 
Guten3213: posts small blind $0.05
xYamal: posts big blind $0.10
*** HOLE CARDS ***
Dealt to Mahu2021 [Qc Jc]
Valdisney101: folds 
Mahu2021: raises $0.20 to $0.30
nicolas1112: folds 
Nicola_S5058: folds 
Guten3213: folds 
xYamal: calls $0.20
*** FLOP *** [4h Qd 3d]
xYamal: checks 
Mahu2021: bets $0.62
xYamal: folds 
Uncalled bet ($0.62) returned to Mahu2021
Mahu2021 collected $0.62 from pot
Mahu2021: doesn't show hand 
*** SUMMARY ***
Total pot $0.65 | Rake $0.03 
Board [4h Qd 3d]
Seat 1: Nicola_S5058 (button) folded before Flop (didn't bet)
Seat 2: Guten3213 (small blind) folded before Flop
Seat 3: xYamal (big blind) folded on the Flop
Seat 4: Valdisney101 folded before Flop (didn't bet)
Seat 5: Mahu2021 collected ($0.62)
Seat 6: nicolas1112 folded before Flop (didn't bet)



PokerStars Zoom Hand #255827401517:  Hold'em No Limit ($0.05/$0.10) - 2025/04/21 14:04:15 CET [2025/04/21 8:04:15 ET]
Table 'Aludra' 6-max Seat #1 is the button
Seat 1: xYamal ($9.70 in chips) 
Seat 2: IMMPORT@L ($11.29 in chips) 
Seat 3: -R-Hammond16 ($5 in chips) 
Seat 4: Mahu2021 ($12.79 in chips) 
Seat 5: Chicano96 ($10.15 in chips) 
Seat 6: grrrama ($11.08 in chips) 
IMMPORT@L: posts small blind $0.05
-R-Hammond16: posts big blind $0.10
*** HOLE CARDS ***
Dealt to Mahu2021 [2s 7h]
Mahu2021: folds 
Chicano96: folds 
grrrama: folds 
xYamal: raises $0.12 to $0.22
IMMPORT@L: folds 
-R-Hammond16: folds 
Uncalled bet ($0.12) returned to xYamal
xYamal collected $0.25 from pot
xYamal: doesn't show hand 
*** SUMMARY ***
Total pot $0.25 | Rake $0 
Seat 1: xYamal (button) collected ($0.25)
Seat 2: IMMPORT@L (small blind) folded before Flop
Seat 3: -R-Hammond16 (big blind) folded before Flop
Seat 4: Mahu2021 folded before Flop (didn't bet)
Seat 5: Chicano96 folded before Flop (didn't bet)
Seat 6: grrrama folded before Flop (didn't bet)



PokerStars Zoom Hand #255827402061:  Hold'em No Limit ($0.05/$0.10) - 2025/04/21 14:04:19 CET [2025/04/21 8:04:19 ET]
Table 'Aludra' 6-max Seat #1 is the button
Seat 1: bloodedesert ($27.99 in chips) 
Seat 2: xTicTuux ($16.01 in chips) 
Seat 3: Mahu2021 ($12.79 in chips) 
Seat 4: maxjenics ($15.75 in chips) 
Seat 5: grrrama ($11.08 in chips) 
Seat 6: JulianGuimaraes ($10 in chips) 
xTicTuux: posts small blind $0.05
Mahu2021: posts big blind $0.10
*** HOLE CARDS ***
Dealt to Mahu2021 [8s 7s]
maxjenics: folds 
grrrama: folds 
JulianGuimaraes: folds 
bloodedesert: raises $0.15 to $0.25
xTicTuux: folds 
Mahu2021: calls $0.15
*** FLOP *** [3d 5c 7h]
Mahu2021: bets $0.30
bloodedesert: calls $0.30
*** TURN *** [3d 5c 7h] [Jh]
Mahu2021: bets $0.30
bloodedesert: calls $0.30
*** RIVER *** [3d 5c 7h Jh] [Ah]
Mahu2021: checks 
bloodedesert: checks 
*** SHOW DOWN ***
Mahu2021: shows [8s 7s] (a pair of Sevens)
bloodedesert: shows [8c 7c] (a pair of Sevens)
Mahu2021 collected $0.84 from pot
bloodedesert collected $0.83 from pot
*** SUMMARY ***
Total pot $1.75 | Rake $0.08 
Board [3d 5c 7h Jh Ah]
Seat 1: bloodedesert (button) showed [8c 7c] and won ($0.83) with a pair of Sevens
Seat 2: xTicTuux (small blind) folded before Flop
Seat 3: Mahu2021 (big blind) showed [8s 7s] and won ($0.84) with a pair of Sevens
Seat 4: maxjenics folded before Flop (didn't bet)
Seat 5: grrrama folded before Flop (didn't bet)
Seat 6: JulianGuimaraes folded before Flop (didn't bet)



PokerStars Zoom Hand #255827406453:  Hold'em No Limit ($0.05/$0.10) - 2025/04/21 14:04:52 CET [2025/04/21 8:04:52 ET]
Table 'Aludra' 6-max Seat #1 is the button
Seat 1: WoozyFace ($12.71 in chips) 
Seat 2: nedofish ($10 in chips) 
Seat 3: GenC0629 ($10.15 in chips) 
Seat 4: Mahu2021 ($12.78 in chips) 
Seat 5: reddoandpiisu2 ($22.92 in chips) 
Seat 6: kiks220272 ($10 in chips) 
nedofish: posts small blind $0.05
GenC0629: posts big blind $0.10
*** HOLE CARDS ***
Dealt to Mahu2021 [6c 3d]
Mahu2021: folds 
reddoandpiisu2: folds 
kiks220272: folds 
WoozyFace: folds 
nedofish: raises $0.20 to $0.30
GenC0629: calls $0.20
*** FLOP *** [Jd Jh 6d]
nedofish: checks 
GenC0629: checks 
*** TURN *** [Jd Jh 6d] [Qd]
nedofish: checks 
GenC0629: bets $0.40
nedofish: calls $0.40
*** RIVER *** [Jd Jh 6d Qd] [2c]
nedofish: checks 
GenC0629: checks 
*** SHOW DOWN ***
nedofish: shows [Kc As] (a pair of Jacks)
GenC0629: mucks hand 
nedofish collected $1.34 from pot
*** SUMMARY ***
Total pot $1.40 | Rake $0.06 
Board [Jd Jh 6d Qd 2c]
Seat 1: WoozyFace (button) folded before Flop (didn't bet)
Seat 2: nedofish (small blind) showed [Kc As] and won ($1.34) with a pair of Jacks
Seat 3: GenC0629 (big blind) mucked [7h Kh]
Seat 4: Mahu2021 folded before Flop (didn't bet)
Seat 5: reddoandpiisu2 folded before Flop (didn't bet)
Seat 6: kiks220272 folded before Flop (didn't bet)



PokerStars Zoom Hand #255827405742:  Hold'em No Limit ($0.05/$0.10) - 2025/04/21 14:04:47 CET [2025/04/21 8:04:47 ET]
Table 'Aludra' 6-max Seat #1 is the button
Seat 1: cdbennett.uk ($12.94 in chips) 
Seat 2: heraboy ($10 in chips) 
Seat 3: bloodedesert ($27.97 in chips) 
Seat 4: bountykid99 ($20.31 in chips) 
Seat 5: silentshowdown ($10 in chips) 
Seat 6: Mahu2021 ($12.78 in chips) 
heraboy: posts small blind $0.05
bloodedesert: posts big blind $0.10
*** HOLE CARDS ***
Dealt to Mahu2021 [4c 8c]
bountykid99: folds 
silentshowdown has timed out
silentshowdown: folds 
Mahu2021: folds 
cdbennett.uk: raises $0.20 to $0.30
heraboy: folds 
bloodedesert: calls $0.20
*** FLOP *** [9s 5c 5s]
bloodedesert: checks 
cdbennett.uk: checks 
*** TURN *** [9s 5c 5s] [2c]
bloodedesert: checks 
cdbennett.uk: checks 
*** RIVER *** [9s 5c 5s 2c] [7s]
bloodedesert: bets $0.47
cdbennett.uk: calls $0.47
*** SHOW DOWN ***
bloodedesert: shows [Th 9c] (two pair, Nines and Fives)
cdbennett.uk: mucks hand 
bloodedesert collected $1.52 from pot
*** SUMMARY ***
Total pot $1.59 | Rake $0.07 
Board [9s 5c 5s 2c 7s]
Seat 1: cdbennett.uk (button) mucked [Ad 7d]
Seat 2: heraboy (small blind) folded before Flop
Seat 3: bloodedesert (big blind) showed [Th 9c] and won ($1.52) with two pair, Nines and Fives
Seat 4: bountykid99 folded before Flop (didn't bet)
Seat 5: silentshowdown folded before Flop (didn't bet)
Seat 6: Mahu2021 folded before Flop (didn't bet)



PokerStars Zoom Hand #255827406935:  Hold'em No Limit ($0.05/$0.10) - 2025/04/21 14:04:56 CET [2025/04/21 8:04:56 ET]
Table 'Aludra' 6-max Seat #1 is the button
Seat 1: Mahu2021 ($12.78 in chips) 
Seat 2: mlange ($7.97 in chips) 
Seat 3: Guten3213 ($10 in chips) 
Seat 4: xTicTuux ($15.76 in chips) 
Seat 5: lonewolf972 ($22.24 in chips) 
Seat 6: WoozyFace ($12.71 in chips) 
mlange: posts small blind $0.05
Guten3213: posts big blind $0.10
*** HOLE CARDS ***
Dealt to Mahu2021 [Jc Ac]
xTicTuux: folds 
lonewolf972: raises $0.15 to $0.25
WoozyFace: calls $0.25
Mahu2021: calls $0.25
mlange: folds 
Guten3213: folds 
*** FLOP *** [7c 7h Kc]
lonewolf972: bets $0.28
WoozyFace: folds 
Mahu2021: calls $0.28
*** TURN *** [7c 7h Kc] [Qh]
lonewolf972: checks 
Mahu2021: bets $1
lonewolf972: calls $1
*** RIVER *** [7c 7h Kc Qh] [Kh]
lonewolf972: checks 
Mahu2021: checks 
*** SHOW DOWN ***
lonewolf972: shows [Qs Js] (two pair, Kings and Queens)
Mahu2021: mucks hand 
lonewolf972 collected $3.30 from pot
*** SUMMARY ***
Total pot $3.46 | Rake $0.16 
Board [7c 7h Kc Qh Kh]
Seat 1: Mahu2021 (button) mucked [Jc Ac]
Seat 2: mlange (small blind) folded before Flop
Seat 3: Guten3213 (big blind) folded before Flop
Seat 4: xTicTuux folded before Flop (didn't bet)
Seat 5: lonewolf972 showed [Qs Js] and won ($3.30) with two pair, Kings and Queens
Seat 6: WoozyFace folded on the Flop



PokerStars Zoom Hand #255827416680:  Hold'em No Limit ($0.05/$0.10) - 2025/04/21 14:06:09 CET [2025/04/21 8:06:09 ET]
Table 'Aludra' 6-max Seat #1 is the button
Seat 1: IMMPORT@L ($6.74 in chips) 
Seat 2: Mahu2021 ($11.25 in chips) 
Seat 3: slownoris ($10.80 in chips) 
Seat 4: heraboy ($14.04 in chips) 
Seat 5: nedofish ($10.69 in chips) 
Seat 6: lonewolf972 ($24.01 in chips) 
Mahu2021: posts small blind $0.05
slownoris: posts big blind $0.10
*** HOLE CARDS ***
Dealt to Mahu2021 [Jh 6h]
heraboy: folds 
nedofish: raises $0.15 to $0.25
lonewolf972: folds 
IMMPORT@L: folds 
Mahu2021: folds 
slownoris: folds 
Uncalled bet ($0.15) returned to nedofish
nedofish collected $0.25 from pot
nedofish: doesn't show hand 
*** SUMMARY ***
Total pot $0.25 | Rake $0 
Seat 1: IMMPORT@L (button) folded before Flop (didn't bet)
Seat 2: Mahu2021 (small blind) folded before Flop
Seat 3: slownoris (big blind) folded before Flop
Seat 4: heraboy folded before Flop (didn't bet)
Seat 5: nedofish collected ($0.25)
Seat 6: lonewolf972 folded before Flop (didn't bet)



PokerStars Zoom Hand #255827417345:  Hold'em No Limit ($0.05/$0.10) - 2025/04/21 14:06:14 CET [2025/04/21 8:06:14 ET]
Table 'Aludra' 6-max Seat #1 is the button
Seat 1: Mahu2021 ($11.20 in chips) 
Seat 2: MJ4LIFE88 ($11.26 in chips) 
Seat 3: kimjw800 ($20.41 in chips) 
Seat 4: bountykid99 ($20.75 in chips) 
Seat 5: sanko1980 ($5 in chips) 
Seat 6: maxjenics ($14.91 in chips) 
MJ4LIFE88: posts small blind $0.05
kimjw800: posts big blind $0.10
*** HOLE CARDS ***
Dealt to Mahu2021 [Qc Th]
bountykid99: folds 
sanko1980: folds 
maxjenics: folds 
Mahu2021: raises $0.20 to $0.30
MJ4LIFE88: folds 
kimjw800: calls $0.20
*** FLOP *** [2c Td Kh]
kimjw800: checks 
Mahu2021: bets $0.30
kimjw800: calls $0.30
*** TURN *** [2c Td Kh] [8c]
kimjw800: checks 
Mahu2021: bets $0.30
kimjw800: calls $0.30
*** RIVER *** [2c Td Kh 8c] [6h]
kimjw800: checks 
Mahu2021: bets $3.10
kimjw800: folds 
Uncalled bet ($3.10) returned to Mahu2021
Mahu2021 collected $1.77 from pot
Mahu2021: doesn't show hand 
*** SUMMARY ***
Total pot $1.85 | Rake $0.08 
Board [2c Td Kh 8c 6h]
Seat 1: Mahu2021 (button) collected ($1.77)
Seat 2: MJ4LIFE88 (small blind) folded before Flop
Seat 3: kimjw800 (big blind) folded on the River
Seat 4: bountykid99 folded before Flop (didn't bet)
Seat 5: sanko1980 folded before Flop (didn't bet)
Seat 6: maxjenics folded before Flop (didn't bet)



PokerStars Zoom Hand #255827423602:  Hold'em No Limit ($0.05/$0.10) - 2025/04/21 14:07:01 CET [2025/04/21 8:07:01 ET]
Table 'Aludra' 6-max Seat #1 is the button
Seat 1: kimjw800 ($15.01 in chips) 
Seat 2: cdbennett.uk ($12.17 in chips) 
Seat 3: xYamal ($10.08 in chips) 
Seat 4: bigpebble1234 ($18.53 in chips) 
Seat 5: Mahu2021 ($12.07 in chips) 
Seat 6: bountykid99 ($20.28 in chips) 
cdbennett.uk: posts small blind $0.05
xYamal: posts big blind $0.10
*** HOLE CARDS ***
Dealt to Mahu2021 [7s 4s]
bigpebble1234: folds 
Mahu2021: folds 
bountykid99: folds 
kimjw800: folds 
cdbennett.uk: folds 
Uncalled bet ($0.05) returned to xYamal
xYamal collected $0.10 from pot
xYamal: doesn't show hand 
*** SUMMARY ***
Total pot $0.10 | Rake $0 
Seat 1: kimjw800 (button) folded before Flop (didn't bet)
Seat 2: cdbennett.uk (small blind) folded before Flop
Seat 3: xYamal (big blind) collected ($0.10)
Seat 4: bigpebble1234 folded before Flop (didn't bet)
Seat 5: Mahu2021 folded before Flop (didn't bet)
Seat 6: bountykid99 folded before Flop (didn't bet)



PokerStars Zoom Hand #255827424040:  Hold'em No Limit ($0.05/$0.10) - 2025/04/21 14:07:04 CET [2025/04/21 8:07:04 ET]
Table 'Aludra' 6-max Seat #1 is the button
Seat 1: bigpebble1234 ($18.53 in chips) 
Seat 2: amigo1404 ($13 in chips) 
Seat 3: Mahu2021 ($12.07 in chips) 
Seat 4: bountykid99 ($20.28 in chips) 
Seat 5: Guten3213 ($12.76 in chips) 
Seat 6: heraboy ($13.99 in chips) 
amigo1404: posts small blind $0.05
Mahu2021: posts big blind $0.10
*** HOLE CARDS ***
Dealt to Mahu2021 [As 6c]
bountykid99: folds 
Guten3213: folds 
heraboy: raises $0.15 to $0.25
bigpebble1234: folds 
amigo1404: folds 
Mahu2021: calls $0.15
*** FLOP *** [Ts Kh 2s]
Mahu2021: checks 
heraboy: checks 
*** TURN *** [Ts Kh 2s] [4d]
Mahu2021: checks 
heraboy: checks 
*** RIVER *** [Ts Kh 2s 4d] [8h]
Mahu2021: checks 
heraboy: bets $0.27
Mahu2021: folds 
Uncalled bet ($0.27) returned to heraboy
heraboy collected $0.53 from pot
heraboy: doesn't show hand 
*** SUMMARY ***
Total pot $0.55 | Rake $0.02 
Board [Ts Kh 2s 4d 8h]
Seat 1: bigpebble1234 (button) folded before Flop (didn't bet)
Seat 2: amigo1404 (small blind) folded before Flop
Seat 3: Mahu2021 (big blind) folded on the River
Seat 4: bountykid99 folded before Flop (didn't bet)
Seat 5: Guten3213 folded before Flop (didn't bet)
Seat 6: heraboy collected ($0.53)



PokerStars Zoom Hand #255827428774:  Hold'em No Limit ($0.05/$0.10) - 2025/04/21 14:07:40 CET [2025/04/21 8:07:40 ET]
Table 'Aludra' 6-max Seat #1 is the button
Seat 1: WoozyFace ($9.94 in chips) 
Seat 2: Mahu2021 ($11.82 in chips) 
Seat 3: PRace13 ($10.30 in chips) 
Seat 4: jackandN ($9.49 in chips) 
Seat 5: AAKK618 ($17.54 in chips) 
Seat 6: jacques 2354 ($9.92 in chips) 
Mahu2021: posts small blind $0.05
PRace13: posts big blind $0.10
*** HOLE CARDS ***
Dealt to Mahu2021 [8c 4c]
jackandN: folds 
AAKK618: folds 
jacques 2354: folds 
WoozyFace: folds 
Mahu2021: folds 
Uncalled bet ($0.05) returned to PRace13
PRace13 collected $0.10 from pot
PRace13: doesn't show hand 
*** SUMMARY ***
Total pot $0.10 | Rake $0 
Seat 1: WoozyFace (button) folded before Flop (didn't bet)
Seat 2: Mahu2021 (small blind) folded before Flop
Seat 3: PRace13 (big blind) collected ($0.10)
Seat 4: jackandN folded before Flop (didn't bet)
Seat 5: AAKK618 folded before Flop (didn't bet)
Seat 6: jacques 2354 folded before Flop (didn't bet)



PokerStars Zoom Hand #255827428243:  Hold'em No Limit ($0.05/$0.10) - 2025/04/21 14:07:36 CET [2025/04/21 8:07:36 ET]
Table 'Aludra' 6-max Seat #1 is the button
Seat 1: sanko1980 ($4.90 in chips) 
Seat 2: sakharova609 ($3.71 in chips) 
Seat 3: nicolas1112 ($18.87 in chips) 
Seat 4: AAKK618 ($17.54 in chips) 
Seat 5: bountykid99 ($19.93 in chips) 
Seat 6: Mahu2021 ($11.82 in chips) 
sakharova609: posts small blind $0.05
nicolas1112: posts big blind $0.10
*** HOLE CARDS ***
Dealt to Mahu2021 [Jc 2d]
AAKK618: folds 
bountykid99: folds 
Mahu2021: folds 
sanko1980: raises $0.10 to $0.20
sakharova609: calls $0.15
nicolas1112: raises $1 to $1.20
sanko1980: folds 
sakharova609: folds 
Uncalled bet ($1) returned to nicolas1112
nicolas1112 collected $0.60 from pot
nicolas1112: doesn't show hand 
*** SUMMARY ***
Total pot $0.60 | Rake $0 
Seat 1: sanko1980 (button) folded before Flop
Seat 2: sakharova609 (small blind) folded before Flop
Seat 3: nicolas1112 (big blind) collected ($0.60)
Seat 4: AAKK618 folded before Flop (didn't bet)
Seat 5: bountykid99 folded before Flop (didn't bet)
Seat 6: Mahu2021 folded before Flop (didn't bet)



PokerStars Zoom Hand #255827429943:  Hold'em No Limit ($0.05/$0.10) - 2025/04/21 14:07:49 CET [2025/04/21 8:07:49 ET]
Table 'Aludra' 6-max Seat #1 is the button
Seat 1: bountykid99 ($25.16 in chips) 
Seat 2: Guten3213 ($10 in chips) 
Seat 3: IMMPORT@L ($7 in chips) 
Seat 4: WoozyFace ($9.94 in chips) 
Seat 5: Bur1k ($5 in chips) 
Seat 6: Mahu2021 ($11.77 in chips) 
Guten3213: posts small blind $0.05
IMMPORT@L: posts big blind $0.10
*** HOLE CARDS ***
Dealt to Mahu2021 [2c 5s]
WoozyFace: folds 
Bur1k: raises $0.20 to $0.30
Mahu2021: folds 
bountykid99: folds 
Guten3213: folds 
IMMPORT@L: calls $0.20
*** FLOP *** [Ad 9h 8d]
IMMPORT@L: checks 
Bur1k: bets $0.35
IMMPORT@L: folds 
Uncalled bet ($0.35) returned to Bur1k
Bur1k collected $0.62 from pot
Bur1k: doesn't show hand 
*** SUMMARY ***
Total pot $0.65 | Rake $0.03 
Board [Ad 9h 8d]
Seat 1: bountykid99 (button) folded before Flop (didn't bet)
Seat 2: Guten3213 (small blind) folded before Flop
Seat 3: IMMPORT@L (big blind) folded on the Flop
Seat 4: WoozyFace folded before Flop (didn't bet)
Seat 5: Bur1k collected ($0.62)
Seat 6: Mahu2021 folded before Flop (didn't bet)



PokerStars Zoom Hand #255827429429:  Hold'em No Limit ($0.05/$0.10) - 2025/04/21 14:07:45 CET [2025/04/21 8:07:45 ET]
Table 'Aludra' 6-max Seat #1 is the button
Seat 1: bountykid99 ($19.88 in chips) 
Seat 2: nedofish ($10 in chips) 
Seat 3: jacques 2354 ($9.92 in chips) 
Seat 4: IMMPORT@L ($7 in chips) 
Seat 5: Mahu2021 ($11.77 in chips) 
Seat 6: GenC0629 ($10 in chips) 
nedofish: posts small blind $0.05
jacques 2354: posts big blind $0.10
*** HOLE CARDS ***
Dealt to Mahu2021 [Th 4c]
IMMPORT@L: folds 
Mahu2021: folds 
GenC0629: folds 
bountykid99: raises $0.15 to $0.25
nedofish: folds 
jacques 2354: calls $0.15
*** FLOP *** [5d 2s Ac]
jacques 2354: checks 
bountykid99: bets $0.15
jacques 2354: calls $0.15
*** TURN *** [5d 2s Ac] [9s]
jacques 2354: checks 
bountykid99: checks 
*** RIVER *** [5d 2s Ac 9s] [8s]
jacques 2354: bets $0.10
bountykid99: calls $0.10
*** SHOW DOWN ***
jacques 2354: shows [3h Ks] (high card Ace)
bountykid99: shows [7h 7c] (a pair of Sevens)
bountykid99 collected $1 from pot
*** SUMMARY ***
Total pot $1.05 | Rake $0.05 
Board [5d 2s Ac 9s 8s]
Seat 1: bountykid99 (button) showed [7h 7c] and won ($1) with a pair of Sevens
Seat 2: nedofish (small blind) folded before Flop
Seat 3: jacques 2354 (big blind) showed [3h Ks] and lost with high card Ace
Seat 4: IMMPORT@L folded before Flop (didn't bet)
Seat 5: Mahu2021 folded before Flop (didn't bet)
Seat 6: GenC0629 folded before Flop (didn't bet)



PokerStars Zoom Hand #255827430517:  Hold'em No Limit ($0.05/$0.10) - 2025/04/21 14:07:53 CET [2025/04/21 8:07:53 ET]
Table 'Aludra' 6-max Seat #1 is the button
Seat 1: clqu ($10.25 in chips) 
Seat 2: GrozovaIra ($10 in chips) 
Seat 3: heraboy ($14.39 in chips) 
Seat 4: Mahu2021 ($11.77 in chips) 
Seat 5: WoozyFace ($9.94 in chips) 
Seat 6: Luffy V ($10.46 in chips) 
GrozovaIra: posts small blind $0.05
heraboy: posts big blind $0.10
*** HOLE CARDS ***
Dealt to Mahu2021 [7c 4c]
Mahu2021: folds 
WoozyFace: folds 
Luffy V: raises $0.15 to $0.25
clqu: calls $0.25
GrozovaIra: folds 
heraboy: folds 
*** FLOP *** [Ac Jc 9c]
Luffy V: checks 
clqu: bets $0.52
Luffy V: folds 
Uncalled bet ($0.52) returned to clqu
clqu collected $0.61 from pot
clqu: doesn't show hand 
*** SUMMARY ***
Total pot $0.65 | Rake $0.04 
Board [Ac Jc 9c]
Seat 1: clqu (button) collected ($0.61)
Seat 2: GrozovaIra (small blind) folded before Flop
Seat 3: heraboy (big blind) folded before Flop
Seat 4: Mahu2021 folded before Flop (didn't bet)
Seat 5: WoozyFace folded before Flop (didn't bet)
Seat 6: Luffy V folded on the Flop



PokerStars Zoom Hand #255827431495:  Hold'em No Limit ($0.05/$0.10) - 2025/04/21 14:08:01 CET [2025/04/21 8:08:01 ET]
Table 'Aludra' 6-max Seat #1 is the button
Seat 1: Mahu2021 ($11.77 in chips) 
Seat 2: dimiscala ($10.70 in chips) 
Seat 3: WoozyFace ($9.94 in chips) 
Seat 4: sanko1980 ($4.65 in chips) 
Seat 5: PRace13 ($10.85 in chips) 
Seat 6: silentshowdown ($13.53 in chips) 
dimiscala: posts small blind $0.05
WoozyFace: posts big blind $0.10
*** HOLE CARDS ***
Dealt to Mahu2021 [4s 3h]
sanko1980: folds 
PRace13: folds 
silentshowdown: folds 
Mahu2021: folds 
dimiscala: raises $0.30 to $0.40
WoozyFace: folds 
Uncalled bet ($0.30) returned to dimiscala
dimiscala collected $0.20 from pot
dimiscala: doesn't show hand 
*** SUMMARY ***
Total pot $0.20 | Rake $0 
Seat 1: Mahu2021 (button) folded before Flop (didn't bet)
Seat 2: dimiscala (small blind) collected ($0.20)
Seat 3: WoozyFace (big blind) folded before Flop
Seat 4: sanko1980 folded before Flop (didn't bet)
Seat 5: PRace13 folded before Flop (didn't bet)
Seat 6: silentshowdown folded before Flop (didn't bet)



PokerStars Zoom Hand #255827431976:  Hold'em No Limit ($0.05/$0.10) - 2025/04/21 14:08:04 CET [2025/04/21 8:08:04 ET]
Table 'Aludra' 6-max Seat #1 is the button
Seat 1: heraboy ($25.96 in chips) 
Seat 2: nicolas1112 ($19.27 in chips) 
Seat 3: Mahu2021 ($11.77 in chips) 
Seat 4: GenC0629 ($10 in chips) 
Seat 5: kimjw800 ($15.01 in chips) 
Seat 6: Guten3213 ($10 in chips) 
nicolas1112: posts small blind $0.05
Mahu2021: posts big blind $0.10
*** HOLE CARDS ***
Dealt to Mahu2021 [Ts Jc]
GenC0629: folds 
kimjw800: folds 
Guten3213: raises $0.15 to $0.25
heraboy: folds 
nicolas1112: folds 
Mahu2021: calls $0.15
*** FLOP *** [8c 9c 2s]
Mahu2021: checks 
Guten3213: bets $0.36
Mahu2021: calls $0.36
*** TURN *** [8c 9c 2s] [5s]
Mahu2021: checks 
Guten3213: bets $0.91
Mahu2021: calls $0.91
*** RIVER *** [8c 9c 2s 5s] [Kc]
Mahu2021: checks 
Guten3213: checks 
*** SHOW DOWN ***
Mahu2021: shows [Ts Jc] (high card King)
Guten3213: shows [Js Jh] (a pair of Jacks)
Guten3213 collected $2.95 from pot
*** SUMMARY ***
Total pot $3.09 | Rake $0.14 
Board [8c 9c 2s 5s Kc]
Seat 1: heraboy (button) folded before Flop (didn't bet)
Seat 2: nicolas1112 (small blind) folded before Flop
Seat 3: Mahu2021 (big blind) showed [Ts Jc] and lost with high card King
Seat 4: GenC0629 folded before Flop (didn't bet)
Seat 5: kimjw800 folded before Flop (didn't bet)
Seat 6: Guten3213 showed [Js Jh] and won ($2.95) with a pair of Jacks



PokerStars Zoom Hand #255827437269:  Hold'em No Limit ($0.05/$0.10) - 2025/04/21 14:08:44 CET [2025/04/21 8:08:44 ET]
Table 'Aludra' 6-max Seat #1 is the button
Seat 1: PRace13 ($10.70 in chips) 
Seat 2: honEybOOx ($10.41 in chips) 
Seat 3: MJ4LIFE88 ($10.76 in chips) 
Seat 4: Mahu2021 ($10.20 in chips) 
Seat 5: Luffy V ($15.05 in chips) 
Seat 6: GenC0629 ($10.15 in chips) 
honEybOOx: posts small blind $0.05
MJ4LIFE88: posts big blind $0.10
*** HOLE CARDS ***
Dealt to Mahu2021 [Qc 8s]
Mahu2021: folds 
Luffy V: folds 
GenC0629: folds 
PRace13: raises $0.20 to $0.30
honEybOOx: raises $1 to $1.30
MJ4LIFE88: folds 
PRace13: folds 
Uncalled bet ($1) returned to honEybOOx
honEybOOx collected $0.70 from pot
honEybOOx: doesn't show hand 
*** SUMMARY ***
Total pot $0.70 | Rake $0 
Seat 1: PRace13 (button) folded before Flop
Seat 2: honEybOOx (small blind) collected ($0.70)
Seat 3: MJ4LIFE88 (big blind) folded before Flop
Seat 4: Mahu2021 folded before Flop (didn't bet)
Seat 5: Luffy V folded before Flop (didn't bet)
Seat 6: GenC0629 folded before Flop (didn't bet)



PokerStars Zoom Hand #255827436241:  Hold'em No Limit ($0.05/$0.10) - 2025/04/21 14:08:36 CET [2025/04/21 8:08:36 ET]
Table 'Aludra' 6-max Seat #1 is the button
Seat 1: Guten3213 ($11.43 in chips) 
Seat 2: Mahu2021 ($10.25 in chips) 
Seat 3: grrrama ($10 in chips) 
Seat 4: IMMPORT@L ($6.65 in chips) 
Seat 5: nedofish ($10 in chips) 
Seat 6: maxjenics ($13.86 in chips) 
Mahu2021: posts small blind $0.05
grrrama: posts big blind $0.10
*** HOLE CARDS ***
Dealt to Mahu2021 [2c 8d]
IMMPORT@L: folds 
nedofish: folds 
maxjenics: folds 
Guten3213: raises $0.15 to $0.25
Mahu2021: folds 
grrrama: folds 
Uncalled bet ($0.15) returned to Guten3213
Guten3213 collected $0.25 from pot
Guten3213: doesn't show hand 
*** SUMMARY ***
Total pot $0.25 | Rake $0 
Seat 1: Guten3213 (button) collected ($0.25)
Seat 2: Mahu2021 (small blind) folded before Flop
Seat 3: grrrama (big blind) folded before Flop
Seat 4: IMMPORT@L folded before Flop (didn't bet)
Seat 5: nedofish folded before Flop (didn't bet)
Seat 6: maxjenics folded before Flop (didn't bet)



PokerStars Zoom Hand #255827438250:  Hold'em No Limit ($0.05/$0.10) - 2025/04/21 14:08:51 CET [2025/04/21 8:08:51 ET]
Table 'Aludra' 6-max Seat #1 is the button
Seat 1: Bur1k ($5 in chips) 
Seat 2: SharizWoW ($3.80 in chips) 
Seat 3: Mahu2021 ($10.20 in chips) 
Seat 4: AAKK618 ($17.29 in chips) 
Seat 5: jacques 2354 ($9.37 in chips) 
Seat 6: sakharova609 ($3.56 in chips) 
SharizWoW: posts small blind $0.05
Mahu2021: posts big blind $0.10
*** HOLE CARDS ***
Dealt to Mahu2021 [4d 3c]
AAKK618: folds 
jacques 2354: calls $0.10
sakharova609: calls $0.10
Bur1k: folds 
SharizWoW: folds 
Mahu2021: checks 
*** FLOP *** [5c 6s 5d]
Mahu2021: checks 
jacques 2354: checks 
sakharova609: checks 
*** TURN *** [5c 6s 5d] [Ts]
Mahu2021: checks 
jacques 2354: checks 
sakharova609: checks 
*** RIVER *** [5c 6s 5d Ts] [Qd]
Mahu2021: checks 
jacques 2354: checks 
sakharova609: checks 
*** SHOW DOWN ***
Mahu2021: shows [4d 3c] (a pair of Fives)
jacques 2354: shows [As Js] (a pair of Fives - Ace kicker)
sakharova609: mucks hand 
jacques 2354 collected $0.33 from pot
*** SUMMARY ***
Total pot $0.35 | Rake $0.02 
Board [5c 6s 5d Ts Qd]
Seat 1: Bur1k (button) folded before Flop (didn't bet)
Seat 2: SharizWoW (small blind) folded before Flop
Seat 3: Mahu2021 (big blind) showed [4d 3c] and lost with a pair of Fives
Seat 4: AAKK618 folded before Flop (didn't bet)
Seat 5: jacques 2354 showed [As Js] and won ($0.33) with a pair of Fives
Seat 6: sakharova609 mucked [8s Ad]



PokerStars Zoom Hand #255827436743:  Hold'em No Limit ($0.05/$0.10) - 2025/04/21 14:08:40 CET [2025/04/21 8:08:40 ET]
Table 'Aludra' 6-max Seat #1 is the button
Seat 1: DJC1922 ($9.50 in chips) 
Seat 2: Bur1k ($5 in chips) 
Seat 3: slownoris ($10.60 in chips) 
Seat 4: Mahu2021 ($10.20 in chips) 
Seat 5: bigpebble1234 ($18.38 in chips) 
Seat 6: nedofish ($10 in chips) 
Bur1k: posts small blind $0.05
slownoris: posts big blind $0.10
*** HOLE CARDS ***
Dealt to Mahu2021 [7h Ad]
Mahu2021: folds 
bigpebble1234: raises $0.20 to $0.30
nedofish: folds 
DJC1922: folds 
Bur1k: folds 
slownoris: calls $0.20
*** FLOP *** [Qc Qs 2s]
slownoris: checks 
bigpebble1234: bets $0.15
slownoris: calls $0.15
*** TURN *** [Qc Qs 2s] [Js]
slownoris: checks 
bigpebble1234: bets $0.91
slownoris: calls $0.91
*** RIVER *** [Qc Qs 2s Js] [5c]
slownoris: checks 
bigpebble1234: bets $2.65
slownoris: calls $2.65
*** SHOW DOWN ***
bigpebble1234: shows [8s Ts] (a flush, Queen high)
slownoris: mucks hand 
bigpebble1234 collected $7.71 from pot
*** SUMMARY ***
Total pot $8.07 | Rake $0.36 
Board [Qc Qs 2s Js 5c]
Seat 1: DJC1922 (button) folded before Flop (didn't bet)
Seat 2: Bur1k (small blind) folded before Flop
Seat 3: slownoris (big blind) mucked [Th Qh]
Seat 4: Mahu2021 folded before Flop (didn't bet)
Seat 5: bigpebble1234 showed [8s Ts] and won ($7.71) with a flush, Queen high
Seat 6: nedofish folded before Flop (didn't bet)



PokerStars Zoom Hand #255827437702:  Hold'em No Limit ($0.05/$0.10) - 2025/04/21 14:08:47 CET [2025/04/21 8:08:47 ET]
Table 'Aludra' 6-max Seat #1 is the button
Seat 1: honEybOOx ($10 in chips) 
Seat 2: nedofish ($10 in chips) 
Seat 3: WoozyFace ($11.55 in chips) 
Seat 4: Mahu2021 ($10.20 in chips) 
Seat 5: jackandN ($10.68 in chips) 
Seat 6: Noffa69 ($15.27 in chips) 
nedofish: posts small blind $0.05
WoozyFace: posts big blind $0.10
*** HOLE CARDS ***
Dealt to Mahu2021 [Qd 5d]
Mahu2021: folds 
jackandN: folds 
Noffa69: raises $0.10 to $0.20
honEybOOx: folds 
nedofish: raises $0.95 to $1.15
WoozyFace: folds 
Noffa69: calls $0.95
*** FLOP *** [4c 5h Ac]
nedofish: bets $0.76
Noffa69: calls $0.76
*** TURN *** [4c 5h Ac] [5c]
nedofish: checks 
Noffa69: checks 
*** RIVER *** [4c 5h Ac 5c] [3c]
nedofish: checks 
Noffa69: checks 
*** SHOW DOWN ***
nedofish: shows [Jh Js] (two pair, Jacks and Fives)
Noffa69: shows [As Kh] (two pair, Aces and Fives)
Noffa69 collected $3.74 from pot
*** SUMMARY ***
Total pot $3.92 | Rake $0.18 
Board [4c 5h Ac 5c 3c]
Seat 1: honEybOOx (button) folded before Flop (didn't bet)
Seat 2: nedofish (small blind) showed [Jh Js] and lost with two pair, Jacks and Fives
Seat 3: WoozyFace (big blind) folded before Flop
Seat 4: Mahu2021 folded before Flop (didn't bet)
Seat 5: jackandN folded before Flop (didn't bet)
Seat 6: Noffa69 showed [As Kh] and won ($3.74) with two pair, Aces and Fives



PokerStars Zoom Hand #255827442431:  Hold'em No Limit ($0.05/$0.10) - 2025/04/21 14:09:22 CET [2025/04/21 8:09:22 ET]
Table 'Aludra' 6-max Seat #1 is the button
Seat 1: slownoris ($10 in chips) 
Seat 2: sakharova609 ($3.46 in chips) 
Seat 3: bountykid99 ($20.55 in chips) 
Seat 4: GrozovaIra ($10.35 in chips) 
Seat 5: lonewolf972 ($24.10 in chips) 
Seat 6: Mahu2021 ($10.10 in chips) 
sakharova609: posts small blind $0.05
bountykid99: posts big blind $0.10
*** HOLE CARDS ***
Dealt to Mahu2021 [Ah Ts]
GrozovaIra: raises $0.15 to $0.25
lonewolf972: folds 
Mahu2021: calls $0.25
slownoris: folds 
sakharova609: folds 
bountykid99: folds 
*** FLOP *** [Qd 4s 4d]
GrozovaIra: bets $0.31
Mahu2021: calls $0.31
*** TURN *** [Qd 4s 4d] [5h]
GrozovaIra: bets $0.93
Mahu2021: calls $0.93
*** RIVER *** [Qd 4s 4d 5h] [7h]
GrozovaIra: checks 
Mahu2021: bets $3.30
GrozovaIra: folds 
Uncalled bet ($3.30) returned to Mahu2021
Mahu2021 collected $2.99 from pot
Mahu2021: doesn't show hand 
*** SUMMARY ***
Total pot $3.13 | Rake $0.14 
Board [Qd 4s 4d 5h 7h]
Seat 1: slownoris (button) folded before Flop (didn't bet)
Seat 2: sakharova609 (small blind) folded before Flop
Seat 3: bountykid99 (big blind) folded before Flop
Seat 4: GrozovaIra folded on the River
Seat 5: lonewolf972 folded before Flop (didn't bet)
Seat 6: Mahu2021 collected ($2.99)



PokerStars Zoom Hand #255827447066:  Hold'em No Limit ($0.05/$0.10) - 2025/04/21 14:09:57 CET [2025/04/21 8:09:57 ET]
Table 'Aludra' 6-max Seat #1 is the button
Seat 1: BigLoo27 ($10.44 in chips) 
Seat 2: Mahu2021 ($11.60 in chips) 
Seat 3: nedofish ($10.25 in chips) 
Seat 4: heraboy ($20.27 in chips) 
Seat 5: Luffy V ($11.58 in chips) 
Seat 6: bountykid99 ($20.60 in chips) 
Mahu2021: posts small blind $0.05
nedofish: posts big blind $0.10
*** HOLE CARDS ***
Dealt to Mahu2021 [5c 3d]
heraboy: folds 
Luffy V: folds 
bountykid99: folds 
BigLoo27: folds 
Mahu2021: folds 
Uncalled bet ($0.05) returned to nedofish
nedofish collected $0.10 from pot
nedofish: doesn't show hand 
*** SUMMARY ***
Total pot $0.10 | Rake $0 
Seat 1: BigLoo27 (button) folded before Flop (didn't bet)
Seat 2: Mahu2021 (small blind) folded before Flop
Seat 3: nedofish (big blind) collected ($0.10)
Seat 4: heraboy folded before Flop (didn't bet)
Seat 5: Luffy V folded before Flop (didn't bet)
Seat 6: bountykid99 folded before Flop (didn't bet)



PokerStars Zoom Hand #255827447750:  Hold'em No Limit ($0.05/$0.10) - 2025/04/21 14:10:01 CET [2025/04/21 8:10:01 ET]
Table 'Aludra' 6-max Seat #1 is the button
Seat 1: Mahu2021 ($11.55 in chips) 
Seat 2: bungee134 ($12.13 in chips) 
Seat 3: Nakama Sam ($18.90 in chips) 
Seat 4: heraboy ($20.27 in chips) 
Seat 5: Bur1k ($5.65 in chips) 
Seat 6: luckyagainn ($10.10 in chips) 
bungee134: posts small blind $0.05
Nakama Sam: posts big blind $0.10
*** HOLE CARDS ***
Dealt to Mahu2021 [3c 3h]
heraboy: folds 
Bur1k: folds 
luckyagainn: folds 
Mahu2021: raises $0.20 to $0.30
bungee134: folds 
Nakama Sam: calls $0.20
*** FLOP *** [4s 6h 5s]
Nakama Sam: checks 
Mahu2021: bets $0.40
Nakama Sam: folds 
Uncalled bet ($0.40) returned to Mahu2021
Mahu2021 collected $0.62 from pot
Mahu2021: doesn't show hand 
*** SUMMARY ***
Total pot $0.65 | Rake $0.03 
Board [4s 6h 5s]
Seat 1: Mahu2021 (button) collected ($0.62)
Seat 2: bungee134 (small blind) folded before Flop
Seat 3: Nakama Sam (big blind) folded on the Flop
Seat 4: heraboy folded before Flop (didn't bet)
Seat 5: Bur1k folded before Flop (didn't bet)
Seat 6: luckyagainn folded before Flop (didn't bet)



PokerStars Zoom Hand #255827453419:  Hold'em No Limit ($0.05/$0.10) - 2025/04/21 14:10:44 CET [2025/04/21 8:10:44 ET]
Table 'Aludra' 6-max Seat #1 is the button
Seat 1: nicolas1112 ($10.15 in chips) 
Seat 2: voulis21 ($10.47 in chips) 
Seat 3: luckyagainn ($10 in chips) 
Seat 4: Bur1k ($5.15 in chips) 
Seat 5: Mahu2021 ($11.87 in chips) 
Seat 6: slownoris ($10.27 in chips) 
voulis21: posts small blind $0.05
luckyagainn: posts big blind $0.10
*** HOLE CARDS ***
Dealt to Mahu2021 [Jh 4c]
Bur1k: folds 
Mahu2021: folds 
slownoris: folds 
nicolas1112: raises $0.20 to $0.30
voulis21: folds 
luckyagainn: folds 
Uncalled bet ($0.20) returned to nicolas1112
nicolas1112 collected $0.25 from pot
nicolas1112: doesn't show hand 
*** SUMMARY ***
Total pot $0.25 | Rake $0 
Seat 1: nicolas1112 (button) collected ($0.25)
Seat 2: voulis21 (small blind) folded before Flop
Seat 3: luckyagainn (big blind) folded before Flop
Seat 4: Bur1k folded before Flop (didn't bet)
Seat 5: Mahu2021 folded before Flop (didn't bet)
Seat 6: slownoris folded before Flop (didn't bet)



PokerStars Zoom Hand #255827452948:  Hold'em No Limit ($0.05/$0.10) - 2025/04/21 14:10:41 CET [2025/04/21 8:10:41 ET]
Table 'Aludra' 6-max Seat #1 is the button
Seat 1: silentshowdown ($13.23 in chips) 
Seat 2: IdolizeTrump ($6.13 in chips) 
Seat 3: GenC0629 ($10.20 in chips) 
Seat 4: Bur1k ($5.15 in chips) 
Seat 5: Mahu2021 ($11.87 in chips) 
Seat 6: slownoris ($10.15 in chips) 
IdolizeTrump: posts small blind $0.05
GenC0629: posts big blind $0.10
*** HOLE CARDS ***
Dealt to Mahu2021 [4d 8d]
Bur1k: folds 
Mahu2021: folds 
slownoris: raises $0.15 to $0.25
silentshowdown: folds 
IdolizeTrump: calls $0.20
GenC0629: folds 
*** FLOP *** [Ts 7c Kd]
IdolizeTrump: checks 
slownoris: checks 
*** TURN *** [Ts 7c Kd] [3h]
IdolizeTrump: checks 
slownoris: bets $0.43
IdolizeTrump: folds 
Uncalled bet ($0.43) returned to slownoris
slownoris collected $0.57 from pot
slownoris: doesn't show hand 
*** SUMMARY ***
Total pot $0.60 | Rake $0.03 
Board [Ts 7c Kd 3h]
Seat 1: silentshowdown (button) folded before Flop (didn't bet)
Seat 2: IdolizeTrump (small blind) folded on the Turn
Seat 3: GenC0629 (big blind) folded before Flop
Seat 4: Bur1k folded before Flop (didn't bet)
Seat 5: Mahu2021 folded before Flop (didn't bet)
Seat 6: slownoris collected ($0.57)



PokerStars Zoom Hand #255827453906:  Hold'em No Limit ($0.05/$0.10) - 2025/04/21 14:10:48 CET [2025/04/21 8:10:48 ET]
Table 'Aludra' 6-max Seat #1 is the button
Seat 1: Luffy V ($14.46 in chips) 
Seat 2: Sorathan ($15.61 in chips) 
Seat 3: kimjw800 ($14.76 in chips) 
Seat 4: honEybOOx ($10.63 in chips) 
Seat 5: WoozyFace ($9.53 in chips) 
Seat 6: Mahu2021 ($11.87 in chips) 
Sorathan: posts small blind $0.05
kimjw800: posts big blind $0.10
*** HOLE CARDS ***
Dealt to Mahu2021 [7d Js]
honEybOOx: raises $0.12 to $0.22
WoozyFace: folds 
Mahu2021: calls $0.22
Luffy V: folds 
Sorathan: calls $0.17
kimjw800: folds 
*** FLOP *** [2h Ts Kh]
Sorathan: bets $0.40
honEybOOx: folds 
Mahu2021: folds 
Uncalled bet ($0.40) returned to Sorathan
Sorathan collected $0.72 from pot
Sorathan: doesn't show hand 
*** SUMMARY ***
Total pot $0.76 | Rake $0.04 
Board [2h Ts Kh]
Seat 1: Luffy V (button) folded before Flop (didn't bet)
Seat 2: Sorathan (small blind) collected ($0.72)
Seat 3: kimjw800 (big blind) folded before Flop
Seat 4: honEybOOx folded on the Flop
Seat 5: WoozyFace folded before Flop (didn't bet)
Seat 6: Mahu2021 folded on the Flop



PokerStars Zoom Hand #255827457845:  Hold'em No Limit ($0.05/$0.10) - 2025/04/21 14:11:17 CET [2025/04/21 8:11:17 ET]
Table 'Aludra' 6-max Seat #1 is the button
Seat 1: Mahu2021 ($11.65 in chips) 
Seat 2: bungee134 ($11.98 in chips) 
Seat 3: Ffenstara ($13.34 in chips) 
Seat 4: WoozyFace ($9.68 in chips) 
Seat 5: scottow176 ($15.55 in chips) 
Seat 6: GenC0629 ($14.31 in chips) 
bungee134: posts small blind $0.05
Ffenstara: posts big blind $0.10
*** HOLE CARDS ***
Dealt to Mahu2021 [Js 8h]
WoozyFace: folds 
scottow176: raises $0.20 to $0.30
GenC0629: folds 
Mahu2021: calls $0.30
bungee134: folds 
Ffenstara: folds 
*** FLOP *** [4s 7c Qc]
scottow176: bets $0.36
Mahu2021: calls $0.36
*** TURN *** [4s 7c Qc] [Jh]
scottow176: checks 
Mahu2021: bets $1.40
scottow176: folds 
Uncalled bet ($1.40) returned to Mahu2021
Mahu2021 collected $1.40 from pot
Mahu2021: doesn't show hand 
*** SUMMARY ***
Total pot $1.47 | Rake $0.07 
Board [4s 7c Qc Jh]
Seat 1: Mahu2021 (button) collected ($1.40)
Seat 2: bungee134 (small blind) folded before Flop
Seat 3: Ffenstara (big blind) folded before Flop
Seat 4: WoozyFace folded before Flop (didn't bet)
Seat 5: scottow176 folded on the Turn
Seat 6: GenC0629 folded before Flop (didn't bet)



