PokerStars Zoom Hand #255354351130:  Hold'em No Limit ($0.05/$0.10) - 2025/03/19 12:43:11 CET [2025/03/19 7:43:11 ET]
Table 'Aludra' 6-max Seat #1 is the button
Seat 1: belix89 ($17.13 in chips) 
Seat 2: Yash1ch ($17 in chips) 
Seat 3: Mahu2021 ($10 in chips) 
Seat 4: Tutor41 ($9.71 in chips) 
Seat 5: taypan101 ($10 in chips) 
Seat 6: Cyborg_0113 ($13.18 in chips) 
Yash1ch: posts small blind $0.05
Mahu2021: posts big blind $0.10
*** HOLE CARDS ***
Dealt to Mahu2021 [5d Ah]
Tutor41: raises $0.20 to $0.30
taypan101: folds 
Cyborg_0113: raises $0.60 to $0.90
belix89: folds 
Yash1ch: folds 
Mahu2021: folds 
Tutor41: calls $0.60
*** FLOP *** [Js 9d 3c]
Tutor41: checks 
Cyborg_0113: bets $0.56
Tutor41: folds 
Uncalled bet ($0.56) returned to Cyborg_0113
Cyborg_0113 collected $1.86 from pot
Cyborg_0113: doesn't show hand 
*** SUMMARY ***
Total pot $1.95 | Rake $0.09 
Board [Js 9d 3c]
Seat 1: belix89 (button) folded before Flop (didn't bet)
Seat 2: Yash1ch (small blind) folded before Flop
Seat 3: Mahu2021 (big blind) folded before Flop
Seat 4: Tutor41 folded on the Flop
Seat 5: taypan101 folded before Flop (didn't bet)
Seat 6: Cyborg_0113 collected ($1.86)



PokerStars Zoom Hand #255354352248:  Hold'em No Limit ($0.05/$0.10) - 2025/03/19 12:43:20 CET [2025/03/19 7:43:20 ET]
Table 'Aludra' 6-max Seat #1 is the button
Seat 1: AceWise ($11.99 in chips) 
Seat 2: Mahu2021 ($9.90 in chips) 
Seat 3: mayas009 ($12.97 in chips) 
Seat 4: Bur1k ($5 in chips) 
Seat 5: skc784 ($10.40 in chips) 
Seat 6: suzyispretty ($10.05 in chips) 
Mahu2021: posts small blind $0.05
mayas009: posts big blind $0.10
*** HOLE CARDS ***
Dealt to Mahu2021 [3d Ah]
Bur1k: folds 
skc784: folds 
suzyispretty: folds 
AceWise: raises $0.15 to $0.25
Mahu2021: calls $0.20
mayas009: folds 
*** FLOP *** [8c 6h 8s]
Mahu2021: checks 
AceWise: bets $0.19
Mahu2021: calls $0.19
*** TURN *** [8c 6h 8s] [2d]
Mahu2021: checks 
AceWise: checks 
*** RIVER *** [8c 6h 8s 2d] [2c]
Mahu2021: bets $0.94
AceWise: folds 
Uncalled bet ($0.94) returned to Mahu2021
Mahu2021 collected $0.94 from pot
Mahu2021: doesn't show hand 
*** SUMMARY ***
Total pot $0.98 | Rake $0.04 
Board [8c 6h 8s 2d 2c]
Seat 1: AceWise (button) folded on the River
Seat 2: Mahu2021 (small blind) collected ($0.94)
Seat 3: mayas009 (big blind) folded before Flop
Seat 4: Bur1k folded before Flop (didn't bet)
Seat 5: skc784 folded before Flop (didn't bet)
Seat 6: suzyispretty folded before Flop (didn't bet)



PokerStars Zoom Hand #255354356884:  Hold'em No Limit ($0.05/$0.10) - 2025/03/19 12:43:58 CET [2025/03/19 7:43:58 ET]
Table 'Aludra' 6-max Seat #1 is the button
Seat 1: Mahu2021 ($10.40 in chips) 
Seat 2: Yash1ch ($17.23 in chips) 
Seat 3: Cyborg_0113 ($14.14 in chips) 
Seat 4: AceWise ($11.55 in chips) 
Seat 5: Dré29 ($14.35 in chips) 
Seat 6: Beautie0 ($7.71 in chips) 
Yash1ch: posts small blind $0.05
Cyborg_0113: posts big blind $0.10
*** HOLE CARDS ***
Dealt to Mahu2021 [4s 8s]
AceWise: folds 
Dré29: folds 
Beautie0: folds 
Mahu2021: folds 
Yash1ch: folds 
Uncalled bet ($0.05) returned to Cyborg_0113
Cyborg_0113 collected $0.10 from pot
Cyborg_0113: doesn't show hand 
*** SUMMARY ***
Total pot $0.10 | Rake $0 
Seat 1: Mahu2021 (button) folded before Flop (didn't bet)
Seat 2: Yash1ch (small blind) folded before Flop
Seat 3: Cyborg_0113 (big blind) collected ($0.10)
Seat 4: AceWise folded before Flop (didn't bet)
Seat 5: Dré29 folded before Flop (didn't bet)
Seat 6: Beautie0 folded before Flop (didn't bet)



PokerStars Zoom Hand #255354357395:  Hold'em No Limit ($0.05/$0.10) - 2025/03/19 12:44:02 CET [2025/03/19 7:44:02 ET]
Table 'Aludra' 6-max Seat #1 is the button
Seat 1: Mahu2021 ($10.40 in chips) 
Seat 2: chueko148 ($7.51 in chips) 
Seat 3: Boobslap ($11.71 in chips) 
Seat 4: mayas009 ($13.10 in chips) 
Seat 5: ULEB ($10.32 in chips) 
Seat 6: oocs ($24.90 in chips) 
chueko148: posts small blind $0.05
Boobslap: posts big blind $0.10
*** HOLE CARDS ***
Dealt to Mahu2021 [6s Tc]
mayas009: folds 
ULEB: folds 
oocs: folds 
Mahu2021: folds 
chueko148: folds 
Uncalled bet ($0.05) returned to Boobslap
Boobslap collected $0.10 from pot
Boobslap: doesn't show hand 
*** SUMMARY ***
Total pot $0.10 | Rake $0 
Seat 1: Mahu2021 (button) folded before Flop (didn't bet)
Seat 2: chueko148 (small blind) folded before Flop
Seat 3: Boobslap (big blind) collected ($0.10)
Seat 4: mayas009 folded before Flop (didn't bet)
Seat 5: ULEB folded before Flop (didn't bet)
Seat 6: oocs folded before Flop (didn't bet)



PokerStars Zoom Hand #255354357882:  Hold'em No Limit ($0.05/$0.10) - 2025/03/19 12:44:06 CET [2025/03/19 7:44:06 ET]
Table 'Aludra' 6-max Seat #1 is the button
Seat 1: SPokerenia ($23.09 in chips) 
Seat 2: nDoelAidFme ($10 in chips) 
Seat 3: Dré29 ($11.47 in chips) 
Seat 4: skc784 ($10.25 in chips) 
Seat 5: ULEB ($10.32 in chips) 
Seat 6: Mahu2021 ($10.40 in chips) 
nDoelAidFme: posts small blind $0.05
Dré29: posts big blind $0.10
*** HOLE CARDS ***
Dealt to Mahu2021 [7s 2c]
skc784: folds 
ULEB: folds 
Mahu2021: folds 
SPokerenia: folds 
nDoelAidFme: folds 
Uncalled bet ($0.05) returned to Dré29
Dré29 collected $0.10 from pot
Dré29: doesn't show hand 
*** SUMMARY ***
Total pot $0.10 | Rake $0 
Seat 1: SPokerenia (button) folded before Flop (didn't bet)
Seat 2: nDoelAidFme (small blind) folded before Flop
Seat 3: Dré29 (big blind) collected ($0.10)
Seat 4: skc784 folded before Flop (didn't bet)
Seat 5: ULEB folded before Flop (didn't bet)
Seat 6: Mahu2021 folded before Flop (didn't bet)



PokerStars Zoom Hand #255354358263:  Hold'em No Limit ($0.05/$0.10) - 2025/03/19 12:44:09 CET [2025/03/19 7:44:09 ET]
Table 'Aludra' 6-max Seat #1 is the button
Seat 1: Lim 2589 ($10 in chips) 
Seat 2: TUMAN-1122 ($17.10 in chips) 
Seat 3: Beautie0 ($7.71 in chips) 
Seat 4: Mahu2021 ($10.40 in chips) 
Seat 5: pokeripuikko ($14.46 in chips) 
Seat 6: taypan101 ($10 in chips) 
TUMAN-1122: posts small blind $0.05
Beautie0: posts big blind $0.10
*** HOLE CARDS ***
Dealt to Mahu2021 [6c 4h]
Mahu2021: folds 
pokeripuikko: folds 
taypan101: folds 
Lim 2589: raises $0.15 to $0.25
TUMAN-1122: folds 
Beautie0: calls $0.15
*** FLOP *** [Ad Kc Jd]
Beautie0: checks 
Lim 2589: checks 
*** TURN *** [Ad Kc Jd] [9d]
Beautie0: checks 
Lim 2589: checks 
*** RIVER *** [Ad Kc Jd 9d] [3c]
Beautie0: checks 
Lim 2589: checks 
*** SHOW DOWN ***
Beautie0: shows [7s Js] (a pair of Jacks)
Lim 2589: shows [Ks 5s] (a pair of Kings)
Lim 2589 collected $0.53 from pot
*** SUMMARY ***
Total pot $0.55 | Rake $0.02 
Board [Ad Kc Jd 9d 3c]
Seat 1: Lim 2589 (button) showed [Ks 5s] and won ($0.53) with a pair of Kings
Seat 2: TUMAN-1122 (small blind) folded before Flop
Seat 3: Beautie0 (big blind) showed [7s Js] and lost with a pair of Jacks
Seat 4: Mahu2021 folded before Flop (didn't bet)
Seat 5: pokeripuikko folded before Flop (didn't bet)
Seat 6: taypan101 folded before Flop (didn't bet)



PokerStars Zoom Hand #255354358581:  Hold'em No Limit ($0.05/$0.10) - 2025/03/19 12:44:12 CET [2025/03/19 7:44:12 ET]
Table 'Aludra' 6-max Seat #1 is the button
Seat 1: skc784 ($23.66 in chips) 
Seat 2: Tutor41 ($8.71 in chips) 
Seat 3: mayas009 ($13.10 in chips) 
Seat 4: Yash1ch ($17.18 in chips) 
Seat 5: Mahu2021 ($10.40 in chips) 
Seat 6: stiffmaster4 ($9.29 in chips) 
Tutor41: posts small blind $0.05
mayas009: posts big blind $0.10
*** HOLE CARDS ***
Dealt to Mahu2021 [Kc Js]
Yash1ch: folds 
Mahu2021: folds 
stiffmaster4: folds 
skc784: raises $0.15 to $0.25
Tutor41: calls $0.20
mayas009: calls $0.15
*** FLOP *** [2d 4d Ks]
Tutor41: checks 
mayas009: checks 
skc784: bets $0.54
Tutor41: calls $0.54
mayas009: calls $0.54
*** TURN *** [2d 4d Ks] [3s]
Tutor41: checks 
mayas009: checks 
skc784: checks 
*** RIVER *** [2d 4d Ks 3s] [4h]
Tutor41: checks 
mayas009: checks 
skc784: checks 
*** SHOW DOWN ***
Tutor41: shows [4c 4s] (four of a kind, Fours)
mayas009: mucks hand 
skc784: mucks hand 
Tutor41 collected $2.26 from pot
*** SUMMARY ***
Total pot $2.37 | Rake $0.11 
Board [2d 4d Ks 3s 4h]
Seat 1: skc784 (button) mucked [8h Ac]
Seat 2: Tutor41 (small blind) showed [4c 4s] and won ($2.26) with four of a kind, Fours
Seat 3: mayas009 (big blind) mucked [6d 5d]
Seat 4: Yash1ch folded before Flop (didn't bet)
Seat 5: Mahu2021 folded before Flop (didn't bet)
Seat 6: stiffmaster4 folded before Flop (didn't bet)



PokerStars Zoom Hand #255354359055:  Hold'em No Limit ($0.05/$0.10) - 2025/03/19 12:44:16 CET [2025/03/19 7:44:16 ET]
Table 'Aludra' 6-max Seat #1 is the button
Seat 1: skc784 ($10.20 in chips) 
Seat 2: nDoelAidFme ($10.15 in chips) 
Seat 3: Mahu2021 ($10.40 in chips) 
Seat 4: taypan101 ($10 in chips) 
Seat 5: Yash1ch ($17.18 in chips) 
Seat 6: pokeripuikko ($14.46 in chips) 
nDoelAidFme: posts small blind $0.05
Mahu2021: posts big blind $0.10
*** HOLE CARDS ***
Dealt to Mahu2021 [4d 4h]
taypan101: folds 
Yash1ch: folds 
pokeripuikko: folds 
skc784: folds 
nDoelAidFme: raises $0.20 to $0.30
Mahu2021: calls $0.20
*** FLOP *** [5h 7d Qs]
nDoelAidFme: bets $0.17
Mahu2021: calls $0.17
*** TURN *** [5h 7d Qs] [9c]
nDoelAidFme: checks 
Mahu2021: checks 
*** RIVER *** [5h 7d Qs 9c] [5s]
nDoelAidFme: bets $1.80
Mahu2021: folds 
Uncalled bet ($1.80) returned to nDoelAidFme
nDoelAidFme collected $0.90 from pot
nDoelAidFme: doesn't show hand 
*** SUMMARY ***
Total pot $0.94 | Rake $0.04 
Board [5h 7d Qs 9c 5s]
Seat 1: skc784 (button) folded before Flop (didn't bet)
Seat 2: nDoelAidFme (small blind) collected ($0.90)
Seat 3: Mahu2021 (big blind) folded on the River
Seat 4: taypan101 folded before Flop (didn't bet)
Seat 5: Yash1ch folded before Flop (didn't bet)
Seat 6: pokeripuikko folded before Flop (didn't bet)



PokerStars Zoom Hand #255354364891:  Hold'em No Limit ($0.05/$0.10) - 2025/03/19 12:45:02 CET [2025/03/19 7:45:02 ET]
Table 'Aludra' 6-max Seat #1 is the button
Seat 1: Yash1ch ($17.08 in chips) 
Seat 2: Mahu2021 ($9.93 in chips) 
Seat 3: Lim 2589 ($10.57 in chips) 
Seat 4: oocs ($21.20 in chips) 
Seat 5: skc784 ($16.46 in chips) 
Seat 6: belix89 ($18.77 in chips) 
Mahu2021: posts small blind $0.05
Lim 2589: posts big blind $0.10
*** HOLE CARDS ***
Dealt to Mahu2021 [2c Qh]
oocs: folds 
skc784: folds 
belix89: folds 
Yash1ch: folds 
Mahu2021: folds 
Uncalled bet ($0.05) returned to Lim 2589
Lim 2589 collected $0.10 from pot
Lim 2589: doesn't show hand 
*** SUMMARY ***
Total pot $0.10 | Rake $0 
Seat 1: Yash1ch (button) folded before Flop (didn't bet)
Seat 2: Mahu2021 (small blind) folded before Flop
Seat 3: Lim 2589 (big blind) collected ($0.10)
Seat 4: oocs folded before Flop (didn't bet)
Seat 5: skc784 folded before Flop (didn't bet)
Seat 6: belix89 folded before Flop (didn't bet)



PokerStars Zoom Hand #255354365387:  Hold'em No Limit ($0.05/$0.10) - 2025/03/19 12:45:06 CET [2025/03/19 7:45:06 ET]
Table 'Aludra' 6-max Seat #1 is the button
Seat 1: Yash1ch ($21.53 in chips) 
Seat 2: stiffmaster4 ($8.19 in chips) 
Seat 3: harleythamarlin ($10.99 in chips) 
Seat 4: luckyviale ($9.58 in chips) 
Seat 5: Mahu2021 ($9.88 in chips) 
Seat 6: skc784 ($16.46 in chips) 
stiffmaster4: posts small blind $0.05
harleythamarlin: posts big blind $0.10
*** HOLE CARDS ***
Dealt to Mahu2021 [Qh 3d]
luckyviale: folds 
Mahu2021: folds 
skc784: folds 
Yash1ch: raises $0.10 to $0.20
stiffmaster4: folds 
harleythamarlin: folds 
Uncalled bet ($0.10) returned to Yash1ch
Yash1ch collected $0.25 from pot
Yash1ch: doesn't show hand 
*** SUMMARY ***
Total pot $0.25 | Rake $0 
Seat 1: Yash1ch (button) collected ($0.25)
Seat 2: stiffmaster4 (small blind) folded before Flop
Seat 3: harleythamarlin (big blind) folded before Flop
Seat 4: luckyviale folded before Flop (didn't bet)
Seat 5: Mahu2021 folded before Flop (didn't bet)
Seat 6: skc784 folded before Flop (didn't bet)



PokerStars Zoom Hand #255354368154:  Hold'em No Limit ($0.05/$0.10) - 2025/03/19 12:45:28 CET [2025/03/19 7:45:28 ET]
Table 'Aludra' 6-max Seat #1 is the button
Seat 1: oocs ($21.05 in chips) 
Seat 2: Dré29 ($10 in chips) 
Seat 3: belix89 ($18.77 in chips) 
Seat 4: Mahu2021 ($9.64 in chips) 
Seat 5: Cyborg_0113 ($19.49 in chips) 
Seat 6: Woowi1993 ($13.22 in chips) 
Dré29: posts small blind $0.05
belix89: posts big blind $0.10
*** HOLE CARDS ***
Dealt to Mahu2021 [Ac 8d]
Mahu2021: folds 
Cyborg_0113: folds 
Woowi1993: folds 
oocs: folds 
Dré29: folds 
Uncalled bet ($0.05) returned to belix89
belix89 collected $0.10 from pot
belix89: doesn't show hand 
*** SUMMARY ***
Total pot $0.10 | Rake $0 
Seat 1: oocs (button) folded before Flop (didn't bet)
Seat 2: Dré29 (small blind) folded before Flop
Seat 3: belix89 (big blind) collected ($0.10)
Seat 4: Mahu2021 folded before Flop (didn't bet)
Seat 5: Cyborg_0113 folded before Flop (didn't bet)
Seat 6: Woowi1993 folded before Flop (didn't bet)



PokerStars Zoom Hand #255354368472:  Hold'em No Limit ($0.05/$0.10) - 2025/03/19 12:45:31 CET [2025/03/19 7:45:31 ET]
Table 'Aludra' 6-max Seat #1 is the button
Seat 1: stiffmaster4 ($8.29 in chips) 
Seat 2: oocs ($11.36 in chips) 
Seat 3: Mahu2021 ($9.64 in chips) 
Seat 4: nordrel ($8.69 in chips) 
Seat 5: pokeripuikko ($11.52 in chips) 
Seat 6: Bur1k ($5 in chips) 
oocs: posts small blind $0.05
Mahu2021: posts big blind $0.10
*** HOLE CARDS ***
Dealt to Mahu2021 [Ad Ac]
nordrel: folds 
pokeripuikko: folds 
Bur1k: folds 
stiffmaster4: calls $0.10
oocs: folds 
Mahu2021: raises $1 to $1.10
stiffmaster4: calls $1
*** FLOP *** [Kc 2h Jc]
Mahu2021: bets $8.54 and is all-in
stiffmaster4: folds 
Uncalled bet ($8.54) returned to Mahu2021
Mahu2021 collected $2.15 from pot
Mahu2021: doesn't show hand 
*** SUMMARY ***
Total pot $2.25 | Rake $0.10 
Board [Kc 2h Jc]
Seat 1: stiffmaster4 (button) folded on the Flop
Seat 2: oocs (small blind) folded before Flop
Seat 3: Mahu2021 (big blind) collected ($2.15)
Seat 4: nordrel folded before Flop (didn't bet)
Seat 5: pokeripuikko folded before Flop (didn't bet)
Seat 6: Bur1k folded before Flop (didn't bet)



PokerStars Zoom Hand #255354371055:  Hold'em No Limit ($0.05/$0.10) - 2025/03/19 12:45:52 CET [2025/03/19 7:45:52 ET]
Table 'Aludra' 6-max Seat #1 is the button
Seat 1: skc784 ($16.77 in chips) 
Seat 2: Mahu2021 ($10.69 in chips) 
Seat 3: oocs ($21.28 in chips) 
Seat 4: SPokerenia ($22.65 in chips) 
Seat 5: vezunchik312 ($14.33 in chips) 
Seat 6: pokeripuikko ($11.42 in chips) 
Mahu2021: posts small blind $0.05
oocs: posts big blind $0.10
*** HOLE CARDS ***
Dealt to Mahu2021 [9h 2s]
SPokerenia: folds 
vezunchik312: folds 
pokeripuikko: folds 
skc784: folds 
Mahu2021: folds 
Uncalled bet ($0.05) returned to oocs
oocs collected $0.10 from pot
oocs: doesn't show hand 
*** SUMMARY ***
Total pot $0.10 | Rake $0 
Seat 1: skc784 (button) folded before Flop (didn't bet)
Seat 2: Mahu2021 (small blind) folded before Flop
Seat 3: oocs (big blind) collected ($0.10)
Seat 4: SPokerenia folded before Flop (didn't bet)
Seat 5: vezunchik312 folded before Flop (didn't bet)
Seat 6: pokeripuikko folded before Flop (didn't bet)



PokerStars Zoom Hand #255354366022:  Hold'em No Limit ($0.05/$0.10) - 2025/03/19 12:45:11 CET [2025/03/19 7:45:11 ET]
Table 'Aludra' 6-max Seat #1 is the button
Seat 1: bafane01 ($7.99 in chips) 
Seat 2: skc784 ($16.46 in chips) 
Seat 3: Beautie0 ($7.36 in chips) 
Seat 4: oocs ($11.46 in chips) 
Seat 5: belix89 ($18.77 in chips) 
Seat 6: Mahu2021 ($9.88 in chips) 
skc784: posts small blind $0.05
Beautie0: posts big blind $0.10
*** HOLE CARDS ***
Dealt to Mahu2021 [5h 6h]
oocs: folds 
belix89: folds 
Mahu2021: raises $0.14 to $0.24
bafane01: calls $0.24
skc784: folds 
Beautie0: raises $0.97 to $1.21
Mahu2021: folds 
bafane01: calls $0.97
*** FLOP *** [7d Ad 9c]
Beautie0: bets $1.13
bafane01: calls $1.13
*** TURN *** [7d Ad 9c] [9s]
Beautie0: checks 
bafane01: checks 
*** RIVER *** [7d Ad 9c 9s] [Th]
Beautie0: checks 
bafane01: bets $2.38
Beautie0: calls $2.38
*** SHOW DOWN ***
bafane01: shows [Ts Ah] (two pair, Aces and Tens)
Beautie0: mucks hand 
bafane01 collected $9.29 from pot
*** SUMMARY ***
Total pot $9.73 | Rake $0.44 
Board [7d Ad 9c 9s Th]
Seat 1: bafane01 (button) showed [Ts Ah] and won ($9.29) with two pair, Aces and Tens
Seat 2: skc784 (small blind) folded before Flop
Seat 3: Beautie0 (big blind) mucked [Qs Qh]
Seat 4: oocs folded before Flop (didn't bet)
Seat 5: belix89 folded before Flop (didn't bet)
Seat 6: Mahu2021 folded before Flop



PokerStars Zoom Hand #255354371871:  Hold'em No Limit ($0.05/$0.10) - 2025/03/19 12:45:59 CET [2025/03/19 7:45:59 ET]
Table 'Aludra' 6-max Seat #1 is the button
Seat 1: Boobslap ($7.27 in chips) 
Seat 2: ULEB ($11.81 in chips) 
Seat 3: Bur1k ($5.39 in chips) 
Seat 4: nDoelAidFme ($12.20 in chips) 
Seat 5: Mahu2021 ($10.64 in chips) 
Seat 6: AceWise ($10.63 in chips) 
ULEB: posts small blind $0.05
Bur1k: posts big blind $0.10
*** HOLE CARDS ***
Dealt to Mahu2021 [7s 6s]
nDoelAidFme: folds 
Mahu2021: raises $0.14 to $0.24
AceWise: folds 
Boobslap: folds 
ULEB: calls $0.19
Bur1k: folds 
*** FLOP *** [4h Kd 9h]
ULEB: bets $0.28
Mahu2021: folds 
Uncalled bet ($0.28) returned to ULEB
ULEB collected $0.55 from pot
ULEB: doesn't show hand 
*** SUMMARY ***
Total pot $0.58 | Rake $0.03 
Board [4h Kd 9h]
Seat 1: Boobslap (button) folded before Flop (didn't bet)
Seat 2: ULEB (small blind) collected ($0.55)
Seat 3: Bur1k (big blind) folded before Flop
Seat 4: nDoelAidFme folded before Flop (didn't bet)
Seat 5: Mahu2021 folded on the Flop
Seat 6: AceWise folded before Flop (didn't bet)



PokerStars Zoom Hand #255354375431:  Hold'em No Limit ($0.05/$0.10) - 2025/03/19 12:46:27 CET [2025/03/19 7:46:27 ET]
Table 'Aludra' 6-max Seat #1 is the button
Seat 1: Mahu2021 ($10.40 in chips) 
Seat 2: nordrel ($9.76 in chips) 
Seat 3: Coops777789 ($9.26 in chips) 
Seat 4: pam150986 ($24.89 in chips) 
Seat 5: Boobslap ($7.32 in chips) 
Seat 6: harleythamarlin ($10.79 in chips) 
nordrel: posts small blind $0.05
Coops777789: posts big blind $0.10
*** HOLE CARDS ***
Dealt to Mahu2021 [Ts Ac]
pam150986: folds 
Boobslap: folds 
harleythamarlin: folds 
Mahu2021: raises $0.20 to $0.30
nordrel: folds 
Coops777789: folds 
Uncalled bet ($0.20) returned to Mahu2021
Mahu2021 collected $0.25 from pot
Mahu2021: doesn't show hand 
*** SUMMARY ***
Total pot $0.25 | Rake $0 
Seat 1: Mahu2021 (button) collected ($0.25)
Seat 2: nordrel (small blind) folded before Flop
Seat 3: Coops777789 (big blind) folded before Flop
Seat 4: pam150986 folded before Flop (didn't bet)
Seat 5: Boobslap folded before Flop (didn't bet)
Seat 6: harleythamarlin folded before Flop (didn't bet)



PokerStars Zoom Hand #255354377058:  Hold'em No Limit ($0.05/$0.10) - 2025/03/19 12:46:41 CET [2025/03/19 7:46:41 ET]
Table 'Aludra' 6-max Seat #1 is the button
Seat 1: Mahu2021 ($10.55 in chips) 
Seat 2: Coops777789 ($9.16 in chips) 
Seat 3: ChrisFi0410 ($5 in chips) 
Seat 4: mayas009 ($11.91 in chips) 
Seat 5: Rickyrihari ($24.40 in chips) 
Seat 6: pam150986 ($24.84 in chips) 
Coops777789: posts small blind $0.05
ChrisFi0410: posts big blind $0.10
*** HOLE CARDS ***
Dealt to Mahu2021 [5d 6c]
mayas009: folds 
Rickyrihari: folds 
pam150986: folds 
Mahu2021: folds 
Coops777789: folds 
Uncalled bet ($0.05) returned to ChrisFi0410
ChrisFi0410 collected $0.10 from pot
ChrisFi0410: doesn't show hand 
*** SUMMARY ***
Total pot $0.10 | Rake $0 
Seat 1: Mahu2021 (button) folded before Flop (didn't bet)
Seat 2: Coops777789 (small blind) folded before Flop
Seat 3: ChrisFi0410 (big blind) collected ($0.10)
Seat 4: mayas009 folded before Flop (didn't bet)
Seat 5: Rickyrihari folded before Flop (didn't bet)
Seat 6: pam150986 folded before Flop (didn't bet)



PokerStars Zoom Hand #255354377577:  Hold'em No Limit ($0.05/$0.10) - 2025/03/19 12:46:45 CET [2025/03/19 7:46:45 ET]
Table 'Aludra' 6-max Seat #1 is the button
Seat 1: suzyispretty ($10 in chips) 
Seat 2: Mahu2021 ($10.55 in chips) 
Seat 3: Beautie0 ($2.59 in chips) 
Seat 4: pokeripuikko ($18.64 in chips) 
Seat 5: pam150986 ($24.84 in chips) 
Seat 6: taypan101 ($10 in chips) 
Mahu2021: posts small blind $0.05
Beautie0: posts big blind $0.10
*** HOLE CARDS ***
Dealt to Mahu2021 [Kd 8c]
pokeripuikko: folds 
pam150986: folds 
taypan101: folds 
suzyispretty: folds 
Mahu2021: folds 
Uncalled bet ($0.05) returned to Beautie0
Beautie0 collected $0.10 from pot
Beautie0: doesn't show hand 
*** SUMMARY ***
Total pot $0.10 | Rake $0 
Seat 1: suzyispretty (button) folded before Flop (didn't bet)
Seat 2: Mahu2021 (small blind) folded before Flop
Seat 3: Beautie0 (big blind) collected ($0.10)
Seat 4: pokeripuikko folded before Flop (didn't bet)
Seat 5: pam150986 folded before Flop (didn't bet)
Seat 6: taypan101 folded before Flop (didn't bet)



PokerStars Zoom Hand #255354376580:  Hold'em No Limit ($0.05/$0.10) - 2025/03/19 12:46:37 CET [2025/03/19 7:46:37 ET]
Table 'Aludra' 6-max Seat #1 is the button
Seat 1: pam150986 ($24.84 in chips) 
Seat 2: nDoelAidFme ($10 in chips) 
Seat 3: AceWise ($11.47 in chips) 
Seat 4: Cyborg_0113 ($25.08 in chips) 
Seat 5: mayas009 ($11.91 in chips) 
Seat 6: Mahu2021 ($10.55 in chips) 
nDoelAidFme: posts small blind $0.05
AceWise: posts big blind $0.10
*** HOLE CARDS ***
Dealt to Mahu2021 [8c Qc]
Cyborg_0113: folds 
mayas009: folds 
Mahu2021: folds 
pam150986: folds 
nDoelAidFme: raises $0.20 to $0.30
AceWise: folds 
Uncalled bet ($0.20) returned to nDoelAidFme
nDoelAidFme collected $0.20 from pot
nDoelAidFme: doesn't show hand 
*** SUMMARY ***
Total pot $0.20 | Rake $0 
Seat 1: pam150986 (button) folded before Flop (didn't bet)
Seat 2: nDoelAidFme (small blind) collected ($0.20)
Seat 3: AceWise (big blind) folded before Flop
Seat 4: Cyborg_0113 folded before Flop (didn't bet)
Seat 5: mayas009 folded before Flop (didn't bet)
Seat 6: Mahu2021 folded before Flop (didn't bet)



PokerStars Zoom Hand #255354377882:  Hold'em No Limit ($0.05/$0.10) - 2025/03/19 12:46:47 CET [2025/03/19 7:46:47 ET]
Table 'Aludra' 6-max Seat #1 is the button
Seat 1: oocs ($23.09 in chips) 
Seat 2: AceWise ($10.48 in chips) 
Seat 3: bamboocha171 ($32.94 in chips) 
Seat 4: Mahu2021 ($10.50 in chips) 
Seat 5: taypan101 ($10 in chips) 
Seat 6: pokeripuikko ($18.64 in chips) 
AceWise: posts small blind $0.05
bamboocha171: posts big blind $0.10
*** HOLE CARDS ***
Dealt to Mahu2021 [Ad Qd]
Mahu2021: raises $0.14 to $0.24
taypan101: folds 
pokeripuikko: folds 
oocs: folds 
AceWise: folds 
bamboocha171: calls $0.14
*** FLOP *** [7d Qs 8c]
bamboocha171: checks 
Mahu2021: bets $0.30
bamboocha171: calls $0.30
*** TURN *** [7d Qs 8c] [2d]
bamboocha171: checks 
Mahu2021: bets $0.30
bamboocha171: folds 
Uncalled bet ($0.30) returned to Mahu2021
Mahu2021 collected $1.08 from pot
Mahu2021: doesn't show hand 
*** SUMMARY ***
Total pot $1.13 | Rake $0.05 
Board [7d Qs 8c 2d]
Seat 1: oocs (button) folded before Flop (didn't bet)
Seat 2: AceWise (small blind) folded before Flop
Seat 3: bamboocha171 (big blind) folded on the Turn
Seat 4: Mahu2021 collected ($1.08)
Seat 5: taypan101 folded before Flop (didn't bet)
Seat 6: pokeripuikko folded before Flop (didn't bet)



PokerStars Zoom Hand #255354380833:  Hold'em No Limit ($0.05/$0.10) - 2025/03/19 12:47:11 CET [2025/03/19 7:47:11 ET]
Table 'Aludra' 6-max Seat #1 is the button
Seat 1: Yash1ch ($21.63 in chips) 
Seat 2: skc784 ($18.67 in chips) 
Seat 3: Mahu2021 ($11.04 in chips) 
Seat 4: mlange ($7.35 in chips) 
Seat 5: Dré29 ($13.22 in chips) 
Seat 6: mayas009 ($11.91 in chips) 
skc784: posts small blind $0.05
Mahu2021: posts big blind $0.10
*** HOLE CARDS ***
Dealt to Mahu2021 [5h Kh]
mlange: folds 
Dré29: raises $0.10 to $0.20
mayas009: folds 
Yash1ch: folds 
skc784: folds 
Mahu2021: calls $0.10
*** FLOP *** [8c 4d Ad]
Mahu2021: checks 
Dré29: bets $0.11
Mahu2021: folds 
Uncalled bet ($0.11) returned to Dré29
Dré29 collected $0.43 from pot
Dré29: doesn't show hand 
*** SUMMARY ***
Total pot $0.45 | Rake $0.02 
Board [8c 4d Ad]
Seat 1: Yash1ch (button) folded before Flop (didn't bet)
Seat 2: skc784 (small blind) folded before Flop
Seat 3: Mahu2021 (big blind) folded on the Flop
Seat 4: mlange folded before Flop (didn't bet)
Seat 5: Dré29 collected ($0.43)
Seat 6: mayas009 folded before Flop (didn't bet)



PokerStars Zoom Hand #255354384867:  Hold'em No Limit ($0.05/$0.10) - 2025/03/19 12:47:44 CET [2025/03/19 7:47:44 ET]
Table 'Aludra' 6-max Seat #1 is the button
Seat 1: cheddarman24 ($10.75 in chips) 
Seat 2: pokeripuikko ($18.82 in chips) 
Seat 3: skc784 ($22.89 in chips) 
Seat 4: AceWise ($11.22 in chips) 
Seat 5: Mahu2021 ($10.84 in chips) 
Seat 6: zfaq10 ($16.88 in chips) 
pokeripuikko: posts small blind $0.05
skc784: posts big blind $0.10
*** HOLE CARDS ***
Dealt to Mahu2021 [5d Kc]
AceWise: folds 
Mahu2021: folds 
zfaq10: folds 
cheddarman24: raises $0.15 to $0.25
pokeripuikko: folds 
skc784: folds 
Uncalled bet ($0.15) returned to cheddarman24
cheddarman24 collected $0.25 from pot
cheddarman24: doesn't show hand 
*** SUMMARY ***
Total pot $0.25 | Rake $0 
Seat 1: cheddarman24 (button) collected ($0.25)
Seat 2: pokeripuikko (small blind) folded before Flop
Seat 3: skc784 (big blind) folded before Flop
Seat 4: AceWise folded before Flop (didn't bet)
Seat 5: Mahu2021 folded before Flop (didn't bet)
Seat 6: zfaq10 folded before Flop (didn't bet)



PokerStars Zoom Hand #255354385243:  Hold'em No Limit ($0.05/$0.10) - 2025/03/19 12:47:47 CET [2025/03/19 7:47:47 ET]
Table 'Aludra' 6-max Seat #1 is the button
Seat 1: chueko148 ($6.93 in chips) 
Seat 2: Mahu2021 ($10.84 in chips) 
Seat 3: AceWise ($11.22 in chips) 
Seat 4: Dré29 ($13.45 in chips) 
Seat 5: Lim 2589 ($13.72 in chips) 
Seat 6: oocs ($22.13 in chips) 
Mahu2021: posts small blind $0.05
AceWise: posts big blind $0.10
*** HOLE CARDS ***
Dealt to Mahu2021 [6s 2s]
Dré29: folds 
Lim 2589: folds 
oocs: folds 
chueko148: folds 
Mahu2021: folds 
Uncalled bet ($0.05) returned to AceWise
AceWise collected $0.10 from pot
AceWise: doesn't show hand 
*** SUMMARY ***
Total pot $0.10 | Rake $0 
Seat 1: chueko148 (button) folded before Flop (didn't bet)
Seat 2: Mahu2021 (small blind) folded before Flop
Seat 3: AceWise (big blind) collected ($0.10)
Seat 4: Dré29 folded before Flop (didn't bet)
Seat 5: Lim 2589 folded before Flop (didn't bet)
Seat 6: oocs folded before Flop (didn't bet)



PokerStars Zoom Hand #255354384373:  Hold'em No Limit ($0.05/$0.10) - 2025/03/19 12:47:40 CET [2025/03/19 7:47:40 ET]
Table 'Aludra' 6-max Seat #1 is the button
Seat 1: unclebur ($5.11 in chips) 
Seat 2: belix89 ($18.12 in chips) 
Seat 3: TUMAN-1122 ($14.84 in chips) 
Seat 4: zfaq10 ($16.88 in chips) 
Seat 5: stiffmaster4 ($12.54 in chips) 
Seat 6: Mahu2021 ($10.84 in chips) 
belix89: posts small blind $0.05
TUMAN-1122: posts big blind $0.10
*** HOLE CARDS ***
Dealt to Mahu2021 [2d 4d]
zfaq10: folds 
stiffmaster4: raises $0.10 to $0.20
Mahu2021: folds 
unclebur: raises $0.10 to $0.30
belix89: folds 
TUMAN-1122: folds 
stiffmaster4: calls $0.10
*** FLOP *** [Ah 6d Ks]
stiffmaster4: checks 
unclebur: bets $0.36
stiffmaster4: folds 
Uncalled bet ($0.36) returned to unclebur
unclebur collected $0.72 from pot
unclebur: doesn't show hand 
*** SUMMARY ***
Total pot $0.75 | Rake $0.03 
Board [Ah 6d Ks]
Seat 1: unclebur (button) collected ($0.72)
Seat 2: belix89 (small blind) folded before Flop
Seat 3: TUMAN-1122 (big blind) folded before Flop
Seat 4: zfaq10 folded before Flop (didn't bet)
Seat 5: stiffmaster4 folded on the Flop
Seat 6: Mahu2021 folded before Flop (didn't bet)



PokerStars Zoom Hand #255354386339:  Hold'em No Limit ($0.05/$0.10) - 2025/03/19 12:47:56 CET [2025/03/19 7:47:56 ET]
Table 'Aludra' 6-max Seat #1 is the button
Seat 1: mayas009 ($11.08 in chips) 
Seat 2: skc784 ($10.55 in chips) 
Seat 3: Mahu2021 ($10.79 in chips) 
Seat 4: Bunny8883 ($12.34 in chips) 
Seat 5: oocs ($21.87 in chips) 
Seat 6: cheddarman24 ($10.90 in chips) 
skc784: posts small blind $0.05
Mahu2021: posts big blind $0.10
*** HOLE CARDS ***
Dealt to Mahu2021 [6c 6d]
Bunny8883: folds 
oocs: folds 
cheddarman24: folds 
mayas009: raises $0.20 to $0.30
skc784: folds 
Mahu2021: calls $0.20
*** FLOP *** [3d Qs 9c]
Mahu2021: checks 
mayas009: bets $0.20
Mahu2021: calls $0.20
*** TURN *** [3d Qs 9c] [Jc]
Mahu2021: checks 
mayas009: bets $1
Mahu2021: folds 
Uncalled bet ($1) returned to mayas009
mayas009 collected $1 from pot
mayas009: doesn't show hand 
*** SUMMARY ***
Total pot $1.05 | Rake $0.05 
Board [3d Qs 9c Jc]
Seat 1: mayas009 (button) collected ($1)
Seat 2: skc784 (small blind) folded before Flop
Seat 3: Mahu2021 (big blind) folded on the Turn
Seat 4: Bunny8883 folded before Flop (didn't bet)
Seat 5: oocs folded before Flop (didn't bet)
Seat 6: cheddarman24 folded before Flop (didn't bet)



PokerStars Zoom Hand #255354383606:  Hold'em No Limit ($0.05/$0.10) - 2025/03/19 12:47:34 CET [2025/03/19 7:47:34 ET]
Table 'Aludra' 6-max Seat #1 is the button
Seat 1: zzzz502 ($10.44 in chips) 
Seat 2: oocs ($20.98 in chips) 
Seat 3: skc784 ($18.62 in chips) 
Seat 4: suzyispretty ($10.23 in chips) 
Seat 5: Mahu2021 ($10.84 in chips) 
Seat 6: taypan101 ($10 in chips) 
oocs: posts small blind $0.05
skc784: posts big blind $0.10
*** HOLE CARDS ***
Dealt to Mahu2021 [3s 7s]
suzyispretty: raises $0.10 to $0.20
Mahu2021: folds 
taypan101: raises $0.10 to $0.30
zzzz502: calls $0.30
oocs: folds 
skc784: folds 
suzyispretty: calls $0.10
*** FLOP *** [7c Ts 5s]
suzyispretty: checks 
taypan101: checks 
zzzz502: checks 
*** TURN *** [7c Ts 5s] [2d]
suzyispretty: checks 
taypan101: checks 
zzzz502: checks 
*** RIVER *** [7c Ts 5s 2d] [6s]
suzyispretty: checks 
taypan101: checks 
zzzz502: checks 
*** SHOW DOWN ***
suzyispretty: shows [Ad Qc] (high card Ace)
taypan101: shows [Ah Qh] (high card Ace)
zzzz502: shows [5h 3d] (a pair of Fives)
zzzz502 collected $1 from pot
*** SUMMARY ***
Total pot $1.05 | Rake $0.05 
Board [7c Ts 5s 2d 6s]
Seat 1: zzzz502 (button) showed [5h 3d] and won ($1) with a pair of Fives
Seat 2: oocs (small blind) folded before Flop
Seat 3: skc784 (big blind) folded before Flop
Seat 4: suzyispretty showed [Ad Qc] and lost with high card Ace
Seat 5: Mahu2021 folded before Flop (didn't bet)
Seat 6: taypan101 showed [Ah Qh] and lost with high card Ace



PokerStars Zoom Hand #255354390064:  Hold'em No Limit ($0.05/$0.10) - 2025/03/19 12:48:26 CET [2025/03/19 7:48:26 ET]
Table 'Aludra' 6-max Seat #1 is the button
Seat 1: Mahu2021 ($10.29 in chips) 
Seat 2: mayas009 ($11.58 in chips) 
Seat 3: AceWise ($10.97 in chips) 
Seat 4: TUMAN-1122 ($14.74 in chips) 
Seat 5: taka736 ($12.11 in chips) 
Seat 6: Nemelex ($10.16 in chips) 
mayas009: posts small blind $0.05
AceWise: posts big blind $0.10
*** HOLE CARDS ***
Dealt to Mahu2021 [Qc 8h]
TUMAN-1122: folds 
taka736: folds 
Nemelex: raises $0.25 to $0.35
Mahu2021: folds 
mayas009: folds 
AceWise: folds 
Uncalled bet ($0.25) returned to Nemelex
Nemelex collected $0.25 from pot
Nemelex: doesn't show hand 
*** SUMMARY ***
Total pot $0.25 | Rake $0 
Seat 1: Mahu2021 (button) folded before Flop (didn't bet)
Seat 2: mayas009 (small blind) folded before Flop
Seat 3: AceWise (big blind) folded before Flop
Seat 4: TUMAN-1122 folded before Flop (didn't bet)
Seat 5: taka736 folded before Flop (didn't bet)
Seat 6: Nemelex collected ($0.25)



PokerStars Zoom Hand #255354392241:  Hold'em No Limit ($0.05/$0.10) - 2025/03/19 12:48:44 CET [2025/03/19 7:48:44 ET]
Table 'Aludra' 6-max Seat #1 is the button
Seat 1: skc784 ($10.50 in chips) 
Seat 2: Lim 2589 ($10.50 in chips) 
Seat 3: taka736 ($12.11 in chips) 
Seat 4: Dré29 ($11.60 in chips) 
Seat 5: pokeripuikko ($18.62 in chips) 
Seat 6: Mahu2021 ($10.29 in chips) 
Lim 2589: posts small blind $0.05
taka736: posts big blind $0.10
*** HOLE CARDS ***
Dealt to Mahu2021 [9c 8s]
Dré29: folds 
pokeripuikko: folds 
Mahu2021: folds 
skc784: folds 
Lim 2589: folds 
Uncalled bet ($0.05) returned to taka736
taka736 collected $0.10 from pot
taka736: doesn't show hand 
*** SUMMARY ***
Total pot $0.10 | Rake $0 
Seat 1: skc784 (button) folded before Flop (didn't bet)
Seat 2: Lim 2589 (small blind) folded before Flop
Seat 3: taka736 (big blind) collected ($0.10)
Seat 4: Dré29 folded before Flop (didn't bet)
Seat 5: pokeripuikko folded before Flop (didn't bet)
Seat 6: Mahu2021 folded before Flop (didn't bet)



PokerStars Zoom Hand #255354391503:  Hold'em No Limit ($0.05/$0.10) - 2025/03/19 12:48:38 CET [2025/03/19 7:48:38 ET]
Table 'Aludra' 6-max Seat #1 is the button
Seat 1: taka736 ($12.11 in chips) 
Seat 2: mlange ($7.34 in chips) 
Seat 3: Woowi1993 ($9 in chips) 
Seat 4: Mahu2021 ($10.29 in chips) 
Seat 5: chueko148 ($6.78 in chips) 
Seat 6: Dré29 ($11.60 in chips) 
mlange: posts small blind $0.05
Woowi1993: posts big blind $0.10
*** HOLE CARDS ***
Dealt to Mahu2021 [Kd 7h]
Mahu2021: folds 
chueko148: raises $0.25 to $0.35
Dré29: folds 
taka736: folds 
mlange: folds 
Woowi1993: calls $0.25
*** FLOP *** [3s 6d 5d]
Woowi1993: checks 
chueko148: bets $0.72
Woowi1993: folds 
Uncalled bet ($0.72) returned to chueko148
chueko148 collected $0.72 from pot
chueko148: doesn't show hand 
*** SUMMARY ***
Total pot $0.75 | Rake $0.03 
Board [3s 6d 5d]
Seat 1: taka736 (button) folded before Flop (didn't bet)
Seat 2: mlange (small blind) folded before Flop
Seat 3: Woowi1993 (big blind) folded on the Flop
Seat 4: Mahu2021 folded before Flop (didn't bet)
Seat 5: chueko148 collected ($0.72)
Seat 6: Dré29 folded before Flop (didn't bet)



PokerStars Zoom Hand #255354389443:  Hold'em No Limit ($0.05/$0.10) - 2025/03/19 12:48:21 CET [2025/03/19 7:48:21 ET]
Table 'Aludra' 6-max Seat #1 is the button
Seat 1: Dré29 ($13.45 in chips) 
Seat 2: ChrisFi0410 ($7.43 in chips) 
Seat 3: pokeripuikko ($15.78 in chips) 
Seat 4: skc784 ($22.89 in chips) 
Seat 5: Lim 2589 ($10.45 in chips) 
Seat 6: Mahu2021 ($10.29 in chips) 
ChrisFi0410: posts small blind $0.05
pokeripuikko: posts big blind $0.10
*** HOLE CARDS ***
Dealt to Mahu2021 [5s Jh]
skc784: folds 
Lim 2589: folds 
Mahu2021: folds 
Dré29: raises $0.15 to $0.25
ChrisFi0410: folds 
pokeripuikko: calls $0.15
*** FLOP *** [8s 8d 5c]
pokeripuikko: checks 
Dré29: checks 
*** TURN *** [8s 8d 5c] [Jc]
pokeripuikko: checks 
Dré29: bets $0.21
pokeripuikko: calls $0.21
*** RIVER *** [8s 8d 5c Jc] [Js]
pokeripuikko: bets $0.63
Dré29: folds 
Uncalled bet ($0.63) returned to pokeripuikko
pokeripuikko collected $0.93 from pot
pokeripuikko: doesn't show hand 
*** SUMMARY ***
Total pot $0.97 | Rake $0.04 
Board [8s 8d 5c Jc Js]
Seat 1: Dré29 (button) folded on the River
Seat 2: ChrisFi0410 (small blind) folded before Flop
Seat 3: pokeripuikko (big blind) collected ($0.93)
Seat 4: skc784 folded before Flop (didn't bet)
Seat 5: Lim 2589 folded before Flop (didn't bet)
Seat 6: Mahu2021 folded before Flop (didn't bet)



PokerStars Zoom Hand #255354392733:  Hold'em No Limit ($0.05/$0.10) - 2025/03/19 12:48:48 CET [2025/03/19 7:48:48 ET]
Table 'Aludra' 6-max Seat #1 is the button
Seat 1: pokeripuikko ($18.62 in chips) 
Seat 2: Dré29 ($11.60 in chips) 
Seat 3: Mahu2021 ($10.29 in chips) 
Seat 4: Beautie0 ($3.50 in chips) 
Seat 5: Vov4ik-Vab ($8.09 in chips) 
Seat 6: oocs ($11.82 in chips) 
Dré29: posts small blind $0.05
Mahu2021: posts big blind $0.10
*** HOLE CARDS ***
Dealt to Mahu2021 [Td 9h]
Beautie0: raises $0.19 to $0.29
Vov4ik-Vab: folds 
oocs: folds 
pokeripuikko: folds 
Dré29: folds 
Mahu2021: calls $0.19
*** FLOP *** [3d 6c Tc]
Mahu2021: bets $0.60
Beautie0: folds 
Uncalled bet ($0.60) returned to Mahu2021
Mahu2021 collected $0.60 from pot
Mahu2021: doesn't show hand 
*** SUMMARY ***
Total pot $0.63 | Rake $0.03 
Board [3d 6c Tc]
Seat 1: pokeripuikko (button) folded before Flop (didn't bet)
Seat 2: Dré29 (small blind) folded before Flop
Seat 3: Mahu2021 (big blind) collected ($0.60)
Seat 4: Beautie0 folded on the Flop
Seat 5: Vov4ik-Vab folded before Flop (didn't bet)
Seat 6: oocs folded before Flop (didn't bet)



PokerStars Zoom Hand #255354397426:  Hold'em No Limit ($0.05/$0.10) - 2025/03/19 12:49:25 CET [2025/03/19 7:49:25 ET]
Table 'Aludra' 6-max Seat #1 is the button
Seat 1: Cyborg_0113 ($18.81 in chips) 
Seat 2: skc784 ($16.34 in chips) 
Seat 3: suzyispretty ($14.61 in chips) 
Seat 4: mmaryjane_79 ($10 in chips) 
Seat 5: Mahu2021 ($10.50 in chips) 
Seat 6: pam150986 ($21.57 in chips) 
skc784: posts small blind $0.05
suzyispretty: posts big blind $0.10
*** HOLE CARDS ***
Dealt to Mahu2021 [7d 6h]
mmaryjane_79: folds 
Mahu2021: folds 
pam150986: folds 
Cyborg_0113: folds 
skc784: folds 
Uncalled bet ($0.05) returned to suzyispretty
suzyispretty collected $0.10 from pot
suzyispretty: doesn't show hand 
*** SUMMARY ***
Total pot $0.10 | Rake $0 
Seat 1: Cyborg_0113 (button) folded before Flop (didn't bet)
Seat 2: skc784 (small blind) folded before Flop
Seat 3: suzyispretty (big blind) collected ($0.10)
Seat 4: mmaryjane_79 folded before Flop (didn't bet)
Seat 5: Mahu2021 folded before Flop (didn't bet)
Seat 6: pam150986 folded before Flop (didn't bet)



PokerStars Zoom Hand #255354396772:  Hold'em No Limit ($0.05/$0.10) - 2025/03/19 12:49:20 CET [2025/03/19 7:49:20 ET]
Table 'Aludra' 6-max Seat #1 is the button
Seat 1: Mahu2021 ($10.50 in chips) 
Seat 2: kiks220272 ($10 in chips) 
Seat 3: Dré29 ($10 in chips) 
Seat 4: nordrel ($12 in chips) 
Seat 5: skc784 ($22.74 in chips) 
Seat 6: DonkyKong51 ($2.55 in chips) 
kiks220272: posts small blind $0.05
Dré29: posts big blind $0.10
*** HOLE CARDS ***
Dealt to Mahu2021 [7h 3c]
nordrel: folds 
skc784: folds 
DonkyKong51: raises $0.10 to $0.20
Mahu2021: folds 
kiks220272: folds 
Dré29: folds 
Uncalled bet ($0.10) returned to DonkyKong51
DonkyKong51 collected $0.25 from pot
DonkyKong51: doesn't show hand 
*** SUMMARY ***
Total pot $0.25 | Rake $0 
Seat 1: Mahu2021 (button) folded before Flop (didn't bet)
Seat 2: kiks220272 (small blind) folded before Flop
Seat 3: Dré29 (big blind) folded before Flop
Seat 4: nordrel folded before Flop (didn't bet)
Seat 5: skc784 folded before Flop (didn't bet)
Seat 6: DonkyKong51 collected ($0.25)



PokerStars Zoom Hand #255354397946:  Hold'em No Limit ($0.05/$0.10) - 2025/03/19 12:49:29 CET [2025/03/19 7:49:29 ET]
Table 'Aludra' 6-max Seat #1 is the button
Seat 1: Mahu2021 ($10.50 in chips) 
Seat 2: nordrel ($12 in chips) 
Seat 3: chueko148 ($7.10 in chips) 
Seat 4: belix89 ($28.20 in chips) 
Seat 5: luckyviale ($14.67 in chips) 
Seat 6: TUMAN-1122 ($14.34 in chips) 
nordrel: posts small blind $0.05
chueko148: posts big blind $0.10
*** HOLE CARDS ***
Dealt to Mahu2021 [6c 9s]
belix89: folds 
luckyviale: raises $0.10 to $0.20
TUMAN-1122: folds 
Mahu2021: folds 
nordrel: folds 
chueko148: folds 
Uncalled bet ($0.10) returned to luckyviale
luckyviale collected $0.25 from pot
luckyviale: doesn't show hand 
*** SUMMARY ***
Total pot $0.25 | Rake $0 
Seat 1: Mahu2021 (button) folded before Flop (didn't bet)
Seat 2: nordrel (small blind) folded before Flop
Seat 3: chueko148 (big blind) folded before Flop
Seat 4: belix89 folded before Flop (didn't bet)
Seat 5: luckyviale collected ($0.25)
Seat 6: TUMAN-1122 folded before Flop (didn't bet)



PokerStars Zoom Hand #255354396320:  Hold'em No Limit ($0.05/$0.10) - 2025/03/19 12:49:16 CET [2025/03/19 7:49:16 ET]
Table 'Aludra' 6-max Seat #1 is the button
Seat 1: taypan101 ($10 in chips) 
Seat 2: Mahu2021 ($10.55 in chips) 
Seat 3: Coops777789 ($8.40 in chips) 
Seat 4: bamboocha171 ($32.71 in chips) 
Seat 5: nDoelAidFme ($11 in chips) 
Seat 6: Lim 2589 ($13.73 in chips) 
Mahu2021: posts small blind $0.05
Coops777789: posts big blind $0.10
*** HOLE CARDS ***
Dealt to Mahu2021 [9c 2c]
bamboocha171: raises $0.20 to $0.30
nDoelAidFme: folds 
Lim 2589: folds 
taypan101: calls $0.30
Mahu2021: folds 
Coops777789: folds 
*** FLOP *** [9d 2d 5h]
bamboocha171: bets $0.76
taypan101: folds 
Uncalled bet ($0.76) returned to bamboocha171
bamboocha171 collected $0.71 from pot
bamboocha171: doesn't show hand 
*** SUMMARY ***
Total pot $0.75 | Rake $0.04 
Board [9d 2d 5h]
Seat 1: taypan101 (button) folded on the Flop
Seat 2: Mahu2021 (small blind) folded before Flop
Seat 3: Coops777789 (big blind) folded before Flop
Seat 4: bamboocha171 collected ($0.71)
Seat 5: nDoelAidFme folded before Flop (didn't bet)
Seat 6: Lim 2589 folded before Flop (didn't bet)



PokerStars Zoom Hand #255354399329:  Hold'em No Limit ($0.05/$0.10) - 2025/03/19 12:49:40 CET [2025/03/19 7:49:40 ET]
Table 'Aludra' 6-max Seat #1 is the button
Seat 1: Rickyrihari ($26.71 in chips) 
Seat 2: Boobslap ($12.30 in chips) 
Seat 3: oocs ($21.72 in chips) 
Seat 4: DonkyKong51 ($2.70 in chips) 
Seat 5: Mahu2021 ($10.50 in chips) 
Seat 6: kiks220272 ($10 in chips) 
Boobslap: posts small blind $0.05
oocs: posts big blind $0.10
*** HOLE CARDS ***
Dealt to Mahu2021 [Ah 3c]
DonkyKong51: folds 
Mahu2021: folds 
kiks220272: folds 
Rickyrihari: raises $0.10 to $0.20
Boobslap: folds 
oocs: folds 
Uncalled bet ($0.10) returned to Rickyrihari
Rickyrihari collected $0.25 from pot
Rickyrihari: doesn't show hand 
*** SUMMARY ***
Total pot $0.25 | Rake $0 
Seat 1: Rickyrihari (button) collected ($0.25)
Seat 2: Boobslap (small blind) folded before Flop
Seat 3: oocs (big blind) folded before Flop
Seat 4: DonkyKong51 folded before Flop (didn't bet)
Seat 5: Mahu2021 folded before Flop (didn't bet)
Seat 6: kiks220272 folded before Flop (didn't bet)



PokerStars Zoom Hand #255354399811:  Hold'em No Limit ($0.05/$0.10) - 2025/03/19 12:49:44 CET [2025/03/19 7:49:44 ET]
Table 'Aludra' 6-max Seat #1 is the button
Seat 1: DonkyKong51 ($2.70 in chips) 
Seat 2: MrFibstar ($12.75 in chips) 
Seat 3: Mahu2021 ($10.50 in chips) 
Seat 4: oocs ($21.42 in chips) 
Seat 5: luckyviale ($14.82 in chips) 
Seat 6: Dré29 ($10 in chips) 
MrFibstar: posts small blind $0.05
Mahu2021: posts big blind $0.10
*** HOLE CARDS ***
Dealt to Mahu2021 [3h 4h]
oocs: raises $0.15 to $0.25
luckyviale: folds 
Dré29: folds 
DonkyKong51: raises $2.45 to $2.70 and is all-in
MrFibstar: folds 
Mahu2021: folds 
oocs: calls $2.45
*** FLOP *** [8c 7d Kd]
*** TURN *** [8c 7d Kd] [8d]
*** RIVER *** [8c 7d Kd 8d] [Js]
*** SHOW DOWN ***
oocs: shows [Ah Ks] (two pair, Kings and Eights)
DonkyKong51: shows [Ad Qc] (a pair of Eights)
oocs collected $5.30 from pot
*** SUMMARY ***
Total pot $5.55 | Rake $0.25 
Board [8c 7d Kd 8d Js]
Seat 1: DonkyKong51 (button) showed [Ad Qc] and lost with a pair of Eights
Seat 2: MrFibstar (small blind) folded before Flop
Seat 3: Mahu2021 (big blind) folded before Flop
Seat 4: oocs showed [Ah Ks] and won ($5.30) with two pair, Kings and Eights
Seat 5: luckyviale folded before Flop (didn't bet)
Seat 6: Dré29 folded before Flop (didn't bet)



PokerStars Zoom Hand #255354390917:  Hold'em No Limit ($0.05/$0.10) - 2025/03/19 12:48:33 CET [2025/03/19 7:48:33 ET]
Table 'Aludra' 6-max Seat #1 is the button
Seat 1: BigBloef ($3.43 in chips) 
Seat 2: cheddarman24 ($11.10 in chips) 
Seat 3: Lim 2589 ($10 in chips) 
Seat 4: Mahu2021 ($10.29 in chips) 
Seat 5: Dré29 ($10 in chips) 
Seat 6: skc784 ($22.89 in chips) 
cheddarman24: posts small blind $0.05
Lim 2589: posts big blind $0.10
*** HOLE CARDS ***
Dealt to Mahu2021 [Ts 4c]
Mahu2021: folds 
Dré29: folds 
skc784: folds 
BigBloef: calls $0.10
cheddarman24: raises $0.30 to $0.40
Lim 2589: calls $0.30
BigBloef: calls $0.30
*** FLOP *** [5s 8h 6d]
cheddarman24: checks 
Lim 2589: checks 
BigBloef: bets $0.10
cheddarman24: calls $0.10
Lim 2589: raises $0.90 to $1
BigBloef: folds 
cheddarman24: folds 
Uncalled bet ($0.90) returned to Lim 2589
Lim 2589 collected $1.43 from pot
Lim 2589: doesn't show hand 
*** SUMMARY ***
Total pot $1.50 | Rake $0.07 
Board [5s 8h 6d]
Seat 1: BigBloef (button) folded on the Flop
Seat 2: cheddarman24 (small blind) folded on the Flop
Seat 3: Lim 2589 (big blind) collected ($1.43)
Seat 4: Mahu2021 folded before Flop (didn't bet)
Seat 5: Dré29 folded before Flop (didn't bet)
Seat 6: skc784 folded before Flop (didn't bet)



PokerStars Zoom Hand #255354401903:  Hold'em No Limit ($0.05/$0.10) - 2025/03/19 12:50:01 CET [2025/03/19 7:50:01 ET]
Table 'Aludra' 6-max Seat #1 is the button
Seat 1: Lim 2589 ($13.63 in chips) 
Seat 2: Nemelex ($10.71 in chips) 
Seat 3: Coops777789 ($8.72 in chips) 
Seat 4: Mahu2021 ($10.40 in chips) 
Seat 5: Bunny8883 ($11.64 in chips) 
Seat 6: 0aklay ($9.90 in chips) 
Nemelex: posts small blind $0.05
Coops777789: posts big blind $0.10
*** HOLE CARDS ***
Dealt to Mahu2021 [Ac 7c]
Mahu2021: raises $0.14 to $0.24
Bunny8883: folds 
0aklay: folds 
Lim 2589: folds 
Nemelex: folds 
Coops777789: folds 
Uncalled bet ($0.14) returned to Mahu2021
Mahu2021 collected $0.25 from pot
Mahu2021: doesn't show hand 
*** SUMMARY ***
Total pot $0.25 | Rake $0 
Seat 1: Lim 2589 (button) folded before Flop (didn't bet)
Seat 2: Nemelex (small blind) folded before Flop
Seat 3: Coops777789 (big blind) folded before Flop
Seat 4: Mahu2021 collected ($0.25)
Seat 5: Bunny8883 folded before Flop (didn't bet)
Seat 6: 0aklay folded before Flop (didn't bet)



PokerStars Zoom Hand #255354398805:  Hold'em No Limit ($0.05/$0.10) - 2025/03/19 12:49:36 CET [2025/03/19 7:49:36 ET]
Table 'Aludra' 6-max Seat #1 is the button
Seat 1: nDoelAidFme ($10.35 in chips) 
Seat 2: pokeripuikko ($17.18 in chips) 
Seat 3: nordrel ($9.85 in chips) 
Seat 4: belix89 ($28.20 in chips) 
Seat 5: DonkyKong51 ($2.70 in chips) 
Seat 6: Mahu2021 ($10.50 in chips) 
pokeripuikko: posts small blind $0.05
nordrel: posts big blind $0.10
*** HOLE CARDS ***
Dealt to Mahu2021 [5c Qc]
belix89: folds 
DonkyKong51: folds 
Mahu2021: folds 
nDoelAidFme: raises $0.14 to $0.24
pokeripuikko: folds 
nordrel: calls $0.14
*** FLOP *** [7c Kc As]
nordrel: checks 
nDoelAidFme: checks 
*** TURN *** [7c Kc As] [9h]
nordrel: bets $0.13
nDoelAidFme: raises $0.39 to $0.52
nordrel: calls $0.39
*** RIVER *** [7c Kc As 9h] [Jh]
nordrel: checks 
nDoelAidFme: bets $2.25
nordrel: calls $2.25
*** SHOW DOWN ***
nDoelAidFme: shows [Tc 8d] (a straight, Seven to Jack)
nordrel: mucks hand 
nDoelAidFme collected $5.80 from pot
*** SUMMARY ***
Total pot $6.07 | Rake $0.27 
Board [7c Kc As 9h Jh]
Seat 1: nDoelAidFme (button) showed [Tc 8d] and won ($5.80) with a straight, Seven to Jack
Seat 2: pokeripuikko (small blind) folded before Flop
Seat 3: nordrel (big blind) mucked [9s Ah]
Seat 4: belix89 folded before Flop (didn't bet)
Seat 5: DonkyKong51 folded before Flop (didn't bet)
Seat 6: Mahu2021 folded before Flop (didn't bet)



PokerStars Zoom Hand #255354405076:  Hold'em No Limit ($0.05/$0.10) - 2025/03/19 12:50:27 CET [2025/03/19 7:50:27 ET]
Table 'Aludra' 6-max Seat #1 is the button
Seat 1: oocs ($21.10 in chips) 
Seat 2: suzyispretty ($11.09 in chips) 
Seat 3: Mahu2021 ($10.55 in chips) 
Seat 4: AceWise ($12.38 in chips) 
Seat 5: Coops777789 ($8.57 in chips) 
Seat 6: mayas009 ($10.08 in chips) 
suzyispretty: posts small blind $0.05
Mahu2021: posts big blind $0.10
*** HOLE CARDS ***
Dealt to Mahu2021 [4h Jc]
AceWise: folds 
Coops777789: folds 
mayas009: folds 
oocs: folds 
suzyispretty: raises $0.20 to $0.30
Mahu2021: folds 
Uncalled bet ($0.20) returned to suzyispretty
suzyispretty collected $0.20 from pot
suzyispretty: doesn't show hand 
*** SUMMARY ***
Total pot $0.20 | Rake $0 
Seat 1: oocs (button) folded before Flop (didn't bet)
Seat 2: suzyispretty (small blind) collected ($0.20)
Seat 3: Mahu2021 (big blind) folded before Flop
Seat 4: AceWise folded before Flop (didn't bet)
Seat 5: Coops777789 folded before Flop (didn't bet)
Seat 6: mayas009 folded before Flop (didn't bet)



PokerStars Zoom Hand #255354406261:  Hold'em No Limit ($0.05/$0.10) - 2025/03/19 12:50:37 CET [2025/03/19 7:50:37 ET]
Table 'Aludra' 6-max Seat #1 is the button
Seat 1: belix89 ($19.33 in chips) 
Seat 2: Mahu2021 ($10.45 in chips) 
Seat 3: Lim 2589 ($14.33 in chips) 
Seat 4: parna8 ($6.59 in chips) 
Seat 5: TUMAN-1122 ($14.34 in chips) 
Seat 6: oocs ($11.42 in chips) 
Mahu2021: posts small blind $0.05
Lim 2589: posts big blind $0.10
*** HOLE CARDS ***
Dealt to Mahu2021 [3s 4d]
parna8: folds 
TUMAN-1122: folds 
oocs: folds 
belix89: folds 
Mahu2021: folds 
Uncalled bet ($0.05) returned to Lim 2589
Lim 2589 collected $0.10 from pot
Lim 2589: doesn't show hand 
*** SUMMARY ***
Total pot $0.10 | Rake $0 
Seat 1: belix89 (button) folded before Flop (didn't bet)
Seat 2: Mahu2021 (small blind) folded before Flop
Seat 3: Lim 2589 (big blind) collected ($0.10)
Seat 4: parna8 folded before Flop (didn't bet)
Seat 5: TUMAN-1122 folded before Flop (didn't bet)
Seat 6: oocs folded before Flop (didn't bet)



PokerStars Zoom Hand #255354407669:  Hold'em No Limit ($0.05/$0.10) - 2025/03/19 12:50:48 CET [2025/03/19 7:50:48 ET]
Table 'Aludra' 6-max Seat #1 is the button
Seat 1: Bunny8883 ($11.19 in chips) 
Seat 2: killerita67 ($10.79 in chips) 
Seat 3: Augis29 ($14.55 in chips) 
Seat 4: cheddarman24 ($13.73 in chips) 
Seat 5: skc784 ($20.06 in chips) 
Seat 6: Mahu2021 ($10.40 in chips) 
killerita67: posts small blind $0.05
Augis29: posts big blind $0.10
*** HOLE CARDS ***
Dealt to Mahu2021 [8c Th]
cheddarman24: folds 
skc784: folds 
Mahu2021: folds 
Bunny8883: raises $0.20 to $0.30
killerita67: folds 
Augis29: folds 
Uncalled bet ($0.20) returned to Bunny8883
Bunny8883 collected $0.25 from pot
Bunny8883: doesn't show hand 
*** SUMMARY ***
Total pot $0.25 | Rake $0 
Seat 1: Bunny8883 (button) collected ($0.25)
Seat 2: killerita67 (small blind) folded before Flop
Seat 3: Augis29 (big blind) folded before Flop
Seat 4: cheddarman24 folded before Flop (didn't bet)
Seat 5: skc784 folded before Flop (didn't bet)
Seat 6: Mahu2021 folded before Flop (didn't bet)



PokerStars Zoom Hand #255354406776:  Hold'em No Limit ($0.05/$0.10) - 2025/03/19 12:50:41 CET [2025/03/19 7:50:41 ET]
Table 'Aludra' 6-max Seat #1 is the button
Seat 1: Mahu2021 ($10.40 in chips) 
Seat 2: oocs ($11.42 in chips) 
Seat 3: nicholas kenny ($15.78 in chips) 
Seat 4: pokeripuikko ($12.12 in chips) 
Seat 5: suzyispretty ($11.19 in chips) 
Seat 6: skc784 ($20.06 in chips) 
oocs: posts small blind $0.05
nicholas kenny: posts big blind $0.10
*** HOLE CARDS ***
Dealt to Mahu2021 [6d 2d]
pokeripuikko: folds 
suzyispretty: folds 
skc784: folds 
Mahu2021: folds 
oocs: raises $0.20 to $0.30
nicholas kenny: calls $0.20
*** FLOP *** [2h Ac 2s]
oocs: bets $0.17
nicholas kenny: calls $0.17
*** TURN *** [2h Ac 2s] [3s]
oocs: checks 
nicholas kenny: checks 
*** RIVER *** [2h Ac 2s 3s] [6s]
oocs: checks 
nicholas kenny: checks 
*** SHOW DOWN ***
oocs: shows [As 4c] (two pair, Aces and Deuces)
nicholas kenny: mucks hand 
oocs collected $0.90 from pot
*** SUMMARY ***
Total pot $0.94 | Rake $0.04 
Board [2h Ac 2s 3s 6s]
Seat 1: Mahu2021 (button) folded before Flop (didn't bet)
Seat 2: oocs (small blind) showed [As 4c] and won ($0.90) with two pair, Aces and Deuces
Seat 3: nicholas kenny (big blind) mucked [Js Kd]
Seat 4: pokeripuikko folded before Flop (didn't bet)
Seat 5: suzyispretty folded before Flop (didn't bet)
Seat 6: skc784 folded before Flop (didn't bet)



PokerStars Zoom Hand #255354395605:  Hold'em No Limit ($0.05/$0.10) - 2025/03/19 12:49:11 CET [2025/03/19 7:49:11 ET]
Table 'Aludra' 6-max Seat #1 is the button
Seat 1: belix89 ($28.05 in chips) 
Seat 2: Mahu2021 ($10.60 in chips) 
Seat 3: Cyborg_0113 ($25.45 in chips) 
Seat 4: DonkyKong51 ($2.60 in chips) 
Seat 5: harleythamarlin ($10 in chips) 
Seat 6: AceWise ($11.10 in chips) 
Mahu2021: posts small blind $0.05
Cyborg_0113: posts big blind $0.10
*** HOLE CARDS ***
Dealt to Mahu2021 [Jc 3s]
DonkyKong51: folds 
harleythamarlin: raises $0.12 to $0.22
AceWise: folds 
belix89: folds 
Mahu2021: folds 
Cyborg_0113: calls $0.12
*** FLOP *** [5d 5s Ad]
Cyborg_0113: checks 
harleythamarlin: bets $0.61
Cyborg_0113: calls $0.61
*** TURN *** [5d 5s Ad] [6h]
Cyborg_0113: checks 
harleythamarlin: checks 
*** RIVER *** [5d 5s Ad 6h] [6c]
Cyborg_0113: checks 
harleythamarlin: bets $0.82
Cyborg_0113: calls $0.82
*** SHOW DOWN ***
harleythamarlin: shows [Th Jd] (two pair, Sixes and Fives)
Cyborg_0113: shows [Ah Js] (two pair, Aces and Sixes)
Cyborg_0113 collected $3.20 from pot
*** SUMMARY ***
Total pot $3.35 | Rake $0.15 
Board [5d 5s Ad 6h 6c]
Seat 1: belix89 (button) folded before Flop (didn't bet)
Seat 2: Mahu2021 (small blind) folded before Flop
Seat 3: Cyborg_0113 (big blind) showed [Ah Js] and won ($3.20) with two pair, Aces and Sixes
Seat 4: DonkyKong51 folded before Flop (didn't bet)
Seat 5: harleythamarlin showed [Th Jd] and lost with two pair, Sixes and Fives
Seat 6: AceWise folded before Flop (didn't bet)



PokerStars Zoom Hand #255354407249:  Hold'em No Limit ($0.05/$0.10) - 2025/03/19 12:50:45 CET [2025/03/19 7:50:45 ET]
Table 'Aludra' 6-max Seat #1 is the button
Seat 1: skc784 ($20.06 in chips) 
Seat 2: pokeripuikko ($17.72 in chips) 
Seat 3: Coops777789 ($8.52 in chips) 
Seat 4: belix89 ($19.33 in chips) 
Seat 5: Mahu2021 ($10.40 in chips) 
Seat 6: birchlererna ($9.89 in chips) 
pokeripuikko: posts small blind $0.05
Coops777789: posts big blind $0.10
*** HOLE CARDS ***
Dealt to Mahu2021 [6h 8s]
belix89: folds 
Mahu2021: folds 
birchlererna: calls $0.10
skc784: folds 
pokeripuikko: folds 
Coops777789: checks 
*** FLOP *** [8c 9d Ad]
Coops777789: checks 
birchlererna: checks 
*** TURN *** [8c 9d Ad] [Qc]
Coops777789: bets $0.14
birchlererna: calls $0.14
*** RIVER *** [8c 9d Ad Qc] [Ks]
Coops777789: checks 
birchlererna: bets $0.26
Coops777789: folds 
Uncalled bet ($0.26) returned to birchlererna
birchlererna collected $0.51 from pot
birchlererna: doesn't show hand 
*** SUMMARY ***
Total pot $0.53 | Rake $0.02 
Board [8c 9d Ad Qc Ks]
Seat 1: skc784 (button) folded before Flop (didn't bet)
Seat 2: pokeripuikko (small blind) folded before Flop
Seat 3: Coops777789 (big blind) folded on the River
Seat 4: belix89 folded before Flop (didn't bet)
Seat 5: Mahu2021 folded before Flop (didn't bet)
Seat 6: birchlererna collected ($0.51)



PokerStars Zoom Hand #255354401515:  Hold'em No Limit ($0.05/$0.10) - 2025/03/19 12:49:58 CET [2025/03/19 7:49:58 ET]
Table 'Aludra' 6-max Seat #1 is the button
Seat 1: killerita67 ($10.89 in chips) 
Seat 2: skc784 ($16.34 in chips) 
Seat 3: Woowi1993 ($8.16 in chips) 
Seat 4: Mahu2021 ($10.40 in chips) 
Seat 5: MrFibstar ($12.70 in chips) 
Seat 6: stiffmaster4 ($8.06 in chips) 
skc784: posts small blind $0.05
Woowi1993: posts big blind $0.10
*** HOLE CARDS ***
Dealt to Mahu2021 [Js 5h]
Mahu2021: folds 
MrFibstar: raises $0.10 to $0.20
stiffmaster4: calls $0.20
killerita67: folds 
skc784: folds 
Woowi1993: folds 
*** FLOP *** [3d Ad 4s]
MrFibstar: checks 
stiffmaster4: bets $0.35
MrFibstar: calls $0.35
*** TURN *** [3d Ad 4s] [3s]
MrFibstar: checks 
stiffmaster4: bets $0.60
MrFibstar: calls $0.60
*** RIVER *** [3d Ad 4s 3s] [9d]
MrFibstar: checks 
stiffmaster4 has timed out
stiffmaster4: checks 
*** SHOW DOWN ***
MrFibstar: shows [As 4d] (two pair, Aces and Fours)
stiffmaster4: shows [5d 2d] (a flush, Ace high)
stiffmaster4 collected $2.31 from pot
*** SUMMARY ***
Total pot $2.45 | Rake $0.14 
Board [3d Ad 4s 3s 9d]
Seat 1: killerita67 (button) folded before Flop (didn't bet)
Seat 2: skc784 (small blind) folded before Flop
Seat 3: Woowi1993 (big blind) folded before Flop
Seat 4: Mahu2021 folded before Flop (didn't bet)
Seat 5: MrFibstar showed [As 4d] and lost with two pair, Aces and Fours
Seat 6: stiffmaster4 showed [5d 2d] and won ($2.31) with a flush, Ace high



PokerStars Zoom Hand #255354408319:  Hold'em No Limit ($0.05/$0.10) - 2025/03/19 12:50:53 CET [2025/03/19 7:50:53 ET]
Table 'Aludra' 6-max Seat #1 is the button
Seat 1: luckyviale ($14.47 in chips) 
Seat 2: suzyispretty ($14.81 in chips) 
Seat 3: Mahu2021 ($10.40 in chips) 
Seat 4: mayas009 ($9.98 in chips) 
Seat 5: belix89 ($19.33 in chips) 
Seat 6: skc784 ($20.06 in chips) 
suzyispretty: posts small blind $0.05
Mahu2021: posts big blind $0.10
*** HOLE CARDS ***
Dealt to Mahu2021 [As Th]
mayas009: folds 
belix89: folds 
skc784: raises $0.15 to $0.25
luckyviale: folds 
suzyispretty: folds 
Mahu2021: calls $0.15
*** FLOP *** [6d Ad 7s]
Mahu2021: bets $0.30
skc784: raises $0.60 to $0.90
Mahu2021: calls $0.60
*** TURN *** [6d Ad 7s] [Kc]
Mahu2021: bets $0.30
skc784: raises $1.95 to $2.25
Mahu2021: raises $7 to $9.25 and is all-in
skc784: folds 
Uncalled bet ($7) returned to Mahu2021
Mahu2021 collected $6.54 from pot
Mahu2021: doesn't show hand 
*** SUMMARY ***
Total pot $6.85 | Rake $0.31 
Board [6d Ad 7s Kc]
Seat 1: luckyviale (button) folded before Flop (didn't bet)
Seat 2: suzyispretty (small blind) folded before Flop
Seat 3: Mahu2021 (big blind) collected ($6.54)
Seat 4: mayas009 folded before Flop (didn't bet)
Seat 5: belix89 folded before Flop (didn't bet)
Seat 6: skc784 folded on the Turn



PokerStars Zoom Hand #255354413804:  Hold'em No Limit ($0.05/$0.10) - 2025/03/19 12:51:37 CET [2025/03/19 7:51:37 ET]
Table 'Aludra' 6-max Seat #1 is the button
Seat 1: oocs ($24.80 in chips) 
Seat 2: Lim 2589 ($10.93 in chips) 
Seat 3: MrFibstar ($11.55 in chips) 
Seat 4: Dré29 ($20.06 in chips) 
Seat 5: Mahu2021 ($13.49 in chips) 
Seat 6: MarkRegen ($6.59 in chips) 
Lim 2589: posts small blind $0.05
MrFibstar: posts big blind $0.10
*** HOLE CARDS ***
Dealt to Mahu2021 [2d 9c]
Dré29: folds 
Mahu2021: folds 
MarkRegen: folds 
oocs: folds 
Lim 2589: folds 
Uncalled bet ($0.05) returned to MrFibstar
MrFibstar collected $0.10 from pot
MrFibstar: doesn't show hand 
*** SUMMARY ***
Total pot $0.10 | Rake $0 
Seat 1: oocs (button) folded before Flop (didn't bet)
Seat 2: Lim 2589 (small blind) folded before Flop
Seat 3: MrFibstar (big blind) collected ($0.10)
Seat 4: Dré29 folded before Flop (didn't bet)
Seat 5: Mahu2021 folded before Flop (didn't bet)
Seat 6: MarkRegen folded before Flop (didn't bet)



PokerStars Zoom Hand #255354413290:  Hold'em No Limit ($0.05/$0.10) - 2025/03/19 12:51:33 CET [2025/03/19 7:51:33 ET]
Table 'Aludra' 6-max Seat #1 is the button
Seat 1: Cyborg_0113 ($27.10 in chips) 
Seat 2: Mahu2021 ($13.54 in chips) 
Seat 3: AceWise ($11.95 in chips) 
Seat 4: skc784 ($22.19 in chips) 
Seat 5: Dré29 ($17.48 in chips) 
Seat 6: Vov4ik-Vab ($8.59 in chips) 
Mahu2021: posts small blind $0.05
AceWise: posts big blind $0.10
*** HOLE CARDS ***
Dealt to Mahu2021 [6d Th]
skc784: folds 
Dré29: folds 
Vov4ik-Vab: folds 
Cyborg_0113: raises $0.20 to $0.30
Mahu2021: folds 
AceWise: folds 
Uncalled bet ($0.20) returned to Cyborg_0113
Cyborg_0113 collected $0.25 from pot
Cyborg_0113: doesn't show hand 
*** SUMMARY ***
Total pot $0.25 | Rake $0 
Seat 1: Cyborg_0113 (button) collected ($0.25)
Seat 2: Mahu2021 (small blind) folded before Flop
Seat 3: AceWise (big blind) folded before Flop
Seat 4: skc784 folded before Flop (didn't bet)
Seat 5: Dré29 folded before Flop (didn't bet)
Seat 6: Vov4ik-Vab folded before Flop (didn't bet)



PokerStars Zoom Hand #255354414478:  Hold'em No Limit ($0.05/$0.10) - 2025/03/19 12:51:43 CET [2025/03/19 7:51:43 ET]
Table 'Aludra' 6-max Seat #1 is the button
Seat 1: Mahu2021 ($13.49 in chips) 
Seat 2: bamboocha171 ($32.69 in chips) 
Seat 3: Vov4ik-Vab ($8.59 in chips) 
Seat 4: 0aklay ($9.90 in chips) 
Seat 5: pam150986 ($22.95 in chips) 
Seat 6: skc784 ($16.69 in chips) 
bamboocha171: posts small blind $0.05
Vov4ik-Vab: posts big blind $0.10
*** HOLE CARDS ***
Dealt to Mahu2021 [3d 4d]
0aklay: folds 
pam150986: raises $0.15 to $0.25
skc784: folds 
Mahu2021: calls $0.25
bamboocha171: folds 
Vov4ik-Vab: folds 
*** FLOP *** [Jd Qs Tc]
pam150986: bets $0.31
Mahu2021: folds 
Uncalled bet ($0.31) returned to pam150986
pam150986 collected $0.62 from pot
pam150986: doesn't show hand 
*** SUMMARY ***
Total pot $0.65 | Rake $0.03 
Board [Jd Qs Tc]
Seat 1: Mahu2021 (button) folded on the Flop
Seat 2: bamboocha171 (small blind) folded before Flop
Seat 3: Vov4ik-Vab (big blind) folded before Flop
Seat 4: 0aklay folded before Flop (didn't bet)
Seat 5: pam150986 collected ($0.62)
Seat 6: skc784 folded before Flop (didn't bet)



PokerStars Zoom Hand #255354417684:  Hold'em No Limit ($0.05/$0.10) - 2025/03/19 12:52:08 CET [2025/03/19 7:52:08 ET]
Table 'Aludra' 6-max Seat #1 is the button
Seat 1: Cyborg_0113 ($18.66 in chips) 
Seat 2: oocs ($24.70 in chips) 
Seat 3: mlange ($8.08 in chips) 
Seat 4: Rickyrihari ($26.32 in chips) 
Seat 5: harleythamarlin ($10 in chips) 
Seat 6: Mahu2021 ($13.24 in chips) 
oocs: posts small blind $0.05
mlange: posts big blind $0.10
*** HOLE CARDS ***
Dealt to Mahu2021 [9c 3c]
Rickyrihari: raises $0.10 to $0.20
harleythamarlin: folds 
Mahu2021: folds 
Cyborg_0113: folds 
oocs: folds 
mlange: calls $0.10
*** FLOP *** [8h 4s Ks]
mlange: checks 
Rickyrihari: bets $0.20
mlange: folds 
Uncalled bet ($0.20) returned to Rickyrihari
Rickyrihari collected $0.43 from pot
Rickyrihari: doesn't show hand 
*** SUMMARY ***
Total pot $0.45 | Rake $0.02 
Board [8h 4s Ks]
Seat 1: Cyborg_0113 (button) folded before Flop (didn't bet)
Seat 2: oocs (small blind) folded before Flop
Seat 3: mlange (big blind) folded on the Flop
Seat 4: Rickyrihari collected ($0.43)
Seat 5: harleythamarlin folded before Flop (didn't bet)
Seat 6: Mahu2021 folded before Flop (didn't bet)



PokerStars Zoom Hand #255354418378:  Hold'em No Limit ($0.05/$0.10) - 2025/03/19 12:52:14 CET [2025/03/19 7:52:14 ET]
Table 'Aludra' 6-max Seat #1 is the button
Seat 1: pam150986 ($23.32 in chips) 
Seat 2: stiffmaster4 ($8.92 in chips) 
Seat 3: belix89 ($19.28 in chips) 
Seat 4: Bunny8883 ($11.04 in chips) 
Seat 5: Mahu2021 ($13.24 in chips) 
Seat 6: Augis29 ($14.25 in chips) 
stiffmaster4: posts small blind $0.05
belix89: posts big blind $0.10
*** HOLE CARDS ***
Dealt to Mahu2021 [2c Tc]
Bunny8883: folds 
Mahu2021: folds 
Augis29: raises $0.10 to $0.20
pam150986: folds 
stiffmaster4: calls $0.15
belix89: folds 
*** FLOP *** [7h 9s Ts]
stiffmaster4: checks 
Augis29: bets $0.20
stiffmaster4: calls $0.20
*** TURN *** [7h 9s Ts] [Ks]
stiffmaster4: checks 
Augis29: checks 
*** RIVER *** [7h 9s Ts Ks] [Jc]
stiffmaster4: bets $0.57
Augis29: calls $0.57
*** SHOW DOWN ***
stiffmaster4: shows [6s 3s] (a flush, King high)
Augis29: mucks hand 
stiffmaster4 collected $1.93 from pot
*** SUMMARY ***
Total pot $2.04 | Rake $0.11 
Board [7h 9s Ts Ks Jc]
Seat 1: pam150986 (button) folded before Flop (didn't bet)
Seat 2: stiffmaster4 (small blind) showed [6s 3s] and won ($1.93) with a flush, King high
Seat 3: belix89 (big blind) folded before Flop
Seat 4: Bunny8883 folded before Flop (didn't bet)
Seat 5: Mahu2021 folded before Flop (didn't bet)
Seat 6: Augis29 mucked [8d 7d]



PokerStars Zoom Hand #255354418825:  Hold'em No Limit ($0.05/$0.10) - 2025/03/19 12:52:18 CET [2025/03/19 7:52:18 ET]
Table 'Aludra' 6-max Seat #1 is the button
Seat 1: oocs ($21.18 in chips) 
Seat 2: skc784 ($10.05 in chips) 
Seat 3: pam150986 ($23.32 in chips) 
Seat 4: Mahu2021 ($13.24 in chips) 
Seat 5: bamboocha171 ($32.79 in chips) 
Seat 6: stiffmaster4 ($11.37 in chips) 
skc784: posts small blind $0.05
pam150986: posts big blind $0.10
*** HOLE CARDS ***
Dealt to Mahu2021 [4s 9s]
Mahu2021: folds 
bamboocha171: folds 
stiffmaster4: raises $0.10 to $0.20
oocs: folds 
skc784: folds 
pam150986: calls $0.10
*** FLOP *** [6d 4c 6c]
pam150986: checks 
stiffmaster4: checks 
*** TURN *** [6d 4c 6c] [9c]
pam150986: bets $0.22
stiffmaster4: folds 
Uncalled bet ($0.22) returned to pam150986
pam150986 collected $0.43 from pot
pam150986: doesn't show hand 
*** SUMMARY ***
Total pot $0.45 | Rake $0.02 
Board [6d 4c 6c 9c]
Seat 1: oocs (button) folded before Flop (didn't bet)
Seat 2: skc784 (small blind) folded before Flop
Seat 3: pam150986 (big blind) collected ($0.43)
Seat 4: Mahu2021 folded before Flop (didn't bet)
Seat 5: bamboocha171 folded before Flop (didn't bet)
Seat 6: stiffmaster4 folded on the Turn



PokerStars Zoom Hand #255354419443:  Hold'em No Limit ($0.05/$0.10) - 2025/03/19 12:52:22 CET [2025/03/19 7:52:22 ET]
Table 'Aludra' 6-max Seat #1 is the button
Seat 1: MrFibstar ($11.92 in chips) 
Seat 2: parna8 ($8.78 in chips) 
Seat 3: Mahu2021 ($13.24 in chips) 
Seat 4: Woowi1993 ($7.69 in chips) 
Seat 5: emilianosilva ($10.37 in chips) 
Seat 6: skc784 ($10 in chips) 
parna8: posts small blind $0.05
Mahu2021: posts big blind $0.10
*** HOLE CARDS ***
Dealt to Mahu2021 [6h 3h]
Woowi1993: raises $0.15 to $0.25
emilianosilva: raises $0.42 to $0.67
skc784: folds 
MrFibstar: folds 
parna8: folds 
Mahu2021: folds 
Woowi1993: calls $0.42
*** FLOP *** [As Jd Ts]
Woowi1993: checks 
emilianosilva: bets $0.70
Woowi1993: folds 
Uncalled bet ($0.70) returned to emilianosilva
emilianosilva collected $1.42 from pot
emilianosilva: doesn't show hand 
*** SUMMARY ***
Total pot $1.49 | Rake $0.07 
Board [As Jd Ts]
Seat 1: MrFibstar (button) folded before Flop (didn't bet)
Seat 2: parna8 (small blind) folded before Flop
Seat 3: Mahu2021 (big blind) folded before Flop
Seat 4: Woowi1993 folded on the Flop
Seat 5: emilianosilva collected ($1.42)
Seat 6: skc784 folded before Flop (didn't bet)



PokerStars Zoom Hand #255354421289:  Hold'em No Limit ($0.05/$0.10) - 2025/03/19 12:52:37 CET [2025/03/19 7:52:37 ET]
Table 'Aludra' 6-max Seat #1 is the button
Seat 1: MarkRegen ($7.87 in chips) 
Seat 2: Mahu2021 ($13.14 in chips) 
Seat 3: Baddream82 ($10 in chips) 
Seat 4: pokeripuikko ($18.47 in chips) 
Seat 5: Dré29 ($10.14 in chips) 
Seat 6: suzyispretty ($16.18 in chips) 
Mahu2021: posts small blind $0.05
Baddream82: posts big blind $0.10
*** HOLE CARDS ***
Dealt to Mahu2021 [Tc Ad]
pokeripuikko: folds 
Dré29: raises $0.10 to $0.20
suzyispretty: folds 
MarkRegen: folds 
Mahu2021: calls $0.15
Baddream82: calls $0.10
*** FLOP *** [3c Jc 2d]
Mahu2021: checks 
Baddream82: checks 
Dré29: checks 
*** TURN *** [3c Jc 2d] [8d]
Mahu2021: checks 
Baddream82: bets $0.30
Dré29: folds 
Mahu2021: folds 
Uncalled bet ($0.30) returned to Baddream82
Baddream82 collected $0.57 from pot
Baddream82: doesn't show hand 
*** SUMMARY ***
Total pot $0.60 | Rake $0.03 
Board [3c Jc 2d 8d]
Seat 1: MarkRegen (button) folded before Flop (didn't bet)
Seat 2: Mahu2021 (small blind) folded on the Turn
Seat 3: Baddream82 (big blind) collected ($0.57)
Seat 4: pokeripuikko folded before Flop (didn't bet)
Seat 5: Dré29 folded on the Turn
Seat 6: suzyispretty folded before Flop (didn't bet)



PokerStars Zoom Hand #255354427598:  Hold'em No Limit ($0.05/$0.10) - 2025/03/19 12:53:28 CET [2025/03/19 7:53:28 ET]
Table 'Aludra' 6-max Seat #1 is the button
Seat 1: Baddream82 ($10.32 in chips) 
Seat 2: belix89 ($19.03 in chips) 
Seat 3: ChrisFi0410 ($10.32 in chips) 
Seat 4: Mahu2021 ($12.94 in chips) 
Seat 5: MarkRegen ($7.57 in chips) 
Seat 6: pokeripuikko ($18.12 in chips) 
belix89: posts small blind $0.05
ChrisFi0410: posts big blind $0.10
*** HOLE CARDS ***
Dealt to Mahu2021 [Jd Qc]
Mahu2021: folds 
MarkRegen: folds 
pokeripuikko: folds 
Baddream82: folds 
belix89: folds 
Uncalled bet ($0.05) returned to ChrisFi0410
ChrisFi0410 collected $0.10 from pot
ChrisFi0410: doesn't show hand 
*** SUMMARY ***
Total pot $0.10 | Rake $0 
Seat 1: Baddream82 (button) folded before Flop (didn't bet)
Seat 2: belix89 (small blind) folded before Flop
Seat 3: ChrisFi0410 (big blind) collected ($0.10)
Seat 4: Mahu2021 folded before Flop (didn't bet)
Seat 5: MarkRegen folded before Flop (didn't bet)
Seat 6: pokeripuikko folded before Flop (didn't bet)



PokerStars Zoom Hand #255354427101:  Hold'em No Limit ($0.05/$0.10) - 2025/03/19 12:53:24 CET [2025/03/19 7:53:24 ET]
Table 'Aludra' 6-max Seat #1 is the button
Seat 1: belix89 ($27.67 in chips) 
Seat 2: mayas009 ($10.08 in chips) 
Seat 3: stiffmaster4 ($10.63 in chips) 
Seat 4: pokeripuikko ($18.12 in chips) 
Seat 5: MarkRegen ($7.57 in chips) 
Seat 6: Mahu2021 ($12.94 in chips) 
mayas009: posts small blind $0.05
stiffmaster4: posts big blind $0.10
*** HOLE CARDS ***
Dealt to Mahu2021 [4c 7c]
pokeripuikko: folds 
MarkRegen: folds 
Mahu2021: folds 
belix89: folds 
mayas009: raises $0.10 to $0.20
stiffmaster4: calls $0.10
*** FLOP *** [Qh Ac Kd]
mayas009: checks 
stiffmaster4: bets $0.25
mayas009: folds 
Uncalled bet ($0.25) returned to stiffmaster4
stiffmaster4 collected $0.38 from pot
stiffmaster4: doesn't show hand 
*** SUMMARY ***
Total pot $0.40 | Rake $0.02 
Board [Qh Ac Kd]
Seat 1: belix89 (button) folded before Flop (didn't bet)
Seat 2: mayas009 (small blind) folded on the Flop
Seat 3: stiffmaster4 (big blind) collected ($0.38)
Seat 4: pokeripuikko folded before Flop (didn't bet)
Seat 5: MarkRegen folded before Flop (didn't bet)
Seat 6: Mahu2021 folded before Flop (didn't bet)



PokerStars Zoom Hand #255354429403:  Hold'em No Limit ($0.05/$0.10) - 2025/03/19 12:53:42 CET [2025/03/19 7:53:42 ET]
Table 'Aludra' 6-max Seat #1 is the button
Seat 1: pam150986 ($23.35 in chips) 
Seat 2: Lim 2589 ($14.37 in chips) 
Seat 3: Mahu2021 ($12.89 in chips) 
Seat 4: Nemelex ($7.95 in chips) 
Seat 5: stiffmaster4 ($10.81 in chips) 
Seat 6: mayas009 ($9.88 in chips) 
Lim 2589: posts small blind $0.05
Mahu2021: posts big blind $0.10
*** HOLE CARDS ***
Dealt to Mahu2021 [9s Kd]
Nemelex: raises $0.25 to $0.35
stiffmaster4: folds 
mayas009: folds 
pam150986: folds 
Lim 2589: folds 
Mahu2021: folds 
Uncalled bet ($0.25) returned to Nemelex
Nemelex collected $0.25 from pot
Nemelex: doesn't show hand 
*** SUMMARY ***
Total pot $0.25 | Rake $0 
Seat 1: pam150986 (button) folded before Flop (didn't bet)
Seat 2: Lim 2589 (small blind) folded before Flop
Seat 3: Mahu2021 (big blind) folded before Flop
Seat 4: Nemelex collected ($0.25)
Seat 5: stiffmaster4 folded before Flop (didn't bet)
Seat 6: mayas009 folded before Flop (didn't bet)



PokerStars Zoom Hand #255354430403:  Hold'em No Limit ($0.05/$0.10) - 2025/03/19 12:53:51 CET [2025/03/19 7:53:51 ET]
Table 'Aludra' 6-max Seat #1 is the button
Seat 1: killerita67 ($10 in chips) 
Seat 2: Dré29 ($12.52 in chips) 
Seat 3: Lim 2589 ($14.32 in chips) 
Seat 4: suzyispretty ($11.50 in chips) 
Seat 5: skc784 ($20.89 in chips) 
Seat 6: Mahu2021 ($12.79 in chips) 
Dré29: posts small blind $0.05
Lim 2589: posts big blind $0.10
*** HOLE CARDS ***
Dealt to Mahu2021 [2c Tc]
suzyispretty: raises $0.10 to $0.20
skc784: folds 
Mahu2021: folds 
killerita67: folds 
Dré29: folds 
Lim 2589: folds 
Uncalled bet ($0.10) returned to suzyispretty
suzyispretty collected $0.25 from pot
suzyispretty: doesn't show hand 
*** SUMMARY ***
Total pot $0.25 | Rake $0 
Seat 1: killerita67 (button) folded before Flop (didn't bet)
Seat 2: Dré29 (small blind) folded before Flop
Seat 3: Lim 2589 (big blind) folded before Flop
Seat 4: suzyispretty collected ($0.25)
Seat 5: skc784 folded before Flop (didn't bet)
Seat 6: Mahu2021 folded before Flop (didn't bet)



PokerStars Zoom Hand #255354428521:  Hold'em No Limit ($0.05/$0.10) - 2025/03/19 12:53:36 CET [2025/03/19 7:53:36 ET]
Table 'Aludra' 6-max Seat #1 is the button
Seat 1: suzyispretty ($12.18 in chips) 
Seat 2: Mahu2021 ($12.94 in chips) 
Seat 3: dzimetriy ($10 in chips) 
Seat 4: oocs ($21.86 in chips) 
Seat 5: belix89 ($27.67 in chips) 
Seat 6: Baddream82 ($10.32 in chips) 
Mahu2021: posts small blind $0.05
dzimetriy: posts big blind $0.10
*** HOLE CARDS ***
Dealt to Mahu2021 [2h 4d]
oocs: raises $0.15 to $0.25
belix89: folds 
Baddream82: folds 
suzyispretty: calls $0.25
Mahu2021: folds 
dzimetriy: calls $0.15
*** FLOP *** [8c 8d Qd]
dzimetriy: checks 
oocs: checks 
suzyispretty: bets $0.40
dzimetriy: folds 
oocs: folds 
Uncalled bet ($0.40) returned to suzyispretty
suzyispretty collected $0.76 from pot
suzyispretty: doesn't show hand 
*** SUMMARY ***
Total pot $0.80 | Rake $0.04 
Board [8c 8d Qd]
Seat 1: suzyispretty (button) collected ($0.76)
Seat 2: Mahu2021 (small blind) folded before Flop
Seat 3: dzimetriy (big blind) folded on the Flop
Seat 4: oocs folded on the Flop
Seat 5: belix89 folded before Flop (didn't bet)
Seat 6: Baddream82 folded before Flop (didn't bet)



PokerStars Zoom Hand #255354431554:  Hold'em No Limit ($0.05/$0.10) - 2025/03/19 12:54:00 CET [2025/03/19 7:54:00 ET]
Table 'Aludra' 6-max Seat #1 is the button
Seat 1: harleythamarlin ($10 in chips) 
Seat 2: Lim 2589 ($12.64 in chips) 
Seat 3: skc784 ($20.89 in chips) 
Seat 4: Mahu2021 ($12.79 in chips) 
Seat 5: nicholas kenny ($12.68 in chips) 
Seat 6: oocs ($22.32 in chips) 
Lim 2589: posts small blind $0.05
skc784: posts big blind $0.10
*** HOLE CARDS ***
Dealt to Mahu2021 [Ah 4s]
Mahu2021: folds 
nicholas kenny: folds 
oocs: raises $0.15 to $0.25
harleythamarlin: folds 
Lim 2589: folds 
skc784: folds 
Uncalled bet ($0.15) returned to oocs
oocs collected $0.25 from pot
oocs: doesn't show hand 
*** SUMMARY ***
Total pot $0.25 | Rake $0 
Seat 1: harleythamarlin (button) folded before Flop (didn't bet)
Seat 2: Lim 2589 (small blind) folded before Flop
Seat 3: skc784 (big blind) folded before Flop
Seat 4: Mahu2021 folded before Flop (didn't bet)
Seat 5: nicholas kenny folded before Flop (didn't bet)
Seat 6: oocs collected ($0.25)



PokerStars Zoom Hand #255354426119:  Hold'em No Limit ($0.05/$0.10) - 2025/03/19 12:53:17 CET [2025/03/19 7:53:17 ET]
Table 'Aludra' 6-max Seat #1 is the button
Seat 1: Mahu2021 ($12.94 in chips) 
Seat 2: MarkRegen ($7.62 in chips) 
Seat 3: Beautie0 ($6.49 in chips) 
Seat 4: Lim 2589 ($11.03 in chips) 
Seat 5: cheddarman24 ($13.33 in chips) 
Seat 6: Cyborg_0113 ($18.66 in chips) 
MarkRegen: posts small blind $0.05
Beautie0: posts big blind $0.10
*** HOLE CARDS ***
Dealt to Mahu2021 [As 8d]
Lim 2589: folds 
cheddarman24: raises $0.12 to $0.22
Cyborg_0113: folds 
Mahu2021: folds 
MarkRegen: folds 
Beautie0: calls $0.12
*** FLOP *** [Tc Qh 2h]
Beautie0: checks 
cheddarman24: bets $0.24
Beautie0: calls $0.24
*** TURN *** [Tc Qh 2h] [3c]
Beautie0: checks 
cheddarman24: bets $0.70
Beautie0: calls $0.70
*** RIVER *** [Tc Qh 2h 3c] [5s]
Beautie0: checks 
cheddarman24: bets $1.80
Beautie0: folds 
Uncalled bet ($1.80) returned to cheddarman24
cheddarman24 collected $2.26 from pot
cheddarman24: doesn't show hand 
*** SUMMARY ***
Total pot $2.37 | Rake $0.11 
Board [Tc Qh 2h 3c 5s]
Seat 1: Mahu2021 (button) folded before Flop (didn't bet)
Seat 2: MarkRegen (small blind) folded before Flop
Seat 3: Beautie0 (big blind) folded on the River
Seat 4: Lim 2589 folded before Flop (didn't bet)
Seat 5: cheddarman24 collected ($2.26)
Seat 6: Cyborg_0113 folded before Flop (didn't bet)



PokerStars Zoom Hand #255354432033:  Hold'em No Limit ($0.05/$0.10) - 2025/03/19 12:54:04 CET [2025/03/19 7:54:04 ET]
Table 'Aludra' 6-max Seat #1 is the button
Seat 1: killerita67 ($10 in chips) 
Seat 2: parna8 ($9.35 in chips) 
Seat 3: Nemelex ($8.10 in chips) 
Seat 4: Mahu2021 ($12.79 in chips) 
Seat 5: Dré29 ($20.36 in chips) 
Seat 6: harleythamarlin ($10 in chips) 
parna8: posts small blind $0.05
Nemelex: posts big blind $0.10
*** HOLE CARDS ***
Dealt to Mahu2021 [6c 9d]
Mahu2021: folds 
Dré29: raises $0.10 to $0.20
harleythamarlin: folds 
killerita67: folds 
parna8: folds 
Nemelex: folds 
Uncalled bet ($0.10) returned to Dré29
Dré29 collected $0.25 from pot
Dré29: doesn't show hand 
*** SUMMARY ***
Total pot $0.25 | Rake $0 
Seat 1: killerita67 (button) folded before Flop (didn't bet)
Seat 2: parna8 (small blind) folded before Flop
Seat 3: Nemelex (big blind) folded before Flop
Seat 4: Mahu2021 folded before Flop (didn't bet)
Seat 5: Dré29 collected ($0.25)
Seat 6: harleythamarlin folded before Flop (didn't bet)



PokerStars Zoom Hand #255354433008:  Hold'em No Limit ($0.05/$0.10) - 2025/03/19 12:54:12 CET [2025/03/19 7:54:12 ET]
Table 'Aludra' 6-max Seat #1 is the button
Seat 1: Dré29 ($10 in chips) 
Seat 2: Lim 2589 ($11.08 in chips) 
Seat 3: Mahu2021 ($12.79 in chips) 
Seat 4: oocs ($22.47 in chips) 
Seat 5: Cyborg_0113 ($27.87 in chips) 
Seat 6: skc784 ($17.15 in chips) 
Lim 2589: posts small blind $0.05
Mahu2021: posts big blind $0.10
*** HOLE CARDS ***
Dealt to Mahu2021 [4d 3h]
oocs: folds 
Cyborg_0113: folds 
skc784: folds 
Dré29: raises $0.15 to $0.25
Lim 2589: folds 
Mahu2021: folds 
Uncalled bet ($0.15) returned to Dré29
Dré29 collected $0.25 from pot
Dré29: doesn't show hand 
*** SUMMARY ***
Total pot $0.25 | Rake $0 
Seat 1: Dré29 (button) collected ($0.25)
Seat 2: Lim 2589 (small blind) folded before Flop
Seat 3: Mahu2021 (big blind) folded before Flop
Seat 4: oocs folded before Flop (didn't bet)
Seat 5: Cyborg_0113 folded before Flop (didn't bet)
Seat 6: skc784 folded before Flop (didn't bet)



PokerStars Zoom Hand #255354434628:  Hold'em No Limit ($0.05/$0.10) - 2025/03/19 12:54:25 CET [2025/03/19 7:54:25 ET]
Table 'Aludra' 6-max Seat #1 is the button
Seat 1: Rickyrihari ($30.13 in chips) 
Seat 2: Mahu2021 ($12.69 in chips) 
Seat 3: Lim 2589 ($14.22 in chips) 
Seat 4: bamboocha171 ($34.33 in chips) 
Seat 5: taypan101 ($10 in chips) 
Seat 6: Boobslap ($10.40 in chips) 
Mahu2021: posts small blind $0.05
Lim 2589: posts big blind $0.10
*** HOLE CARDS ***
Dealt to Mahu2021 [5s Qh]
bamboocha171: folds 
taypan101: folds 
Boobslap: folds 
Rickyrihari has timed out
Rickyrihari: folds 
Mahu2021: folds 
Uncalled bet ($0.05) returned to Lim 2589
Lim 2589 collected $0.10 from pot
Lim 2589: doesn't show hand 
*** SUMMARY ***
Total pot $0.10 | Rake $0 
Seat 1: Rickyrihari (button) folded before Flop (didn't bet)
Seat 2: Mahu2021 (small blind) folded before Flop
Seat 3: Lim 2589 (big blind) collected ($0.10)
Seat 4: bamboocha171 folded before Flop (didn't bet)
Seat 5: taypan101 folded before Flop (didn't bet)
Seat 6: Boobslap folded before Flop (didn't bet)



PokerStars Zoom Hand #255354430779:  Hold'em No Limit ($0.05/$0.10) - 2025/03/19 12:53:54 CET [2025/03/19 7:53:54 ET]
Table 'Aludra' 6-max Seat #1 is the button
Seat 1: Mahu2021 ($12.79 in chips) 
Seat 2: sup what ($19.27 in chips) 
Seat 3: mami272 ($5 in chips) 
Seat 4: Woowi1993 ($6.62 in chips) 
Seat 5: skc784 ($20.89 in chips) 
Seat 6: nicholas kenny ($12.68 in chips) 
sup what: posts small blind $0.05
mami272: posts big blind $0.10
*** HOLE CARDS ***
Dealt to Mahu2021 [5s Qs]
Woowi1993: raises $0.12 to $0.22
skc784: folds 
nicholas kenny: folds 
Mahu2021: folds 
sup what: calls $0.17
mami272: calls $0.12
*** FLOP *** [6d 5d Ac]
sup what: checks 
mami272: checks 
Woowi1993: bets $0.35
sup what: folds 
mami272: calls $0.35
*** TURN *** [6d 5d Ac] [2h]
mami272: checks 
Woowi1993: bets $0.98
mami272: calls $0.98
*** RIVER *** [6d 5d Ac 2h] [7c]
mami272: checks 
Woowi1993: bets $1.74
mami272: calls $1.74
*** SHOW DOWN ***
Woowi1993: shows [As Qd] (a pair of Aces)
mami272: mucks hand 
Woowi1993 collected $6.41 from pot
*** SUMMARY ***
Total pot $6.80 | Rake $0.39 
Board [6d 5d Ac 2h 7c]
Seat 1: Mahu2021 (button) folded before Flop (didn't bet)
Seat 2: sup what (small blind) folded on the Flop
Seat 3: mami272 (big blind) mucked [2c 4s]
Seat 4: Woowi1993 showed [As Qd] and won ($6.41) with a pair of Aces
Seat 5: skc784 folded before Flop (didn't bet)
Seat 6: nicholas kenny folded before Flop (didn't bet)



PokerStars Zoom Hand #255354431155:  Hold'em No Limit ($0.05/$0.10) - 2025/03/19 12:53:57 CET [2025/03/19 7:53:57 ET]
Table 'Aludra' 6-max Seat #1 is the button
Seat 1: suzyispretty ($11.36 in chips) 
Seat 2: stiffmaster4 ($10.81 in chips) 
Seat 3: mayas009 ($9.88 in chips) 
Seat 4: Dré29 ($20.36 in chips) 
Seat 5: Mahu2021 ($12.79 in chips) 
Seat 6: killerita67 ($11.51 in chips) 
stiffmaster4: posts small blind $0.05
mayas009: posts big blind $0.10
*** HOLE CARDS ***
Dealt to Mahu2021 [9d 4d]
Dré29: folds 
Mahu2021: folds 
killerita67: raises $0.14 to $0.24
suzyispretty: folds 
stiffmaster4: calls $0.19
mayas009: folds 
*** FLOP *** [Ts 2c 2s]
stiffmaster4: bets $0.37
killerita67: folds 
Uncalled bet ($0.37) returned to stiffmaster4
stiffmaster4 collected $0.54 from pot
stiffmaster4: doesn't show hand 
*** SUMMARY ***
Total pot $0.58 | Rake $0.04 
Board [Ts 2c 2s]
Seat 1: suzyispretty (button) folded before Flop (didn't bet)
Seat 2: stiffmaster4 (small blind) collected ($0.54)
Seat 3: mayas009 (big blind) folded before Flop
Seat 4: Dré29 folded before Flop (didn't bet)
Seat 5: Mahu2021 folded before Flop (didn't bet)
Seat 6: killerita67 folded on the Flop



PokerStars Zoom Hand #255354436956:  Hold'em No Limit ($0.05/$0.10) - 2025/03/19 12:54:44 CET [2025/03/19 7:54:44 ET]
Table 'Aludra' 6-max Seat #1 is the button
Seat 1: siver79 ($10.12 in chips) 
Seat 2: 0aklay ($11.92 in chips) 
Seat 3: ChrisFi0410 ($9.62 in chips) 
Seat 4: skc784 ($16.09 in chips) 
Seat 5: emilianosilva ($12.25 in chips) 
Seat 6: Mahu2021 ($12.64 in chips) 
0aklay: posts small blind $0.05
ChrisFi0410: posts big blind $0.10
*** HOLE CARDS ***
Dealt to Mahu2021 [4s 3s]
skc784: folds 
emilianosilva: raises $0.55 to $0.65
Mahu2021: folds 
siver79: folds 
0aklay: folds 
ChrisFi0410: folds 
Uncalled bet ($0.55) returned to emilianosilva
emilianosilva collected $0.25 from pot
emilianosilva: doesn't show hand 
*** SUMMARY ***
Total pot $0.25 | Rake $0 
Seat 1: siver79 (button) folded before Flop (didn't bet)
Seat 2: 0aklay (small blind) folded before Flop
Seat 3: ChrisFi0410 (big blind) folded before Flop
Seat 4: skc784 folded before Flop (didn't bet)
Seat 5: emilianosilva collected ($0.25)
Seat 6: Mahu2021 folded before Flop (didn't bet)



PokerStars Zoom Hand #255354436230:  Hold'em No Limit ($0.05/$0.10) - 2025/03/19 12:54:38 CET [2025/03/19 7:54:38 ET]
Table 'Aludra' 6-max Seat #1 is the button
Seat 1: Mahu2021 ($12.64 in chips) 
Seat 2: suzyispretty ($11.26 in chips) 
Seat 3: taka736 ($10.55 in chips) 
Seat 4: pokersenis ($13.79 in chips) 
Seat 5: MrFibstar ($14.69 in chips) 
Seat 6: sup what ($25.72 in chips) 
suzyispretty: posts small blind $0.05
taka736: posts big blind $0.10
*** HOLE CARDS ***
Dealt to Mahu2021 [Ks 7s]
pokersenis: folds 
MrFibstar: raises $0.10 to $0.20
sup what: folds 
Mahu2021: folds 
suzyispretty: folds 
taka736: folds 
Uncalled bet ($0.10) returned to MrFibstar
MrFibstar collected $0.25 from pot
MrFibstar: doesn't show hand 
*** SUMMARY ***
Total pot $0.25 | Rake $0 
Seat 1: Mahu2021 (button) folded before Flop (didn't bet)
Seat 2: suzyispretty (small blind) folded before Flop
Seat 3: taka736 (big blind) folded before Flop
Seat 4: pokersenis folded before Flop (didn't bet)
Seat 5: MrFibstar collected ($0.25)
Seat 6: sup what folded before Flop (didn't bet)



PokerStars Zoom Hand #255354437309:  Hold'em No Limit ($0.05/$0.10) - 2025/03/19 12:54:47 CET [2025/03/19 7:54:47 ET]
Table 'Aludra' 6-max Seat #1 is the button
Seat 1: skc784 ($16.09 in chips) 
Seat 2: mami272 ($1.71 in chips) 
Seat 3: Beautie0 ($5.28 in chips) 
Seat 4: Mahu2021 ($12.64 in chips) 
Seat 5: Woowi1993 ($9.74 in chips) 
Seat 6: oocs ($21.66 in chips) 
mami272: posts small blind $0.05
Beautie0: posts big blind $0.10
*** HOLE CARDS ***
Dealt to Mahu2021 [7c 7h]
Mahu2021: folds 
Woowi1993: raises $0.10 to $0.20
oocs: folds 
skc784: folds 
mami272: raises $1.51 to $1.71 and is all-in
Beautie0: folds 
Woowi1993: folds 
Uncalled bet ($1.51) returned to mami272
mami272 collected $0.50 from pot
mami272: doesn't show hand 
*** SUMMARY ***
Total pot $0.50 | Rake $0 
Seat 1: skc784 (button) folded before Flop (didn't bet)
Seat 2: mami272 (small blind) collected ($0.50)
Seat 3: Beautie0 (big blind) folded before Flop
Seat 4: Mahu2021 folded before Flop (didn't bet)
Seat 5: Woowi1993 folded before Flop
Seat 6: oocs folded before Flop (didn't bet)



PokerStars Zoom Hand #255354435095:  Hold'em No Limit ($0.05/$0.10) - 2025/03/19 12:54:28 CET [2025/03/19 7:54:28 ET]
Table 'Aludra' 6-max Seat #1 is the button
Seat 1: pokersenis ($13.79 in chips) 
Seat 2: bamboocha171 ($34.33 in chips) 
Seat 3: Dré29 ($20.51 in chips) 
Seat 4: siver79 ($10.27 in chips) 
Seat 5: Mahu2021 ($12.64 in chips) 
Seat 6: Nemelex ($8 in chips) 
bamboocha171: posts small blind $0.05
Dré29: posts big blind $0.10
*** HOLE CARDS ***
Dealt to Mahu2021 [9d Ts]
siver79: folds 
Mahu2021: folds 
Nemelex: folds 
pokersenis: folds 
bamboocha171: raises $0.20 to $0.30
Dré29: calls $0.20
*** FLOP *** [3c 9c 7h]
bamboocha171: checks 
Dré29: bets $0.14
bamboocha171: calls $0.14
*** TURN *** [3c 9c 7h] [4s]
bamboocha171: checks 
Dré29: bets $0.59
bamboocha171: calls $0.59
*** RIVER *** [3c 9c 7h 4s] [2c]
bamboocha171: checks 
Dré29: checks 
*** SHOW DOWN ***
bamboocha171: shows [3d As] (a pair of Threes)
Dré29: shows [Jc 9h] (a pair of Nines)
Dré29 collected $1.97 from pot
*** SUMMARY ***
Total pot $2.06 | Rake $0.09 
Board [3c 9c 7h 4s 2c]
Seat 1: pokersenis (button) folded before Flop (didn't bet)
Seat 2: bamboocha171 (small blind) showed [3d As] and lost with a pair of Threes
Seat 3: Dré29 (big blind) showed [Jc 9h] and won ($1.97) with a pair of Nines
Seat 4: siver79 folded before Flop (didn't bet)
Seat 5: Mahu2021 folded before Flop (didn't bet)
Seat 6: Nemelex folded before Flop (didn't bet)



PokerStars Zoom Hand #255354432522:  Hold'em No Limit ($0.05/$0.10) - 2025/03/19 12:54:08 CET [2025/03/19 7:54:08 ET]
Table 'Aludra' 6-max Seat #1 is the button
Seat 1: parna8 ($9.30 in chips) 
Seat 2: xarmanas777 ($9.75 in chips) 
Seat 3: harleythamarlin ($10 in chips) 
Seat 4: oocs ($21.61 in chips) 
Seat 5: suzyispretty ($12.69 in chips) 
Seat 6: Mahu2021 ($12.79 in chips) 
xarmanas777: posts small blind $0.05
harleythamarlin: posts big blind $0.10
*** HOLE CARDS ***
Dealt to Mahu2021 [Ad 6h]
oocs: folds 
suzyispretty: folds 
Mahu2021: folds 
parna8: raises $0.11 to $0.21
xarmanas777: calls $0.16
harleythamarlin: folds 
*** FLOP *** [Th 2c 5d]
xarmanas777: checks 
parna8: bets $0.23
xarmanas777: calls $0.23
*** TURN *** [Th 2c 5d] [Jh]
xarmanas777: checks 
parna8: checks 
*** RIVER *** [Th 2c 5d Jh] [Td]
xarmanas777: bets $0.47
parna8: calls $0.47
*** SHOW DOWN ***
xarmanas777: shows [4s Js] (two pair, Jacks and Tens)
parna8: mucks hand 
xarmanas777 collected $1.83 from pot
*** SUMMARY ***
Total pot $1.92 | Rake $0.09 
Board [Th 2c 5d Jh Td]
Seat 1: parna8 (button) mucked [9s 9h]
Seat 2: xarmanas777 (small blind) showed [4s Js] and won ($1.83) with two pair, Jacks and Tens
Seat 3: harleythamarlin (big blind) folded before Flop
Seat 4: oocs folded before Flop (didn't bet)
Seat 5: suzyispretty folded before Flop (didn't bet)
Seat 6: Mahu2021 folded before Flop (didn't bet)



PokerStars Zoom Hand #255354437795:  Hold'em No Limit ($0.05/$0.10) - 2025/03/19 12:54:51 CET [2025/03/19 7:54:51 ET]
Table 'Aludra' 6-max Seat #1 is the button
Seat 1: zzzz502 ($6.17 in chips) 
Seat 2: skc784 ($16.09 in chips) 
Seat 3: Mahu2021 ($12.64 in chips) 
Seat 4: luckyviale ($16.08 in chips) 
Seat 5: Nemelex ($7.95 in chips) 
Seat 6: Boobslap ($7.50 in chips) 
skc784: posts small blind $0.05
Mahu2021: posts big blind $0.10
*** HOLE CARDS ***
Dealt to Mahu2021 [6d 7s]
luckyviale: folds 
Nemelex: raises $0.25 to $0.35
Boobslap: folds 
zzzz502: folds 
skc784: calls $0.30
Mahu2021: folds 
*** FLOP *** [8h Ks As]
skc784: checks 
Nemelex: checks 
*** TURN *** [8h Ks As] [Qs]
skc784: checks 
Nemelex: bets $0.20
skc784: folds 
Uncalled bet ($0.20) returned to Nemelex
Nemelex collected $0.76 from pot
Nemelex: doesn't show hand 
*** SUMMARY ***
Total pot $0.80 | Rake $0.04 
Board [8h Ks As Qs]
Seat 1: zzzz502 (button) folded before Flop (didn't bet)
Seat 2: skc784 (small blind) folded on the Turn
Seat 3: Mahu2021 (big blind) folded before Flop
Seat 4: luckyviale folded before Flop (didn't bet)
Seat 5: Nemelex collected ($0.76)
Seat 6: Boobslap folded before Flop (didn't bet)



PokerStars Zoom Hand #255354439690:  Hold'em No Limit ($0.05/$0.10) - 2025/03/19 12:55:07 CET [2025/03/19 7:55:07 ET]
Table 'Aludra' 6-max Seat #1 is the button
Seat 1: Mahu2021 ($12.49 in chips) 
Seat 2: chueko148 ($4.52 in chips) 
Seat 3: taka736 ($23.42 in chips) 
Seat 4: belix89 ($27.97 in chips) 
Seat 5: luckyviale ($15.98 in chips) 
Seat 6: 0aklay ($10.05 in chips) 
chueko148: posts small blind $0.05
taka736: posts big blind $0.10
*** HOLE CARDS ***
Dealt to Mahu2021 [7d Tc]
belix89: folds 
luckyviale: folds 
0aklay: raises $0.13 to $0.23
Mahu2021: folds 
chueko148: folds 
taka736: folds 
Uncalled bet ($0.13) returned to 0aklay
0aklay collected $0.25 from pot
0aklay: doesn't show hand 
*** SUMMARY ***
Total pot $0.25 | Rake $0 
Seat 1: Mahu2021 (button) folded before Flop (didn't bet)
Seat 2: chueko148 (small blind) folded before Flop
Seat 3: taka736 (big blind) folded before Flop
Seat 4: belix89 folded before Flop (didn't bet)
Seat 5: luckyviale folded before Flop (didn't bet)
Seat 6: 0aklay collected ($0.25)



PokerStars Zoom Hand #255354440059:  Hold'em No Limit ($0.05/$0.10) - 2025/03/19 12:55:11 CET [2025/03/19 7:55:11 ET]
Table 'Aludra' 6-max Seat #1 is the button
Seat 1: pokeripuikko ($17.42 in chips) 
Seat 2: luckyviale ($15.98 in chips) 
Seat 3: sup what ($19.60 in chips) 
Seat 4: cheddarman24 ($11.09 in chips) 
Seat 5: Mahu2021 ($12.49 in chips) 
Seat 6: dzimetriy ($7.95 in chips) 
luckyviale: posts small blind $0.05
sup what: posts big blind $0.10
*** HOLE CARDS ***
Dealt to Mahu2021 [Qd 6c]
cheddarman24: raises $0.12 to $0.22
Mahu2021: folds 
dzimetriy: folds 
pokeripuikko: raises $0.43 to $0.65
luckyviale: folds 
sup what: folds 
cheddarman24: folds 
Uncalled bet ($0.43) returned to pokeripuikko
pokeripuikko collected $0.59 from pot
pokeripuikko: doesn't show hand 
*** SUMMARY ***
Total pot $0.59 | Rake $0 
Seat 1: pokeripuikko (button) collected ($0.59)
Seat 2: luckyviale (small blind) folded before Flop
Seat 3: sup what (big blind) folded before Flop
Seat 4: cheddarman24 folded before Flop
Seat 5: Mahu2021 folded before Flop (didn't bet)
Seat 6: dzimetriy folded before Flop (didn't bet)



PokerStars Zoom Hand #255354440640:  Hold'em No Limit ($0.05/$0.10) - 2025/03/19 12:55:17 CET [2025/03/19 7:55:17 ET]
Table 'Aludra' 6-max Seat #1 is the button
Seat 1: Lim 2589 ($12.19 in chips) 
Seat 2: nordrel ($9.60 in chips) 
Seat 3: Mahu2021 ($12.49 in chips) 
Seat 4: Beautie0 ($5.13 in chips) 
Seat 5: parna8 ($8.39 in chips) 
Seat 6: xarmanas777 ($10.67 in chips) 
nordrel: posts small blind $0.05
Mahu2021: posts big blind $0.10
*** HOLE CARDS ***
Dealt to Mahu2021 [Td 8s]
Beautie0: folds 
parna8: folds 
xarmanas777: folds 
Lim 2589: raises $0.15 to $0.25
nordrel: folds 
Mahu2021: raises $0.85 to $1.10
Lim 2589: folds 
Uncalled bet ($0.85) returned to Mahu2021
Mahu2021 collected $0.55 from pot
Mahu2021: doesn't show hand 
*** SUMMARY ***
Total pot $0.55 | Rake $0 
Seat 1: Lim 2589 (button) folded before Flop
Seat 2: nordrel (small blind) folded before Flop
Seat 3: Mahu2021 (big blind) collected ($0.55)
Seat 4: Beautie0 folded before Flop (didn't bet)
Seat 5: parna8 folded before Flop (didn't bet)
Seat 6: xarmanas777 folded before Flop (didn't bet)



PokerStars Zoom Hand #255354439151:  Hold'em No Limit ($0.05/$0.10) - 2025/03/19 12:55:02 CET [2025/03/19 7:55:02 ET]
Table 'Aludra' 6-max Seat #1 is the button
Seat 1: MarkRegen ($7.27 in chips) 
Seat 2: suzyispretty ($11.24 in chips) 
Seat 3: emilianosilva ($12.40 in chips) 
Seat 4: skc784 ($17 in chips) 
Seat 5: ChrisFi0410 ($9.52 in chips) 
Seat 6: Mahu2021 ($12.49 in chips) 
suzyispretty: posts small blind $0.05
emilianosilva: posts big blind $0.10
*** HOLE CARDS ***
Dealt to Mahu2021 [5d As]
skc784: folds 
ChrisFi0410: folds 
Mahu2021: folds 
MarkRegen: folds 
suzyispretty: raises $0.20 to $0.30
emilianosilva: calls $0.20
*** FLOP *** [7d Ah Td]
suzyispretty: bets $0.21
emilianosilva: raises $0.94 to $1.15
suzyispretty: folds 
Uncalled bet ($0.94) returned to emilianosilva
emilianosilva collected $0.97 from pot
emilianosilva: doesn't show hand 
*** SUMMARY ***
Total pot $1.02 | Rake $0.05 
Board [7d Ah Td]
Seat 1: MarkRegen (button) folded before Flop (didn't bet)
Seat 2: suzyispretty (small blind) folded on the Flop
Seat 3: emilianosilva (big blind) collected ($0.97)
Seat 4: skc784 folded before Flop (didn't bet)
Seat 5: ChrisFi0410 folded before Flop (didn't bet)
Seat 6: Mahu2021 folded before Flop (didn't bet)



PokerStars Zoom Hand #255354442207:  Hold'em No Limit ($0.05/$0.10) - 2025/03/19 12:55:33 CET [2025/03/19 7:55:33 ET]
Table 'Aludra' 6-max Seat #1 is the button
Seat 1: belix89 ($27.82 in chips) 
Seat 2: Mahu2021 ($12.79 in chips) 
Seat 3: parna8 ($8.39 in chips) 
Seat 4: Lim 2589 ($14.22 in chips) 
Seat 5: Dré29 ($21.40 in chips) 
Seat 6: Bunny8883 ($14.27 in chips) 
Mahu2021: posts small blind $0.05
parna8: posts big blind $0.10
*** HOLE CARDS ***
Dealt to Mahu2021 [9c 5h]
Lim 2589: raises $0.15 to $0.25
Dré29: folds 
Bunny8883: folds 
belix89: folds 
Mahu2021: folds 
parna8: folds 
Uncalled bet ($0.15) returned to Lim 2589
Lim 2589 collected $0.25 from pot
Lim 2589: doesn't show hand 
*** SUMMARY ***
Total pot $0.25 | Rake $0 
Seat 1: belix89 (button) folded before Flop (didn't bet)
Seat 2: Mahu2021 (small blind) folded before Flop
Seat 3: parna8 (big blind) folded before Flop
Seat 4: Lim 2589 collected ($0.25)
Seat 5: Dré29 folded before Flop (didn't bet)
Seat 6: Bunny8883 folded before Flop (didn't bet)



PokerStars Zoom Hand #255354438653:  Hold'em No Limit ($0.05/$0.10) - 2025/03/19 12:54:58 CET [2025/03/19 7:54:58 ET]
Table 'Aludra' 6-max Seat #1 is the button
Seat 1: sup what ($25.72 in chips) 
Seat 2: Mahu2021 ($12.54 in chips) 
Seat 3: pokersenis ($13.79 in chips) 
Seat 4: killerita67 ($11.27 in chips) 
Seat 5: harleythamarlin ($10 in chips) 
Seat 6: Boobslap ($7.50 in chips) 
Mahu2021: posts small blind $0.05
pokersenis: posts big blind $0.10
*** HOLE CARDS ***
Dealt to Mahu2021 [9c 5h]
killerita67: folds 
harleythamarlin: folds 
Boobslap: raises $0.15 to $0.25
sup what: calls $0.25
Mahu2021: folds 
pokersenis: folds 
*** FLOP *** [3d 4d Tc]
Boobslap: checks 
sup what: checks 
*** TURN *** [3d 4d Tc] [2s]
Boobslap: bets $0.20
sup what: calls $0.20
*** RIVER *** [3d 4d Tc 2s] [8c]
Boobslap: bets $0.75
sup what: folds 
Uncalled bet ($0.75) returned to Boobslap
Boobslap collected $1 from pot
Boobslap: doesn't show hand 
*** SUMMARY ***
Total pot $1.05 | Rake $0.05 
Board [3d 4d Tc 2s 8c]
Seat 1: sup what (button) folded on the River
Seat 2: Mahu2021 (small blind) folded before Flop
Seat 3: pokersenis (big blind) folded before Flop
Seat 4: killerita67 folded before Flop (didn't bet)
Seat 5: harleythamarlin folded before Flop (didn't bet)
Seat 6: Boobslap collected ($1)



PokerStars Zoom Hand #255354435696:  Hold'em No Limit ($0.05/$0.10) - 2025/03/19 12:54:34 CET [2025/03/19 7:54:34 ET]
Table 'Aludra' 6-max Seat #1 is the button
Seat 1: sup what ($20.59 in chips) 
Seat 2: SPokerenia ($34.34 in chips) 
Seat 3: Cyborg_0113 ($27.82 in chips) 
Seat 4: Beautie0 ($5.28 in chips) 
Seat 5: Mahu2021 ($12.64 in chips) 
Seat 6: Dré29 ($12.70 in chips) 
SPokerenia: posts small blind $0.05
Cyborg_0113: posts big blind $0.10
*** HOLE CARDS ***
Dealt to Mahu2021 [Qh 2d]
Beautie0: folds 
Mahu2021: folds 
Dré29: raises $0.10 to $0.20
sup what: folds 
SPokerenia: folds 
Cyborg_0113: calls $0.10
*** FLOP *** [Jh 3h 6d]
Cyborg_0113: checks 
Dré29: bets $0.11
Cyborg_0113: calls $0.11
*** TURN *** [Jh 3h 6d] [Ts]
Cyborg_0113: checks 
Dré29: bets $0.45
Cyborg_0113: raises $1.35 to $1.80
Dré29: folds 
Uncalled bet ($1.35) returned to Cyborg_0113
Cyborg_0113 collected $1.50 from pot
Cyborg_0113: doesn't show hand 
*** SUMMARY ***
Total pot $1.57 | Rake $0.07 
Board [Jh 3h 6d Ts]
Seat 1: sup what (button) folded before Flop (didn't bet)
Seat 2: SPokerenia (small blind) folded before Flop
Seat 3: Cyborg_0113 (big blind) collected ($1.50)
Seat 4: Beautie0 folded before Flop (didn't bet)
Seat 5: Mahu2021 folded before Flop (didn't bet)
Seat 6: Dré29 folded on the Turn



PokerStars Zoom Hand #255354446164:  Hold'em No Limit ($0.05/$0.10) - 2025/03/19 12:56:13 CET [2025/03/19 7:56:13 ET]
Table 'Aludra' 6-max Seat #1 is the button
Seat 1: 0aklay ($12.47 in chips) 
Seat 2: Cyborg_0113 ($18.19 in chips) 
Seat 3: xarmanas777 ($9.93 in chips) 
Seat 4: Dré29 ($10.75 in chips) 
Seat 5: Bunny8883 ($14.57 in chips) 
Seat 6: Mahu2021 ($12.74 in chips) 
Cyborg_0113: posts small blind $0.05
xarmanas777: posts big blind $0.10
*** HOLE CARDS ***
Dealt to Mahu2021 [5h Qd]
Dré29: folds 
Bunny8883: raises $0.20 to $0.30
Mahu2021: folds 
0aklay: folds 
Cyborg_0113: folds 
xarmanas777: folds 
Uncalled bet ($0.20) returned to Bunny8883
Bunny8883 collected $0.25 from pot
Bunny8883: doesn't show hand 
*** SUMMARY ***
Total pot $0.25 | Rake $0 
Seat 1: 0aklay (button) folded before Flop (didn't bet)
Seat 2: Cyborg_0113 (small blind) folded before Flop
Seat 3: xarmanas777 (big blind) folded before Flop
Seat 4: Dré29 folded before Flop (didn't bet)
Seat 5: Bunny8883 collected ($0.25)
Seat 6: Mahu2021 folded before Flop (didn't bet)



PokerStars Zoom Hand #255354444997:  Hold'em No Limit ($0.05/$0.10) - 2025/03/19 12:56:01 CET [2025/03/19 7:56:01 ET]
Table 'Aludra' 6-max Seat #1 is the button
Seat 1: Mahu2021 ($12.74 in chips) 
Seat 2: TUMAN-1122 ($13.30 in chips) 
Seat 3: Boobslap ($8.05 in chips) 
Seat 4: Vov4ik-Vab ($7.03 in chips) 
Seat 5: Dré29 ($11.94 in chips) 
Seat 6: dzimetriy ($7.80 in chips) 
TUMAN-1122: posts small blind $0.05
Boobslap: posts big blind $0.10
*** HOLE CARDS ***
Dealt to Mahu2021 [6s 2s]
Vov4ik-Vab: folds 
Dré29: raises $0.10 to $0.20
dzimetriy: calls $0.20
Mahu2021: folds 
TUMAN-1122: folds 
Boobslap: raises $1.20 to $1.40
Dré29: folds 
dzimetriy: folds 
Uncalled bet ($1.20) returned to Boobslap
Boobslap collected $0.65 from pot
Boobslap: doesn't show hand 
*** SUMMARY ***
Total pot $0.65 | Rake $0 
Seat 1: Mahu2021 (button) folded before Flop (didn't bet)
Seat 2: TUMAN-1122 (small blind) folded before Flop
Seat 3: Boobslap (big blind) collected ($0.65)
Seat 4: Vov4ik-Vab folded before Flop (didn't bet)
Seat 5: Dré29 folded before Flop
Seat 6: dzimetriy folded before Flop



PokerStars Zoom Hand #255354446689:  Hold'em No Limit ($0.05/$0.10) - 2025/03/19 12:56:18 CET [2025/03/19 7:56:18 ET]
Table 'Aludra' 6-max Seat #1 is the button
Seat 1: oocs ($18.67 in chips) 
Seat 2: killerita67 ($10.82 in chips) 
Seat 3: cheddarman24 ($14.21 in chips) 
Seat 4: Mahu2021 ($12.74 in chips) 
Seat 5: parna8 ($8.29 in chips) 
Seat 6: skc784 ($21.19 in chips) 
killerita67: posts small blind $0.05
cheddarman24: posts big blind $0.10
*** HOLE CARDS ***
Dealt to Mahu2021 [3h 7h]
Mahu2021: folds 
parna8: folds 
skc784: raises $0.15 to $0.25
oocs: raises $0.60 to $0.85
killerita67: folds 
cheddarman24: folds 
skc784: folds 
Uncalled bet ($0.60) returned to oocs
oocs collected $0.65 from pot
oocs: doesn't show hand 
*** SUMMARY ***
Total pot $0.65 | Rake $0 
Seat 1: oocs (button) collected ($0.65)
Seat 2: killerita67 (small blind) folded before Flop
Seat 3: cheddarman24 (big blind) folded before Flop
Seat 4: Mahu2021 folded before Flop (didn't bet)
Seat 5: parna8 folded before Flop (didn't bet)
Seat 6: skc784 folded before Flop



PokerStars Zoom Hand #255354447341:  Hold'em No Limit ($0.05/$0.10) - 2025/03/19 12:56:25 CET [2025/03/19 7:56:25 ET]
Table 'Aludra' 6-max Seat #1 is the button
Seat 1: Dré29 ($21.25 in chips) 
Seat 2: pokeripuikko ($16.84 in chips) 
Seat 3: Mahu2021 ($12.74 in chips) 
Seat 4: suzyispretty ($12.27 in chips) 
Seat 5: 0aklay ($12.47 in chips) 
Seat 6: Vov4ik-Vab ($6.93 in chips) 
pokeripuikko: posts small blind $0.05
Mahu2021: posts big blind $0.10
*** HOLE CARDS ***
Dealt to Mahu2021 [6d Ad]
suzyispretty: folds 
0aklay: folds 
Vov4ik-Vab: folds 
Dré29: folds 
pokeripuikko: raises $0.20 to $0.30
Mahu2021: calls $0.20
*** FLOP *** [Qd 5s Td]
pokeripuikko: checks 
Mahu2021: bets $0.30
pokeripuikko: calls $0.30
*** TURN *** [Qd 5s Td] [Kh]
pokeripuikko: checks 
Mahu2021: bets $0.30
pokeripuikko: raises $1.20 to $1.50
Mahu2021: calls $1.20
*** RIVER *** [Qd 5s Td Kh] [Qh]
pokeripuikko: checks 
Mahu2021: bets $4.01
pokeripuikko: folds 
Uncalled bet ($4.01) returned to Mahu2021
Mahu2021 collected $4.01 from pot
Mahu2021: doesn't show hand 
*** SUMMARY ***
Total pot $4.20 | Rake $0.19 
Board [Qd 5s Td Kh Qh]
Seat 1: Dré29 (button) folded before Flop (didn't bet)
Seat 2: pokeripuikko (small blind) folded on the River
Seat 3: Mahu2021 (big blind) collected ($4.01)
Seat 4: suzyispretty folded before Flop (didn't bet)
Seat 5: 0aklay folded before Flop (didn't bet)
Seat 6: Vov4ik-Vab folded before Flop (didn't bet)



PokerStars Zoom Hand #255354445480:  Hold'em No Limit ($0.05/$0.10) - 2025/03/19 12:56:06 CET [2025/03/19 7:56:06 ET]
Table 'Aludra' 6-max Seat #1 is the button
Seat 1: harleythamarlin ($10 in chips) 
Seat 2: chueko148 ($4.22 in chips) 
Seat 3: Vov4ik-Vab ($7.03 in chips) 
Seat 4: Mahu2021 ($12.74 in chips) 
Seat 5: pepelino19 ($10.18 in chips) 
Seat 6: parna8 ($8.39 in chips) 
chueko148: posts small blind $0.05
Vov4ik-Vab: posts big blind $0.10
*** HOLE CARDS ***
Dealt to Mahu2021 [5c 6h]
Mahu2021: folds 
pepelino19: raises $0.10 to $0.20
parna8: folds 
harleythamarlin: raises $0.70 to $0.90
chueko148: folds 
Vov4ik-Vab: folds 
pepelino19: calls $0.70
*** FLOP *** [6c 3d Ks]
pepelino19: checks 
harleythamarlin: bets $0.61
pepelino19: calls $0.61
*** TURN *** [6c 3d Ks] [6s]
pepelino19: bets $2.30
harleythamarlin: folds 
Uncalled bet ($2.30) returned to pepelino19
pepelino19 collected $3.03 from pot
pepelino19: doesn't show hand 
*** SUMMARY ***
Total pot $3.17 | Rake $0.14 
Board [6c 3d Ks 6s]
Seat 1: harleythamarlin (button) folded on the Turn
Seat 2: chueko148 (small blind) folded before Flop
Seat 3: Vov4ik-Vab (big blind) folded before Flop
Seat 4: Mahu2021 folded before Flop (didn't bet)
Seat 5: pepelino19 collected ($3.03)
Seat 6: parna8 folded before Flop (didn't bet)



PokerStars Zoom Hand #255354450642:  Hold'em No Limit ($0.05/$0.10) - 2025/03/19 12:56:58 CET [2025/03/19 7:56:58 ET]
Table 'Aludra' 6-max Seat #1 is the button
Seat 1: Beautie0 ($5.34 in chips) 
Seat 2: Mahu2021 ($14.65 in chips) 
Seat 3: mayas009 ($8.63 in chips) 
Seat 4: belix89 ($27.47 in chips) 
Seat 5: Baddream82 ($12.12 in chips) 
Seat 6: Lim 2589 ($15 in chips) 
Mahu2021: posts small blind $0.05
mayas009: posts big blind $0.10
*** HOLE CARDS ***
Dealt to Mahu2021 [9c 2s]
belix89: folds 
Baddream82: folds 
Lim 2589: folds 
Beautie0: folds 
Mahu2021: folds 
Uncalled bet ($0.05) returned to mayas009
mayas009 collected $0.10 from pot
mayas009: doesn't show hand 
*** SUMMARY ***
Total pot $0.10 | Rake $0 
Seat 1: Beautie0 (button) folded before Flop (didn't bet)
Seat 2: Mahu2021 (small blind) folded before Flop
Seat 3: mayas009 (big blind) collected ($0.10)
Seat 4: belix89 folded before Flop (didn't bet)
Seat 5: Baddream82 folded before Flop (didn't bet)
Seat 6: Lim 2589 folded before Flop (didn't bet)



PokerStars Zoom Hand #255354451070:  Hold'em No Limit ($0.05/$0.10) - 2025/03/19 12:57:02 CET [2025/03/19 7:57:02 ET]
Table 'Aludra' 6-max Seat #1 is the button
Seat 1: doctornicola ($10 in chips) 
Seat 2: oocs ($23.38 in chips) 
Seat 3: sup what ($18.29 in chips) 
Seat 4: skc784 ($15.58 in chips) 
Seat 5: Mahu2021 ($14.60 in chips) 
Seat 6: Beautie0 ($5.34 in chips) 
oocs: posts small blind $0.05
sup what: posts big blind $0.10
*** HOLE CARDS ***
Dealt to Mahu2021 [Kh 5s]
skc784: raises $0.15 to $0.25
Mahu2021: folds 
Beautie0: folds 
doctornicola: folds 
oocs: folds 
sup what: folds 
Uncalled bet ($0.15) returned to skc784
skc784 collected $0.25 from pot
skc784: doesn't show hand 
*** SUMMARY ***
Total pot $0.25 | Rake $0 
Seat 1: doctornicola (button) folded before Flop (didn't bet)
Seat 2: oocs (small blind) folded before Flop
Seat 3: sup what (big blind) folded before Flop
Seat 4: skc784 collected ($0.25)
Seat 5: Mahu2021 folded before Flop (didn't bet)
Seat 6: Beautie0 folded before Flop (didn't bet)



PokerStars Zoom Hand #255354451756:  Hold'em No Limit ($0.05/$0.10) - 2025/03/19 12:57:09 CET [2025/03/19 7:57:09 ET]
Table 'Aludra' 6-max Seat #1 is the button
Seat 1: Mahu2021 ($14.60 in chips) 
Seat 2: Dré29 ($19.63 in chips) 
Seat 3: nicholas kenny ($14.85 in chips) 
Seat 4: killerita67 ($10.77 in chips) 
Seat 5: harleythamarlin ($10 in chips) 
Seat 6: mayas009 ($8.68 in chips) 
Dré29: posts small blind $0.05
nicholas kenny: posts big blind $0.10
*** HOLE CARDS ***
Dealt to Mahu2021 [Qh Jc]
killerita67: folds 
harleythamarlin: folds 
mayas009: folds 
Mahu2021: raises $0.20 to $0.30
Dré29: folds 
nicholas kenny: folds 
Uncalled bet ($0.20) returned to Mahu2021
Mahu2021 collected $0.25 from pot
Mahu2021: doesn't show hand 
*** SUMMARY ***
Total pot $0.25 | Rake $0 
Seat 1: Mahu2021 (button) collected ($0.25)
Seat 2: Dré29 (small blind) folded before Flop
Seat 3: nicholas kenny (big blind) folded before Flop
Seat 4: killerita67 folded before Flop (didn't bet)
Seat 5: harleythamarlin folded before Flop (didn't bet)
Seat 6: mayas009 folded before Flop (didn't bet)



PokerStars Zoom Hand #255354452976:  Hold'em No Limit ($0.05/$0.10) - 2025/03/19 12:57:21 CET [2025/03/19 7:57:21 ET]
Table 'Aludra' 6-max Seat #1 is the button
Seat 1: Baddream82 ($12.02 in chips) 
Seat 2: nicholas kenny ($14.75 in chips) 
Seat 3: oocs ($18.87 in chips) 
Seat 4: dzimetriy ($7.05 in chips) 
Seat 5: Mahu2021 ($14.75 in chips) 
Seat 6: Dré29 ($10.90 in chips) 
nicholas kenny: posts small blind $0.05
oocs: posts big blind $0.10
*** HOLE CARDS ***
Dealt to Mahu2021 [6h Qs]
dzimetriy: raises $0.20 to $0.30
Mahu2021: folds 
Dré29: folds 
Baddream82: folds 
nicholas kenny: folds 
oocs: folds 
Uncalled bet ($0.20) returned to dzimetriy
dzimetriy collected $0.25 from pot
dzimetriy: doesn't show hand 
*** SUMMARY ***
Total pot $0.25 | Rake $0 
Seat 1: Baddream82 (button) folded before Flop (didn't bet)
Seat 2: nicholas kenny (small blind) folded before Flop
Seat 3: oocs (big blind) folded before Flop
Seat 4: dzimetriy collected ($0.25)
Seat 5: Mahu2021 folded before Flop (didn't bet)
Seat 6: Dré29 folded before Flop (didn't bet)



PokerStars Zoom Hand #255354453431:  Hold'em No Limit ($0.05/$0.10) - 2025/03/19 12:57:26 CET [2025/03/19 7:57:26 ET]
Table 'Aludra' 6-max Seat #1 is the button
Seat 1: nicholas kenny ($14.70 in chips) 
Seat 2: killerita67 ($12.85 in chips) 
Seat 3: taka736 ($10.33 in chips) 
Seat 4: MarkRegen ($8.17 in chips) 
Seat 5: Baddream82 ($12.02 in chips) 
Seat 6: Mahu2021 ($14.75 in chips) 
killerita67: posts small blind $0.05
taka736: posts big blind $0.10
*** HOLE CARDS ***
Dealt to Mahu2021 [6c 5h]
MarkRegen: calls $0.10
Baddream82: folds 
Mahu2021: folds 
nicholas kenny: folds 
killerita67: folds 
taka736: checks 
*** FLOP *** [3s 6s 5s]
taka736: checks 
MarkRegen: checks 
*** TURN *** [3s 6s 5s] [4s]
taka736: checks 
MarkRegen: checks 
*** RIVER *** [3s 6s 5s 4s] [Qs]
taka736: checks 
MarkRegen: checks 
*** SHOW DOWN ***
taka736: shows [5c 3h] (a flush, Queen high)
MarkRegen: shows [Ad Qh] (a flush, Queen high)
taka736 collected $0.12 from pot
MarkRegen collected $0.12 from pot
*** SUMMARY ***
Total pot $0.25 | Rake $0.01 
Board [3s 6s 5s 4s Qs]
Seat 1: nicholas kenny (button) folded before Flop (didn't bet)
Seat 2: killerita67 (small blind) folded before Flop
Seat 3: taka736 (big blind) showed [5c 3h] and won ($0.12) with a flush, Queen high
Seat 4: MarkRegen showed [Ad Qh] and won ($0.12) with a flush, Queen high
Seat 5: Baddream82 folded before Flop (didn't bet)
Seat 6: Mahu2021 folded before Flop (didn't bet)



PokerStars Zoom Hand #255354453935:  Hold'em No Limit ($0.05/$0.10) - 2025/03/19 12:57:31 CET [2025/03/19 7:57:31 ET]
Table 'Aludra' 6-max Seat #1 is the button
Seat 1: Bunny8883 ($14.10 in chips) 
Seat 2: Baddream82 ($12.02 in chips) 
Seat 3: Lim 2589 ($14.95 in chips) 
Seat 4: Mahu2021 ($14.75 in chips) 
Seat 5: nicholas kenny ($14.70 in chips) 
Seat 6: suzyispretty ($16.72 in chips) 
Baddream82: posts small blind $0.05
Lim 2589: posts big blind $0.10
*** HOLE CARDS ***
Dealt to Mahu2021 [2h Jc]
Mahu2021: folds 
nicholas kenny: folds 
suzyispretty: folds 
Bunny8883: folds 
Baddream82: raises $0.10 to $0.20
Lim 2589: calls $0.10
*** FLOP *** [Tc 2d Ks]
Baddream82: checks 
Lim 2589: checks 
*** TURN *** [Tc 2d Ks] [Qh]
Baddream82: checks 
Lim 2589: bets $0.19
Baddream82: folds 
Uncalled bet ($0.19) returned to Lim 2589
Lim 2589 collected $0.38 from pot
Lim 2589: doesn't show hand 
*** SUMMARY ***
Total pot $0.40 | Rake $0.02 
Board [Tc 2d Ks Qh]
Seat 1: Bunny8883 (button) folded before Flop (didn't bet)
Seat 2: Baddream82 (small blind) folded on the Turn
Seat 3: Lim 2589 (big blind) collected ($0.38)
Seat 4: Mahu2021 folded before Flop (didn't bet)
Seat 5: nicholas kenny folded before Flop (didn't bet)
Seat 6: suzyispretty folded before Flop (didn't bet)



PokerStars Zoom Hand #255354454342:  Hold'em No Limit ($0.05/$0.10) - 2025/03/19 12:57:35 CET [2025/03/19 7:57:35 ET]
Table 'Aludra' 6-max Seat #1 is the button
Seat 1: Dré29 ($10.90 in chips) 
Seat 2: skc784 ($20.69 in chips) 
Seat 3: Mahu2021 ($14.75 in chips) 
Seat 4: Cyborg_0113 ($28.21 in chips) 
Seat 5: bamboocha171 ($34.57 in chips) 
Seat 6: mayas009 ($8.53 in chips) 
skc784: posts small blind $0.05
Mahu2021: posts big blind $0.10
*** HOLE CARDS ***
Dealt to Mahu2021 [Qh Kh]
Cyborg_0113: folds 
bamboocha171: raises $0.20 to $0.30
mayas009: folds 
Dré29: folds 
skc784: folds 
Mahu2021: calls $0.20
*** FLOP *** [9c Js 3d]
Mahu2021: checks 
bamboocha171: bets $0.14
Mahu2021: calls $0.14
*** TURN *** [9c Js 3d] [6s]
Mahu2021: checks 
bamboocha171: bets $0.60
Mahu2021: calls $0.60
*** RIVER *** [9c Js 3d 6s] [Ts]
Mahu2021: bets $2.03
bamboocha171: folds 
Uncalled bet ($2.03) returned to Mahu2021
Mahu2021 collected $2.03 from pot
Mahu2021: doesn't show hand 
*** SUMMARY ***
Total pot $2.13 | Rake $0.10 
Board [9c Js 3d 6s Ts]
Seat 1: Dré29 (button) folded before Flop (didn't bet)
Seat 2: skc784 (small blind) folded before Flop
Seat 3: Mahu2021 (big blind) collected ($2.03)
Seat 4: Cyborg_0113 folded before Flop (didn't bet)
Seat 5: bamboocha171 folded on the River
Seat 6: mayas009 folded before Flop (didn't bet)



PokerStars Zoom Hand #255354459295:  Hold'em No Limit ($0.05/$0.10) - 2025/03/19 12:58:25 CET [2025/03/19 7:58:25 ET]
Table 'Aludra' 6-max Seat #1 is the button
Seat 1: Bunny8883 ($14.10 in chips) 
Seat 2: nDoelAidFme ($10.05 in chips) 
Seat 3: bafane01 ($4.35 in chips) 
Seat 4: TUMAN-1122 ($13.08 in chips) 
Seat 5: chueko148 ($4.02 in chips) 
Seat 6: Mahu2021 ($15.69 in chips) 
nDoelAidFme: posts small blind $0.05
bafane01: posts big blind $0.10
*** HOLE CARDS ***
Dealt to Mahu2021 [4s 9s]
TUMAN-1122: folds 
chueko148: folds 
Mahu2021: folds 
Bunny8883: raises $0.20 to $0.30
nDoelAidFme: folds 
bafane01: folds 
Uncalled bet ($0.20) returned to Bunny8883
Bunny8883 collected $0.25 from pot
Bunny8883: doesn't show hand 
*** SUMMARY ***
Total pot $0.25 | Rake $0 
Seat 1: Bunny8883 (button) collected ($0.25)
Seat 2: nDoelAidFme (small blind) folded before Flop
Seat 3: bafane01 (big blind) folded before Flop
Seat 4: TUMAN-1122 folded before Flop (didn't bet)
Seat 5: chueko148 folded before Flop (didn't bet)
Seat 6: Mahu2021 folded before Flop (didn't bet)



PokerStars Zoom Hand #255354459803:  Hold'em No Limit ($0.05/$0.10) - 2025/03/19 12:58:30 CET [2025/03/19 7:58:30 ET]
Table 'Aludra' 6-max Seat #1 is the button
Seat 1: Mahu2021 ($15.69 in chips) 
Seat 2: oocs ($23.91 in chips) 
Seat 3: TUMAN-1122 ($13.08 in chips) 
Seat 4: skc784 ($19.99 in chips) 
Seat 5: taypan101 ($10.25 in chips) 
Seat 6: taka736 ($10.75 in chips) 
oocs: posts small blind $0.05
TUMAN-1122: posts big blind $0.10
*** HOLE CARDS ***
Dealt to Mahu2021 [Js Ac]
skc784: raises $0.15 to $0.25
taypan101: folds 
taka736: folds 
Mahu2021: calls $0.25
oocs: raises $1.15 to $1.40
TUMAN-1122: folds 
skc784: folds 
Mahu2021: folds 
Uncalled bet ($1.15) returned to oocs
oocs collected $0.85 from pot
oocs: doesn't show hand 
*** SUMMARY ***
Total pot $0.85 | Rake $0 
Seat 1: Mahu2021 (button) folded before Flop
Seat 2: oocs (small blind) collected ($0.85)
Seat 3: TUMAN-1122 (big blind) folded before Flop
Seat 4: skc784 folded before Flop
Seat 5: taypan101 folded before Flop (didn't bet)
Seat 6: taka736 folded before Flop (didn't bet)



PokerStars Zoom Hand #255354458878:  Hold'em No Limit ($0.05/$0.10) - 2025/03/19 12:58:21 CET [2025/03/19 7:58:21 ET]
Table 'Aludra' 6-max Seat #1 is the button
Seat 1: pepelino19 ($12.13 in chips) 
Seat 2: Mahu2021 ($15.74 in chips) 
Seat 3: killerita67 ($10 in chips) 
Seat 4: Nemelex ($5.65 in chips) 
Seat 5: taka736 ($24.51 in chips) 
Seat 6: bafane01 ($4.35 in chips) 
Mahu2021: posts small blind $0.05
killerita67: posts big blind $0.10
*** HOLE CARDS ***
Dealt to Mahu2021 [Jd 5h]
Nemelex: raises $0.25 to $0.35
taka736: folds 
bafane01: folds 
pepelino19: calls $0.35
Mahu2021: folds 
killerita67: folds 
*** FLOP *** [6h Td Jh]
Nemelex: checks 
pepelino19: bets $0.51
Nemelex: folds 
Uncalled bet ($0.51) returned to pepelino19
pepelino19 collected $0.81 from pot
pepelino19: doesn't show hand 
*** SUMMARY ***
Total pot $0.85 | Rake $0.04 
Board [6h Td Jh]
Seat 1: pepelino19 (button) collected ($0.81)
Seat 2: Mahu2021 (small blind) folded before Flop
Seat 3: killerita67 (big blind) folded before Flop
Seat 4: Nemelex folded on the Flop
Seat 5: taka736 folded before Flop (didn't bet)
Seat 6: bafane01 folded before Flop (didn't bet)



PokerStars Zoom Hand #255354461392:  Hold'em No Limit ($0.05/$0.10) - 2025/03/19 12:58:46 CET [2025/03/19 7:58:46 ET]
Table 'Aludra' 6-max Seat #1 is the button
Seat 1: killerita67 ($10 in chips) 
Seat 2: superMike233 ($10.05 in chips) 
Seat 3: sup what ($18.24 in chips) 
Seat 4: Mahu2021 ($15.44 in chips) 
Seat 5: Bunny8883 ($14.25 in chips) 
Seat 6: suzyispretty ($11.97 in chips) 
superMike233: posts small blind $0.05
sup what: posts big blind $0.10
*** HOLE CARDS ***
Dealt to Mahu2021 [6h Tc]
Mahu2021: folds 
Bunny8883: folds 
suzyispretty: folds 
killerita67: raises $0.14 to $0.24
superMike233: folds 
sup what: folds 
Uncalled bet ($0.14) returned to killerita67
killerita67 collected $0.25 from pot
killerita67: doesn't show hand 
*** SUMMARY ***
Total pot $0.25 | Rake $0 
Seat 1: killerita67 (button) collected ($0.25)
Seat 2: superMike233 (small blind) folded before Flop
Seat 3: sup what (big blind) folded before Flop
Seat 4: Mahu2021 folded before Flop (didn't bet)
Seat 5: Bunny8883 folded before Flop (didn't bet)
Seat 6: suzyispretty folded before Flop (didn't bet)



PokerStars Zoom Hand #255354461687:  Hold'em No Limit ($0.05/$0.10) - 2025/03/19 12:58:50 CET [2025/03/19 7:58:50 ET]
Table 'Aludra' 6-max Seat #1 is the button
Seat 1: pokeripuikko ($26.18 in chips) 
Seat 2: skc784 ($19.74 in chips) 
Seat 3: Cyborg_0113 ($14.38 in chips) 
Seat 4: Bunny8883 ($14.25 in chips) 
Seat 5: Mahu2021 ($15.44 in chips) 
Seat 6: oocs ($24.51 in chips) 
skc784: posts small blind $0.05
Cyborg_0113: posts big blind $0.10
*** HOLE CARDS ***
Dealt to Mahu2021 [8h 4d]
Bunny8883: folds 
Mahu2021: folds 
oocs: folds 
pokeripuikko: raises $0.15 to $0.25
skc784: folds 
Cyborg_0113: raises $0.95 to $1.20
pokeripuikko: folds 
Uncalled bet ($0.95) returned to Cyborg_0113
Cyborg_0113 collected $0.55 from pot
Cyborg_0113: doesn't show hand 
*** SUMMARY ***
Total pot $0.55 | Rake $0 
Seat 1: pokeripuikko (button) folded before Flop
Seat 2: skc784 (small blind) folded before Flop
Seat 3: Cyborg_0113 (big blind) collected ($0.55)
Seat 4: Bunny8883 folded before Flop (didn't bet)
Seat 5: Mahu2021 folded before Flop (didn't bet)
Seat 6: oocs folded before Flop (didn't bet)



PokerStars Zoom Hand #255354462171:  Hold'em No Limit ($0.05/$0.10) - 2025/03/19 12:58:54 CET [2025/03/19 7:58:54 ET]
Table 'Aludra' 6-max Seat #1 is the button
Seat 1: luckyviale ($17.28 in chips) 
Seat 2: pepelino19 ($12.59 in chips) 
Seat 3: Mahu2021 ($15.44 in chips) 
Seat 4: Boobslap ($9.92 in chips) 
Seat 5: Woowi1993 ($9.01 in chips) 
Seat 6: Baddream82 ($11.95 in chips) 
pepelino19: posts small blind $0.05
Mahu2021: posts big blind $0.10
*** HOLE CARDS ***
Dealt to Mahu2021 [7d Ad]
Boobslap: raises $0.15 to $0.25
Woowi1993: folds 
Baddream82: folds 
luckyviale: calls $0.25
pepelino19: calls $0.20
Mahu2021: calls $0.15
*** FLOP *** [Kd 7c Th]
pepelino19: checks 
Mahu2021: checks 
Boobslap: bets $0.32
luckyviale: folds 
pepelino19: folds 
Mahu2021: folds 
Uncalled bet ($0.32) returned to Boobslap
Boobslap collected $0.96 from pot
Boobslap: doesn't show hand 
*** SUMMARY ***
Total pot $1 | Rake $0.04 
Board [Kd 7c Th]
Seat 1: luckyviale (button) folded on the Flop
Seat 2: pepelino19 (small blind) folded on the Flop
Seat 3: Mahu2021 (big blind) folded on the Flop
Seat 4: Boobslap collected ($0.96)
Seat 5: Woowi1993 folded before Flop (didn't bet)
Seat 6: Baddream82 folded before Flop (didn't bet)



