PokerStars Zoom Hand #255150871904:  Hold'em No Limit ($0.05/$0.10) - 2025/03/05 16:59:07 CET [2025/03/05 10:59:07 ET]
Table 'Aludra' 6-max Seat #1 is the button
Seat 1: Mahu2021 ($9.85 in chips) 
Seat 2: calum101 ($25.09 in chips) 
Seat 3: qj444 ($10.47 in chips) 
Seat 4: IVERNMAN ($11.39 in chips) 
Seat 5: acd_045 ($10 in chips) 
Seat 6: JWRm8 ($14.06 in chips) 
calum101: posts small blind $0.05
qj444: posts big blind $0.10
*** HOLE CARDS ***
Dealt to Mahu2021 [Kh 6c]
IVERNMAN: folds 
acd_045: folds 
JWRm8: folds 
Mahu2021: folds 
calum101: folds 
Uncalled bet ($0.05) returned to qj444
qj444 collected $0.10 from pot
qj444: doesn't show hand 
*** SUMMARY ***
Total pot $0.10 | Rake $0 
Seat 1: Mahu2021 (button) folded before Flop (didn't bet)
Seat 2: calum101 (small blind) folded before Flop
Seat 3: qj444 (big blind) collected ($0.10)
Seat 4: IVERNMAN folded before Flop (didn't bet)
Seat 5: acd_045 folded before Flop (didn't bet)
Seat 6: JWRm8 folded before Flop (didn't bet)



PokerStars Zoom Hand #255150871312:  Hold'em No Limit ($0.05/$0.10) - 2025/03/05 16:59:03 CET [2025/03/05 10:59:03 ET]
Table 'Aludra' 6-max Seat #1 is the button
Seat 1: investor2ne1 ($4.43 in chips) 
Seat 2: Mahu2021 ($9.90 in chips) 
Seat 3: kSam44 ($9.46 in chips) 
Seat 4: IVERNMAN ($11.39 in chips) 
Seat 5: acd_045 ($10.15 in chips) 
Seat 6: Blast4Sure ($10 in chips) 
Mahu2021: posts small blind $0.05
kSam44: posts big blind $0.10
*** HOLE CARDS ***
Dealt to Mahu2021 [2c 5h]
IVERNMAN: folds 
acd_045: folds 
Blast4Sure: folds 
investor2ne1: raises $0.20 to $0.30
Mahu2021: folds 
kSam44: folds 
Uncalled bet ($0.20) returned to investor2ne1
investor2ne1 collected $0.25 from pot
investor2ne1: doesn't show hand 
*** SUMMARY ***
Total pot $0.25 | Rake $0 
Seat 1: investor2ne1 (button) collected ($0.25)
Seat 2: Mahu2021 (small blind) folded before Flop
Seat 3: kSam44 (big blind) folded before Flop
Seat 4: IVERNMAN folded before Flop (didn't bet)
Seat 5: acd_045 folded before Flop (didn't bet)
Seat 6: Blast4Sure folded before Flop (didn't bet)



PokerStars Zoom Hand #255150869338:  Hold'em No Limit ($0.05/$0.10) - 2025/03/05 16:58:50 CET [2025/03/05 10:58:50 ET]
Table 'Aludra' 6-max Seat #1 is the button
Seat 1: PrixGhiBg ($6.25 in chips) 
Seat 2: czaja99 ($10.83 in chips) 
Seat 3: Mahu2021 ($10 in chips) 
Seat 4: ChuruBDO ($11.15 in chips) 
Seat 5: doctornicola ($19.48 in chips) 
Seat 6: W1ffle ($10 in chips) 
czaja99: posts small blind $0.05
Mahu2021: posts big blind $0.10
*** HOLE CARDS ***
Dealt to Mahu2021 [3c 5d]
ChuruBDO: folds 
doctornicola: folds 
W1ffle: raises $0.13 to $0.23
PrixGhiBg: calls $0.23
czaja99: folds 
Mahu2021: folds 
*** FLOP *** [7h 7d 6d]
W1ffle: checks 
PrixGhiBg: checks 
*** TURN *** [7h 7d 6d] [9s]
W1ffle: bets $0.23
PrixGhiBg: folds 
Uncalled bet ($0.23) returned to W1ffle
W1ffle collected $0.58 from pot
W1ffle: doesn't show hand 
*** SUMMARY ***
Total pot $0.61 | Rake $0.03 
Board [7h 7d 6d 9s]
Seat 1: PrixGhiBg (button) folded on the Turn
Seat 2: czaja99 (small blind) folded before Flop
Seat 3: Mahu2021 (big blind) folded before Flop
Seat 4: ChuruBDO folded before Flop (didn't bet)
Seat 5: doctornicola folded before Flop (didn't bet)
Seat 6: W1ffle collected ($0.58)



PokerStars Zoom Hand #255150870683:  Hold'em No Limit ($0.05/$0.10) - 2025/03/05 16:58:59 CET [2025/03/05 10:58:59 ET]
Table 'Aludra' 6-max Seat #1 is the button
Seat 1: Britniysosni ($17.67 in chips) 
Seat 2: Y.senu ($10.37 in chips) 
Seat 3: reaffiliate ($12.28 in chips) 
Seat 4: vasi0908 ($5.51 in chips) 
Seat 5: Mahu2021 ($9.90 in chips) 
Seat 6: 39REDMAN ($9.85 in chips) 
Y.senu: posts small blind $0.05
reaffiliate: posts big blind $0.10
*** HOLE CARDS ***
Dealt to Mahu2021 [2s 4d]
vasi0908: raises $0.20 to $0.30
Mahu2021: folds 
39REDMAN: folds 
Britniysosni: raises $0.60 to $0.90
Y.senu: folds 
reaffiliate: folds 
vasi0908: calls $0.60
*** FLOP *** [2h 4c Qc]
vasi0908: checks 
Britniysosni: bets $0.61
vasi0908: folds 
Uncalled bet ($0.61) returned to Britniysosni
Britniysosni collected $1.86 from pot
Britniysosni: doesn't show hand 
*** SUMMARY ***
Total pot $1.95 | Rake $0.09 
Board [2h 4c Qc]
Seat 1: Britniysosni (button) collected ($1.86)
Seat 2: Y.senu (small blind) folded before Flop
Seat 3: reaffiliate (big blind) folded before Flop
Seat 4: vasi0908 folded on the Flop
Seat 5: Mahu2021 folded before Flop (didn't bet)
Seat 6: 39REDMAN folded before Flop (didn't bet)



PokerStars Zoom Hand #255150874107:  Hold'em No Limit ($0.05/$0.10) - 2025/03/05 16:59:22 CET [2025/03/05 10:59:22 ET]
Table 'Aludra' 6-max Seat #1 is the button
Seat 1: DripFlex ($9.12 in chips) 
Seat 2: czaja99 ($10.35 in chips) 
Seat 3: Ziggy2929 ($9.55 in chips) 
Seat 4: Mahu2021 ($9.85 in chips) 
Seat 5: Malvaro99 ($14.85 in chips) 
Seat 6: pougia777 ($10 in chips) 
czaja99: posts small blind $0.05
Ziggy2929: posts big blind $0.10
*** HOLE CARDS ***
Dealt to Mahu2021 [3h Jc]
Mahu2021: folds 
Malvaro99: folds 
pougia777: folds 
DripFlex: folds 
czaja99: folds 
Uncalled bet ($0.05) returned to Ziggy2929
Ziggy2929 collected $0.10 from pot
Ziggy2929: doesn't show hand 
*** SUMMARY ***
Total pot $0.10 | Rake $0 
Seat 1: DripFlex (button) folded before Flop (didn't bet)
Seat 2: czaja99 (small blind) folded before Flop
Seat 3: Ziggy2929 (big blind) collected ($0.10)
Seat 4: Mahu2021 folded before Flop (didn't bet)
Seat 5: Malvaro99 folded before Flop (didn't bet)
Seat 6: pougia777 folded before Flop (didn't bet)



PokerStars Zoom Hand #255150872943:  Hold'em No Limit ($0.05/$0.10) - 2025/03/05 16:59:14 CET [2025/03/05 10:59:14 ET]
Table 'Aludra' 6-max Seat #1 is the button
Seat 1: killerspade2 ($4.65 in chips) 
Seat 2: pls4betme_now ($11.66 in chips) 
Seat 3: IVERNMAN ($10.25 in chips) 
Seat 4: Y.senu ($10.32 in chips) 
Seat 5: qj444 ($10 in chips) 
Seat 6: Mahu2021 ($9.85 in chips) 
pls4betme_now: posts small blind $0.05
IVERNMAN: posts big blind $0.10
*** HOLE CARDS ***
Dealt to Mahu2021 [6d Js]
Y.senu: raises $0.15 to $0.25
qj444: folds 
Mahu2021: folds 
killerspade2: folds 
pls4betme_now: folds 
IVERNMAN: folds 
Uncalled bet ($0.15) returned to Y.senu
Y.senu collected $0.25 from pot
Y.senu: doesn't show hand 
*** SUMMARY ***
Total pot $0.25 | Rake $0 
Seat 1: killerspade2 (button) folded before Flop (didn't bet)
Seat 2: pls4betme_now (small blind) folded before Flop
Seat 3: IVERNMAN (big blind) folded before Flop
Seat 4: Y.senu collected ($0.25)
Seat 5: qj444 folded before Flop (didn't bet)
Seat 6: Mahu2021 folded before Flop (didn't bet)



PokerStars Zoom Hand #255150874745:  Hold'em No Limit ($0.05/$0.10) - 2025/03/05 16:59:26 CET [2025/03/05 10:59:26 ET]
Table 'Aludra' 6-max Seat #1 is the button
Seat 1: czaja99 ($10.30 in chips) 
Seat 2: investor2ne1 ($10.46 in chips) 
Seat 3: Mahu2021 ($9.85 in chips) 
Seat 4: LL77764 ($7.33 in chips) 
Seat 5: Gremalcan2020 ($10 in chips) 
Seat 6: augtoth ($12.10 in chips) 
investor2ne1: posts small blind $0.05
Mahu2021: posts big blind $0.10
*** HOLE CARDS ***
Dealt to Mahu2021 [9d Ks]
LL77764: folds 
Gremalcan2020: folds 
augtoth: raises $0.15 to $0.25
czaja99: folds 
investor2ne1: raises $0.60 to $0.85
Mahu2021: folds 
augtoth: folds 
Uncalled bet ($0.60) returned to investor2ne1
investor2ne1 collected $0.60 from pot
investor2ne1: doesn't show hand 
*** SUMMARY ***
Total pot $0.60 | Rake $0 
Seat 1: czaja99 (button) folded before Flop (didn't bet)
Seat 2: investor2ne1 (small blind) collected ($0.60)
Seat 3: Mahu2021 (big blind) folded before Flop
Seat 4: LL77764 folded before Flop (didn't bet)
Seat 5: Gremalcan2020 folded before Flop (didn't bet)
Seat 6: augtoth folded before Flop



PokerStars Zoom Hand #255150877279:  Hold'em No Limit ($0.05/$0.10) - 2025/03/05 16:59:43 CET [2025/03/05 10:59:43 ET]
Table 'Aludra' 6-max Seat #1 is the button
Seat 1: AGX-Gerry ($4.13 in chips) 
Seat 2: Mahu2021 ($9.75 in chips) 
Seat 3: wc3ard ($4.28 in chips) 
Seat 4: kendrid_phil ($17.69 in chips) 
Seat 5: 07terry07 ($7.19 in chips) 
Seat 6: Daramarr ($10.82 in chips) 
Mahu2021: posts small blind $0.05
wc3ard: posts big blind $0.10
*** HOLE CARDS ***
Dealt to Mahu2021 [Th 2s]
kendrid_phil: folds 
07terry07: folds 
Daramarr: folds 
AGX-Gerry: folds 
Mahu2021: folds 
Uncalled bet ($0.05) returned to wc3ard
wc3ard collected $0.10 from pot
wc3ard: doesn't show hand 
*** SUMMARY ***
Total pot $0.10 | Rake $0 
Seat 1: AGX-Gerry (button) folded before Flop (didn't bet)
Seat 2: Mahu2021 (small blind) folded before Flop
Seat 3: wc3ard (big blind) collected ($0.10)
Seat 4: kendrid_phil folded before Flop (didn't bet)
Seat 5: 07terry07 folded before Flop (didn't bet)
Seat 6: Daramarr folded before Flop (didn't bet)



PokerStars Zoom Hand #255150876672:  Hold'em No Limit ($0.05/$0.10) - 2025/03/05 16:59:39 CET [2025/03/05 10:59:39 ET]
Table 'Aludra' 6-max Seat #1 is the button
Seat 1: Mahu2021 ($9.75 in chips) 
Seat 2: JD 2266 E ($9.48 in chips) 
Seat 3: pkr4059 ($9.90 in chips) 
Seat 4: ukcarlos ($10 in chips) 
Seat 5: wc3ard ($4.28 in chips) 
Seat 6: Splitti0901 ($23.75 in chips) 
JD 2266 E: posts small blind $0.05
pkr4059: posts big blind $0.10
*** HOLE CARDS ***
Dealt to Mahu2021 [6h 7c]
ukcarlos: folds 
wc3ard: folds 
Splitti0901: raises $0.20 to $0.30
Mahu2021: folds 
JD 2266 E: folds 
pkr4059: calls $0.20
*** FLOP *** [3c 9h 4d]
pkr4059: checks 
Splitti0901: bets $0.30
pkr4059: folds 
Uncalled bet ($0.30) returned to Splitti0901
Splitti0901 collected $0.61 from pot
Splitti0901: doesn't show hand 
*** SUMMARY ***
Total pot $0.65 | Rake $0.04 
Board [3c 9h 4d]
Seat 1: Mahu2021 (button) folded before Flop (didn't bet)
Seat 2: JD 2266 E (small blind) folded before Flop
Seat 3: pkr4059 (big blind) folded on the Flop
Seat 4: ukcarlos folded before Flop (didn't bet)
Seat 5: wc3ard folded before Flop (didn't bet)
Seat 6: Splitti0901 collected ($0.61)



PokerStars Zoom Hand #255150873504:  Hold'em No Limit ($0.05/$0.10) - 2025/03/05 16:59:18 CET [2025/03/05 10:59:18 ET]
Table 'Aludra' 6-max Seat #1 is the button
Seat 1: Thunder155 ($11.28 in chips) 
Seat 2: maxjenics ($15.14 in chips) 
Seat 3: Windows 21xp ($11.87 in chips) 
Seat 4: Mahu2021 ($9.85 in chips) 
Seat 5: calum101 ($15.26 in chips) 
Seat 6: pkr4059 ($9.95 in chips) 
maxjenics: posts small blind $0.05
Windows 21xp: posts big blind $0.10
*** HOLE CARDS ***
Dealt to Mahu2021 [4h As]
Mahu2021: folds 
calum101: raises $0.15 to $0.25
pkr4059: folds 
Thunder155: folds 
maxjenics: calls $0.20
Windows 21xp: folds 
*** FLOP *** [9c 9d 2c]
maxjenics: bets $0.29
calum101: calls $0.29
*** TURN *** [9c 9d 2c] [9h]
maxjenics: bets $0.57
calum101: calls $0.57
*** RIVER *** [9c 9d 2c 9h] [5h]
maxjenics: bets $0.67
calum101: calls $0.67
*** SHOW DOWN ***
maxjenics: shows [Td Th] (a full house, Nines full of Tens)
calum101: mucks hand 
maxjenics collected $3.50 from pot
*** SUMMARY ***
Total pot $3.66 | Rake $0.16 
Board [9c 9d 2c 9h 5h]
Seat 1: Thunder155 (button) folded before Flop (didn't bet)
Seat 2: maxjenics (small blind) showed [Td Th] and won ($3.50) with a full house, Nines full of Tens
Seat 3: Windows 21xp (big blind) folded before Flop
Seat 4: Mahu2021 folded before Flop (didn't bet)
Seat 5: calum101 mucked [5c Ac]
Seat 6: pkr4059 folded before Flop (didn't bet)



PokerStars Zoom Hand #255150878526:  Hold'em No Limit ($0.05/$0.10) - 2025/03/05 16:59:51 CET [2025/03/05 10:59:51 ET]
Table 'Aludra' 6-max Seat #1 is the button
Seat 1: acd_045 ($10.15 in chips) 
Seat 2: czaja99 ($10.73 in chips) 
Seat 3: L3OMONT3IRO ($8.44 in chips) 
Seat 4: AGX-Gerry ($4.13 in chips) 
Seat 5: Mahu2021 ($9.70 in chips) 
Seat 6: vasi0908 ($4.71 in chips) 
czaja99: posts small blind $0.05
L3OMONT3IRO: posts big blind $0.10
*** HOLE CARDS ***
Dealt to Mahu2021 [5c Qh]
AGX-Gerry: folds 
Mahu2021: folds 
vasi0908: raises $0.10 to $0.20
acd_045: folds 
czaja99: folds 
L3OMONT3IRO: calls $0.10
*** FLOP *** [Td 8d Ad]
L3OMONT3IRO: checks 
vasi0908: bets $0.20
L3OMONT3IRO: raises $0.64 to $0.84
vasi0908: folds 
Uncalled bet ($0.64) returned to L3OMONT3IRO
L3OMONT3IRO collected $0.81 from pot
L3OMONT3IRO: doesn't show hand 
*** SUMMARY ***
Total pot $0.85 | Rake $0.04 
Board [Td 8d Ad]
Seat 1: acd_045 (button) folded before Flop (didn't bet)
Seat 2: czaja99 (small blind) folded before Flop
Seat 3: L3OMONT3IRO (big blind) collected ($0.81)
Seat 4: AGX-Gerry folded before Flop (didn't bet)
Seat 5: Mahu2021 folded before Flop (didn't bet)
Seat 6: vasi0908 folded on the Flop



PokerStars Zoom Hand #255150879159:  Hold'em No Limit ($0.05/$0.10) - 2025/03/05 16:59:55 CET [2025/03/05 10:59:55 ET]
Table 'Aludra' 6-max Seat #1 is the button
Seat 1: riiigggeeed ($11.88 in chips) 
Seat 2: Ziggy2929 ($9.75 in chips) 
Seat 3: Mahu2021 ($9.70 in chips) 
Seat 4: N|ghtm@r3 94 ($10.95 in chips) 
Seat 5: JonTagaryen1 ($28.80 in chips) 
Seat 6: W1ffle ($16.55 in chips) 
Ziggy2929: posts small blind $0.05
Mahu2021: posts big blind $0.10
*** HOLE CARDS ***
Dealt to Mahu2021 [8c Tc]
N|ghtm@r3 94: raises $0.16 to $0.26
JonTagaryen1: folds 
W1ffle: folds 
riiigggeeed: folds 
Ziggy2929: calls $0.21
Mahu2021: calls $0.16
*** FLOP *** [9d Jh 2c]
Ziggy2929: checks 
Mahu2021: checks 
N|ghtm@r3 94: checks 
*** TURN *** [9d Jh 2c] [Td]
Ziggy2929: checks 
Mahu2021: checks 
N|ghtm@r3 94: checks 
*** RIVER *** [9d Jh 2c Td] [9h]
Ziggy2929: checks 
Mahu2021: bets $0.30
N|ghtm@r3 94: folds 
Ziggy2929: folds 
Uncalled bet ($0.30) returned to Mahu2021
Mahu2021 collected $0.74 from pot
Mahu2021: doesn't show hand 
*** SUMMARY ***
Total pot $0.78 | Rake $0.04 
Board [9d Jh 2c Td 9h]
Seat 1: riiigggeeed (button) folded before Flop (didn't bet)
Seat 2: Ziggy2929 (small blind) folded on the River
Seat 3: Mahu2021 (big blind) collected ($0.74)
Seat 4: N|ghtm@r3 94 folded on the River
Seat 5: JonTagaryen1 folded before Flop (didn't bet)
Seat 6: W1ffle folded before Flop (didn't bet)



PokerStars Zoom Hand #255150877893:  Hold'em No Limit ($0.05/$0.10) - 2025/03/05 16:59:47 CET [2025/03/05 10:59:47 ET]
Table 'Aludra' 6-max Seat #1 is the button
Seat 1: augtoth ($11.85 in chips) 
Seat 2: IVERNMAN ($10.20 in chips) 
Seat 3: Daramarr ($10.82 in chips) 
Seat 4: investor2ne1 ($5.77 in chips) 
Seat 5: calum101 ($23.19 in chips) 
Seat 6: Mahu2021 ($9.70 in chips) 
IVERNMAN: posts small blind $0.05
Daramarr: posts big blind $0.10
*** HOLE CARDS ***
Dealt to Mahu2021 [Qc 4h]
investor2ne1: folds 
calum101: folds 
Mahu2021: folds 
augtoth: folds 
IVERNMAN: raises $0.20 to $0.30
Daramarr: calls $0.20
*** FLOP *** [2c 5s Td]
IVERNMAN: checks 
Daramarr: checks 
*** TURN *** [2c 5s Td] [Qs]
IVERNMAN: checks 
Daramarr: checks 
*** RIVER *** [2c 5s Td Qs] [Ad]
IVERNMAN: checks 
Daramarr: checks 
*** SHOW DOWN ***
IVERNMAN: shows [6d 3h] (high card Ace)
Daramarr: shows [4d Kd] (high card Ace - King kicker)
Daramarr collected $0.57 from pot
*** SUMMARY ***
Total pot $0.60 | Rake $0.03 
Board [2c 5s Td Qs Ad]
Seat 1: augtoth (button) folded before Flop (didn't bet)
Seat 2: IVERNMAN (small blind) showed [6d 3h] and lost with high card Ace
Seat 3: Daramarr (big blind) showed [4d Kd] and won ($0.57) with high card Ace
Seat 4: investor2ne1 folded before Flop (didn't bet)
Seat 5: calum101 folded before Flop (didn't bet)
Seat 6: Mahu2021 folded before Flop (didn't bet)



PokerStars Zoom Hand #255150886381:  Hold'em No Limit ($0.05/$0.10) - 2025/03/05 17:00:41 CET [2025/03/05 11:00:41 ET]
Table 'Aludra' 6-max Seat #1 is the button
Seat 1: Thunder155 ($11.28 in chips) 
Seat 2: Mahu2021 ($10.18 in chips) 
Seat 3: Splitti0901 ($25.86 in chips) 
Seat 4: N|ghtm@r3 94 ($24.95 in chips) 
Seat 5: ukcarlos ($10 in chips) 
Seat 6: DanC996 ($11.22 in chips) 
Mahu2021: posts small blind $0.05
Splitti0901: posts big blind $0.10
*** HOLE CARDS ***
Dealt to Mahu2021 [Jd 8s]
N|ghtm@r3 94: raises $0.16 to $0.26
ukcarlos: folds 
DanC996: folds 
Thunder155: folds 
Mahu2021: folds 
Splitti0901: folds 
Uncalled bet ($0.16) returned to N|ghtm@r3 94
N|ghtm@r3 94 collected $0.25 from pot
N|ghtm@r3 94: doesn't show hand 
*** SUMMARY ***
Total pot $0.25 | Rake $0 
Seat 1: Thunder155 (button) folded before Flop (didn't bet)
Seat 2: Mahu2021 (small blind) folded before Flop
Seat 3: Splitti0901 (big blind) folded before Flop
Seat 4: N|ghtm@r3 94 collected ($0.25)
Seat 5: ukcarlos folded before Flop (didn't bet)
Seat 6: DanC996 folded before Flop (didn't bet)



PokerStars Zoom Hand #255150887961:  Hold'em No Limit ($0.05/$0.10) - 2025/03/05 17:00:50 CET [2025/03/05 11:00:50 ET]
Table 'Aludra' 6-max Seat #1 is the button
Seat 1: NeetAce ($28.21 in chips) 
Seat 2: IVERNMAN ($10 in chips) 
Seat 3: acd_045 ($10.10 in chips) 
Seat 4: swen22800 ($29.03 in chips) 
Seat 5: Mahu2021 ($10.13 in chips) 
Seat 6: kolosuke ($13.44 in chips) 
IVERNMAN: posts small blind $0.05
acd_045: posts big blind $0.10
*** HOLE CARDS ***
Dealt to Mahu2021 [5h 2d]
swen22800: folds 
Mahu2021: folds 
kolosuke: raises $0.15 to $0.25
NeetAce: folds 
IVERNMAN: raises $0.95 to $1.20
acd_045: folds 
kolosuke: folds 
Uncalled bet ($0.95) returned to IVERNMAN
IVERNMAN collected $0.60 from pot
IVERNMAN: doesn't show hand 
*** SUMMARY ***
Total pot $0.60 | Rake $0 
Seat 1: NeetAce (button) folded before Flop (didn't bet)
Seat 2: IVERNMAN (small blind) collected ($0.60)
Seat 3: acd_045 (big blind) folded before Flop
Seat 4: swen22800 folded before Flop (didn't bet)
Seat 5: Mahu2021 folded before Flop (didn't bet)
Seat 6: kolosuke folded before Flop



PokerStars Zoom Hand #255150887262:  Hold'em No Limit ($0.05/$0.10) - 2025/03/05 17:00:46 CET [2025/03/05 11:00:46 ET]
Table 'Aludra' 6-max Seat #1 is the button
Seat 1: Mahu2021 ($10.13 in chips) 
Seat 2: Always Thx ($13.33 in chips) 
Seat 3: kSam44 ($8.96 in chips) 
Seat 4: czaja99 ($10.41 in chips) 
Seat 5: Kadjadaniell ($11.68 in chips) 
Seat 6: milleke1979 ($6.76 in chips) 
Always Thx: posts small blind $0.05
kSam44: posts big blind $0.10
*** HOLE CARDS ***
Dealt to Mahu2021 [Ts 4h]
czaja99: raises $0.10 to $0.20
Kadjadaniell: raises $0.10 to $0.30
milleke1979: folds 
Mahu2021: folds 
Always Thx: folds 
kSam44: calls $0.20
czaja99: calls $0.10
*** FLOP *** [Jd 3s Kc]
kSam44: bets $0.20
czaja99: folds 
Kadjadaniell: folds 
Uncalled bet ($0.20) returned to kSam44
kSam44 collected $0.91 from pot
kSam44: doesn't show hand 
*** SUMMARY ***
Total pot $0.95 | Rake $0.04 
Board [Jd 3s Kc]
Seat 1: Mahu2021 (button) folded before Flop (didn't bet)
Seat 2: Always Thx (small blind) folded before Flop
Seat 3: kSam44 (big blind) collected ($0.91)
Seat 4: czaja99 folded on the Flop
Seat 5: Kadjadaniell folded on the Flop
Seat 6: milleke1979 folded before Flop (didn't bet)



PokerStars Zoom Hand #255150889309:  Hold'em No Limit ($0.05/$0.10) - 2025/03/05 17:00:58 CET [2025/03/05 11:00:58 ET]
Table 'Aludra' 6-max Seat #1 is the button
Seat 1: augtoth ($14.72 in chips) 
Seat 2: ChuruBDO ($11.30 in chips) 
Seat 3: Mahu2021 ($10.13 in chips) 
Seat 4: AGX-Gerry ($3.88 in chips) 
Seat 5: czaja99 ($10 in chips) 
Seat 6: acd_045 ($10 in chips) 
ChuruBDO: posts small blind $0.05
Mahu2021: posts big blind $0.10
*** HOLE CARDS ***
Dealt to Mahu2021 [5h 4c]
AGX-Gerry: folds 
czaja99: folds 
acd_045: folds 
augtoth: folds 
ChuruBDO: folds 
Uncalled bet ($0.05) returned to Mahu2021
Mahu2021 collected $0.10 from pot
Mahu2021: doesn't show hand 
*** SUMMARY ***
Total pot $0.10 | Rake $0 
Seat 1: augtoth (button) folded before Flop (didn't bet)
Seat 2: ChuruBDO (small blind) folded before Flop
Seat 3: Mahu2021 (big blind) collected ($0.10)
Seat 4: AGX-Gerry folded before Flop (didn't bet)
Seat 5: czaja99 folded before Flop (didn't bet)
Seat 6: acd_045 folded before Flop (didn't bet)



PokerStars Zoom Hand #255150888689:  Hold'em No Limit ($0.05/$0.10) - 2025/03/05 17:00:55 CET [2025/03/05 11:00:55 ET]
Table 'Aludra' 6-max Seat #1 is the button
Seat 1: JDYOLL ($21.04 in chips) 
Seat 2: Thunder155 ($10.99 in chips) 
Seat 3: looser00091 ($18.41 in chips) 
Seat 4: Mahu2021 ($10.13 in chips) 
Seat 5: iron b-man ($10.07 in chips) 
Seat 6: Bamblbi2G ($9.65 in chips) 
Thunder155: posts small blind $0.05
looser00091: posts big blind $0.10
*** HOLE CARDS ***
Dealt to Mahu2021 [3c Kc]
Mahu2021: folds 
iron b-man: folds 
Bamblbi2G: calls $0.10
JDYOLL: raises $0.30 to $0.40
Thunder155: folds 
looser00091: folds 
Bamblbi2G: folds 
Uncalled bet ($0.30) returned to JDYOLL
JDYOLL collected $0.35 from pot
JDYOLL: doesn't show hand 
*** SUMMARY ***
Total pot $0.35 | Rake $0 
Seat 1: JDYOLL (button) collected ($0.35)
Seat 2: Thunder155 (small blind) folded before Flop
Seat 3: looser00091 (big blind) folded before Flop
Seat 4: Mahu2021 folded before Flop (didn't bet)
Seat 5: iron b-man folded before Flop (didn't bet)
Seat 6: Bamblbi2G folded before Flop



PokerStars Zoom Hand #255150892252:  Hold'em No Limit ($0.05/$0.10) - 2025/03/05 17:01:14 CET [2025/03/05 11:01:14 ET]
Table 'Aludra' 6-max Seat #1 is the button
Seat 1: W1ffle ($15.91 in chips) 
Seat 2: milleke1979 ($6.66 in chips) 
Seat 3: iron b-man ($10.17 in chips) 
Seat 4: pls4betme_now ($12.30 in chips) 
Seat 5: Magoya8 ($43.64 in chips) 
Seat 6: Mahu2021 ($10.18 in chips) 
milleke1979: posts small blind $0.05
iron b-man: posts big blind $0.10
*** HOLE CARDS ***
Dealt to Mahu2021 [Td Js]
pls4betme_now: folds 
Magoya8: folds 
Mahu2021: raises $0.14 to $0.24
W1ffle: folds 
milleke1979: folds 
iron b-man: folds 
Uncalled bet ($0.14) returned to Mahu2021
Mahu2021 collected $0.25 from pot
Mahu2021: doesn't show hand 
*** SUMMARY ***
Total pot $0.25 | Rake $0 
Seat 1: W1ffle (button) folded before Flop (didn't bet)
Seat 2: milleke1979 (small blind) folded before Flop
Seat 3: iron b-man (big blind) folded before Flop
Seat 4: pls4betme_now folded before Flop (didn't bet)
Seat 5: Magoya8 folded before Flop (didn't bet)
Seat 6: Mahu2021 collected ($0.25)



PokerStars Zoom Hand #255150895542:  Hold'em No Limit ($0.05/$0.10) - 2025/03/05 17:01:31 CET [2025/03/05 11:01:31 ET]
Table 'Aludra' 6-max Seat #1 is the button
Seat 1: acd_045 ($10 in chips) 
Seat 2: Mahu2021 ($10.33 in chips) 
Seat 3: Juninhohhsilva ($10 in chips) 
Seat 4: doctornicola ($17.89 in chips) 
Seat 5: Bur1k ($5.92 in chips) 
Seat 6: Windows 21xp ($12.57 in chips) 
Mahu2021: posts small blind $0.05
Juninhohhsilva: posts big blind $0.10
*** HOLE CARDS ***
Dealt to Mahu2021 [Tc 3d]
doctornicola: folds 
Bur1k: folds 
Windows 21xp: folds 
acd_045: folds 
Mahu2021: folds 
Uncalled bet ($0.05) returned to Juninhohhsilva
Juninhohhsilva collected $0.10 from pot
Juninhohhsilva: doesn't show hand 
*** SUMMARY ***
Total pot $0.10 | Rake $0 
Seat 1: acd_045 (button) folded before Flop (didn't bet)
Seat 2: Mahu2021 (small blind) folded before Flop
Seat 3: Juninhohhsilva (big blind) collected ($0.10)
Seat 4: doctornicola folded before Flop (didn't bet)
Seat 5: Bur1k folded before Flop (didn't bet)
Seat 6: Windows 21xp folded before Flop (didn't bet)



PokerStars Zoom Hand #255150896722:  Hold'em No Limit ($0.05/$0.10) - 2025/03/05 17:01:36 CET [2025/03/05 11:01:36 ET]
Table 'Aludra' 6-max Seat #1 is the button
Seat 1: kjmrc ($20.48 in chips) 
Seat 2: Pirkko1962 ($5.79 in chips) 
Seat 3: acd_045 ($10 in chips) 
Seat 4: Mahu2021 ($10.28 in chips) 
Seat 5: investor2ne1 ($6.16 in chips) 
Seat 6: milleke1979 ($6.66 in chips) 
Pirkko1962: posts small blind $0.05
acd_045: posts big blind $0.10
*** HOLE CARDS ***
Dealt to Mahu2021 [5c 8h]
Mahu2021: folds 
investor2ne1: folds 
milleke1979: folds 
kjmrc: folds 
Pirkko1962: raises $0.20 to $0.30
acd_045: raises $0.60 to $0.90
Pirkko1962: raises $4.89 to $5.79 and is all-in
acd_045: folds 
Uncalled bet ($4.89) returned to Pirkko1962
Pirkko1962 collected $1.80 from pot
Pirkko1962: doesn't show hand 
*** SUMMARY ***
Total pot $1.80 | Rake $0 
Seat 1: kjmrc (button) folded before Flop (didn't bet)
Seat 2: Pirkko1962 (small blind) collected ($1.80)
Seat 3: acd_045 (big blind) folded before Flop
Seat 4: Mahu2021 folded before Flop (didn't bet)
Seat 5: investor2ne1 folded before Flop (didn't bet)
Seat 6: milleke1979 folded before Flop (didn't bet)



PokerStars Zoom Hand #255150899580:  Hold'em No Limit ($0.05/$0.10) - 2025/03/05 17:01:52 CET [2025/03/05 11:01:52 ET]
Table 'Aludra' 6-max Seat #1 is the button
Seat 1: Britniysosni ($18.33 in chips) 
Seat 2: milleke1979 ($4.79 in chips) 
Seat 3: W1ffle ($16.01 in chips) 
Seat 4: siba1975 ($24.91 in chips) 
Seat 5: Boobslap ($8.96 in chips) 
Seat 6: Mahu2021 ($10.28 in chips) 
milleke1979: posts small blind $0.05
W1ffle: posts big blind $0.10
*** HOLE CARDS ***
Dealt to Mahu2021 [5d 3c]
siba1975: folds 
Boobslap: folds 
Mahu2021: folds 
Britniysosni: folds 
milleke1979: folds 
Uncalled bet ($0.05) returned to W1ffle
W1ffle collected $0.10 from pot
W1ffle: doesn't show hand 
*** SUMMARY ***
Total pot $0.10 | Rake $0 
Seat 1: Britniysosni (button) folded before Flop (didn't bet)
Seat 2: milleke1979 (small blind) folded before Flop
Seat 3: W1ffle (big blind) collected ($0.10)
Seat 4: siba1975 folded before Flop (didn't bet)
Seat 5: Boobslap folded before Flop (didn't bet)
Seat 6: Mahu2021 folded before Flop (didn't bet)



PokerStars Zoom Hand #255150897562:  Hold'em No Limit ($0.05/$0.10) - 2025/03/05 17:01:41 CET [2025/03/05 11:01:41 ET]
Table 'Aludra' 6-max Seat #1 is the button
Seat 1: DanC996 ($10 in chips) 
Seat 2: crysjuhyan ($7.90 in chips) 
Seat 3: czaja99 ($10 in chips) 
Seat 4: pls4betme_now ($12.65 in chips) 
Seat 5: Mahu2021 ($10.28 in chips) 
Seat 6: BluesUK ($22.54 in chips) 
crysjuhyan: posts small blind $0.05
czaja99: posts big blind $0.10
*** HOLE CARDS ***
Dealt to Mahu2021 [2s 4d]
pls4betme_now: folds 
Mahu2021: folds 
BluesUK: folds 
DanC996: folds 
crysjuhyan: raises $0.10 to $0.20
czaja99: calls $0.10
*** FLOP *** [Qs 3c 2h]
crysjuhyan: bets $0.20
czaja99: folds 
Uncalled bet ($0.20) returned to crysjuhyan
crysjuhyan collected $0.38 from pot
crysjuhyan: doesn't show hand 
*** SUMMARY ***
Total pot $0.40 | Rake $0.02 
Board [Qs 3c 2h]
Seat 1: DanC996 (button) folded before Flop (didn't bet)
Seat 2: crysjuhyan (small blind) collected ($0.38)
Seat 3: czaja99 (big blind) folded on the Flop
Seat 4: pls4betme_now folded before Flop (didn't bet)
Seat 5: Mahu2021 folded before Flop (didn't bet)
Seat 6: BluesUK folded before Flop (didn't bet)



PokerStars Zoom Hand #255150898614:  Hold'em No Limit ($0.05/$0.10) - 2025/03/05 17:01:47 CET [2025/03/05 11:01:47 ET]
Table 'Aludra' 6-max Seat #1 is the button
Seat 1: Mahu2021 ($10.28 in chips) 
Seat 2: calum101 ($23.09 in chips) 
Seat 3: Always Thx ($19.45 in chips) 
Seat 4: tryanother66 ($9.37 in chips) 
Seat 5: Boobslap ($8.96 in chips) 
Seat 6: Splitti0901 ($26.21 in chips) 
calum101: posts small blind $0.05
Always Thx: posts big blind $0.10
*** HOLE CARDS ***
Dealt to Mahu2021 [6h Th]
tryanother66: folds 
Boobslap: folds 
Splitti0901: calls $0.10
Mahu2021: folds 
calum101: folds 
Always Thx: checks 
*** FLOP *** [7h Kd 9d]
Always Thx: checks 
Splitti0901: checks 
*** TURN *** [7h Kd 9d] [Ac]
Always Thx: checks 
Splitti0901: checks 
*** RIVER *** [7h Kd 9d Ac] [3s]
Always Thx: checks 
Splitti0901: bets $0.24
Always Thx: folds 
Uncalled bet ($0.24) returned to Splitti0901
Splitti0901 collected $0.24 from pot
Splitti0901: doesn't show hand 
*** SUMMARY ***
Total pot $0.25 | Rake $0.01 
Board [7h Kd 9d Ac 3s]
Seat 1: Mahu2021 (button) folded before Flop (didn't bet)
Seat 2: calum101 (small blind) folded before Flop
Seat 3: Always Thx (big blind) folded on the River
Seat 4: tryanother66 folded before Flop (didn't bet)
Seat 5: Boobslap folded before Flop (didn't bet)
Seat 6: Splitti0901 collected ($0.24)



PokerStars Zoom Hand #255150900250:  Hold'em No Limit ($0.05/$0.10) - 2025/03/05 17:01:55 CET [2025/03/05 11:01:55 ET]
Table 'Aludra' 6-max Seat #1 is the button
Seat 1: AGX-Gerry ($3.73 in chips) 
Seat 2: DanC996 ($10 in chips) 
Seat 3: siba1975 ($24.91 in chips) 
Seat 4: Mahu2021 ($10.28 in chips) 
Seat 5: aaasss422 ($10.89 in chips) 
Seat 6: PrixGhiBg ($7.62 in chips) 
DanC996: posts small blind $0.05
siba1975: posts big blind $0.10
*** HOLE CARDS ***
Dealt to Mahu2021 [Jd 8c]
Mahu2021: folds 
aaasss422: raises $0.25 to $0.35
PrixGhiBg: folds 
AGX-Gerry: folds 
DanC996: calls $0.30
siba1975: calls $0.25
*** FLOP *** [2s 2d 2c]
DanC996: checks 
siba1975: checks 
aaasss422: checks 
*** TURN *** [2s 2d 2c] [4s]
DanC996: checks 
siba1975: checks 
aaasss422: checks 
*** RIVER *** [2s 2d 2c 4s] [Ad]
DanC996: checks 
siba1975: checks 
aaasss422: checks 
*** SHOW DOWN ***
DanC996: shows [Qs Tc] (three of a kind, Deuces)
siba1975: shows [Th Kc] (three of a kind, Deuces - Ace+King kicker)
aaasss422: shows [Ah Qd] (a full house, Deuces full of Aces)
aaasss422 collected $0.99 from pot
*** SUMMARY ***
Total pot $1.05 | Rake $0.06 
Board [2s 2d 2c 4s Ad]
Seat 1: AGX-Gerry (button) folded before Flop (didn't bet)
Seat 2: DanC996 (small blind) showed [Qs Tc] and lost with three of a kind, Deuces
Seat 3: siba1975 (big blind) showed [Th Kc] and lost with three of a kind, Deuces
Seat 4: Mahu2021 folded before Flop (didn't bet)
Seat 5: aaasss422 showed [Ah Qd] and won ($0.99) with a full house, Deuces full of Aces
Seat 6: PrixGhiBg folded before Flop (didn't bet)



PokerStars Zoom Hand #255150901056:  Hold'em No Limit ($0.05/$0.10) - 2025/03/05 17:01:59 CET [2025/03/05 11:01:59 ET]
Table 'Aludra' 6-max Seat #1 is the button
Seat 1: iudicus ($10 in chips) 
Seat 2: Windows 21xp ($12.47 in chips) 
Seat 3: Mahu2021 ($10.28 in chips) 
Seat 4: czaja99 ($10.68 in chips) 
Seat 5: Britniysosni ($24.84 in chips) 
Seat 6: qj444 ($10.84 in chips) 
Windows 21xp: posts small blind $0.05
Mahu2021: posts big blind $0.10
*** HOLE CARDS ***
Dealt to Mahu2021 [8h Qc]
czaja99: folds 
Britniysosni: folds 
qj444: raises $0.15 to $0.25
iudicus: raises $0.65 to $0.90
Windows 21xp: folds 
Mahu2021: folds 
qj444: folds 
Uncalled bet ($0.65) returned to iudicus
iudicus collected $0.65 from pot
iudicus: doesn't show hand 
*** SUMMARY ***
Total pot $0.65 | Rake $0 
Seat 1: iudicus (button) collected ($0.65)
Seat 2: Windows 21xp (small blind) folded before Flop
Seat 3: Mahu2021 (big blind) folded before Flop
Seat 4: czaja99 folded before Flop (didn't bet)
Seat 5: Britniysosni folded before Flop (didn't bet)
Seat 6: qj444 folded before Flop



PokerStars Zoom Hand #255150903059:  Hold'em No Limit ($0.05/$0.10) - 2025/03/05 17:02:09 CET [2025/03/05 11:02:09 ET]
Table 'Aludra' 6-max Seat #1 is the button
Seat 1: Bur1k ($5 in chips) 
Seat 2: Mahu2021 ($10.18 in chips) 
Seat 3: Thunder155 ($11.48 in chips) 
Seat 4: IVERNMAN ($11.64 in chips) 
Seat 5: augtoth ($11.59 in chips) 
Seat 6: investor2ne1 ($10.80 in chips) 
Mahu2021: posts small blind $0.05
Thunder155: posts big blind $0.10
*** HOLE CARDS ***
Dealt to Mahu2021 [Qh Jh]
IVERNMAN: folds 
augtoth: folds 
investor2ne1: folds 
Bur1k: raises $0.15 to $0.25
Mahu2021: raises $0.85 to $1.10
Thunder155: folds 
Bur1k: calls $0.85
*** FLOP *** [7h Ad 5d]
Mahu2021: bets $1.10
Bur1k: folds 
Uncalled bet ($1.10) returned to Mahu2021
Mahu2021 collected $2.20 from pot
Mahu2021: doesn't show hand 
*** SUMMARY ***
Total pot $2.30 | Rake $0.10 
Board [7h Ad 5d]
Seat 1: Bur1k (button) folded on the Flop
Seat 2: Mahu2021 (small blind) collected ($2.20)
Seat 3: Thunder155 (big blind) folded before Flop
Seat 4: IVERNMAN folded before Flop (didn't bet)
Seat 5: augtoth folded before Flop (didn't bet)
Seat 6: investor2ne1 folded before Flop (didn't bet)



PokerStars Zoom Hand #255150912852:  Hold'em No Limit ($0.05/$0.10) - 2025/03/05 17:03:00 CET [2025/03/05 11:03:00 ET]
Table 'Aludra' 6-max Seat #1 is the button
Seat 1: Mahu2021 ($11.28 in chips) 
Seat 2: 39REDMAN ($8.03 in chips) 
Seat 3: augtoth ($14.74 in chips) 
Seat 4: weedan ($9.21 in chips) 
Seat 5: JDYOLL ($17.04 in chips) 
Seat 6: maxjenics ($14.97 in chips) 
39REDMAN: posts small blind $0.05
augtoth: posts big blind $0.10
*** HOLE CARDS ***
Dealt to Mahu2021 [Qs Ks]
weedan: folds 
JDYOLL: folds 
maxjenics: raises $0.15 to $0.25
Mahu2021: folds 
39REDMAN: folds 
augtoth: folds 
Uncalled bet ($0.15) returned to maxjenics
maxjenics collected $0.25 from pot
maxjenics: doesn't show hand 
*** SUMMARY ***
Total pot $0.25 | Rake $0 
Seat 1: Mahu2021 (button) folded before Flop (didn't bet)
Seat 2: 39REDMAN (small blind) folded before Flop
Seat 3: augtoth (big blind) folded before Flop
Seat 4: weedan folded before Flop (didn't bet)
Seat 5: JDYOLL folded before Flop (didn't bet)
Seat 6: maxjenics collected ($0.25)



