PokerStars Zoom Hand #247014488429:  Hold'em No Limit ($0.01/$0.02) - 2023/11/09 20:39:47 CET [2023/11/09 14:39:47 ET]
Table 'Halley' 6-max Seat #1 is the button
Seat 1: Crisium B ($2.94 in chips) 
Seat 2: ash1448 ($3.13 in chips) 
Seat 3: Mahu2021 ($1.70 in chips) 
Seat 4: ctrl-z669 ($4.15 in chips) 
Seat 5: zemartin17 ($1.20 in chips) 
Seat 6: marcio14 ($2.03 in chips) 
ash1448: posts small blind $0.01
Mahu2021: posts big blind $0.02
*** HOLE CARDS ***
Dealt to Mahu2021 [5h 2s]
ctrl-z669: folds 
zemartin17: folds 
marcio14: folds 
Crisium B: folds 
ash1448: raises $0.04 to $0.06
Mahu2021: calls $0.04
*** FLOP *** [Td Kd 4s]
ash1448: bets $0.03
Mahu2021: folds 
Uncalled bet ($0.03) returned to ash1448
ash1448 collected $0.12 from pot
ash1448: doesn't show hand 
*** SUMMARY ***
Total pot $0.12 | Rake $0 
Board [Td Kd 4s]
Seat 1: Crisium B (button) folded before Flop (didn't bet)
Seat 2: ash1448 (small blind) collected ($0.12)
Seat 3: Mahu2021 (big blind) folded on the Flop
Seat 4: ctrl-z669 folded before Flop (didn't bet)
Seat 5: zemartin17 folded before Flop (didn't bet)
Seat 6: marcio14 folded before Flop (didn't bet)



PokerStars Zoom Hand #247014493590:  Hold'em No Limit ($0.01/$0.02) - 2023/11/09 20:40:01 CET [2023/11/09 14:40:01 ET]
Table 'Halley' 6-max Seat #1 is the button
Seat 1: Mahu2021 ($1.64 in chips) 
Seat 2: marcio14 ($2.65 in chips) 
Seat 3: jagiellonia1 ($1.01 in chips) 
Seat 4: psdgr3 ($6.84 in chips) 
Seat 5: Juggstar ($1.98 in chips) 
Seat 6: jackdanius ($1.59 in chips) 
marcio14: posts small blind $0.01
jagiellonia1: posts big blind $0.02
*** HOLE CARDS ***
Dealt to Mahu2021 [6c 6d]
psdgr3: folds 
Juggstar: folds 
jackdanius: folds 
Mahu2021: raises $0.02 to $0.04
marcio14: folds 
jagiellonia1: calls $0.02
*** FLOP *** [Kc 7d 2d]
jagiellonia1: checks 
Mahu2021: bets $0.04
jagiellonia1: calls $0.04
*** TURN *** [Kc 7d 2d] [Ac]
jagiellonia1: checks 
Mahu2021: checks 
*** RIVER *** [Kc 7d 2d Ac] [Ts]
jagiellonia1: checks 
Mahu2021: checks 
*** SHOW DOWN ***
jagiellonia1: shows [2c Qc] (a pair of Deuces)
Mahu2021: shows [6c 6d] (a pair of Sixes)
Mahu2021 collected $0.16 from pot
*** SUMMARY ***
Total pot $0.17 | Rake $0.01 
Board [Kc 7d 2d Ac Ts]
Seat 1: Mahu2021 (button) showed [6c 6d] and won ($0.16) with a pair of Sixes
Seat 2: marcio14 (small blind) folded before Flop
Seat 3: jagiellonia1 (big blind) showed [2c Qc] and lost with a pair of Deuces
Seat 4: psdgr3 folded before Flop (didn't bet)
Seat 5: Juggstar folded before Flop (didn't bet)
Seat 6: jackdanius folded before Flop (didn't bet)



PokerStars Zoom Hand #247014501400:  Hold'em No Limit ($0.01/$0.02) - 2023/11/09 20:40:23 CET [2023/11/09 14:40:23 ET]
Table 'Halley' 6-max Seat #1 is the button
Seat 1: moneyminsk ($1.99 in chips) 
Seat 2: Mahu2021 ($1.72 in chips) 
Seat 3: LeandroAku ($2.39 in chips) 
Seat 4: Stun-tcha ($2.04 in chips) 
Seat 5: flipflop434 ($0.85 in chips) 
Seat 6: Gattini37 ($2.57 in chips) 
Mahu2021: posts small blind $0.01
LeandroAku: posts big blind $0.02
*** HOLE CARDS ***
Dealt to Mahu2021 [9d 4c]
Stun-tcha: folds 
flipflop434: folds 
Gattini37: folds 
moneyminsk: raises $0.05 to $0.07
Mahu2021: folds 
LeandroAku: folds 
Uncalled bet ($0.05) returned to moneyminsk
moneyminsk collected $0.05 from pot
moneyminsk: doesn't show hand 
*** SUMMARY ***
Total pot $0.05 | Rake $0 
Seat 1: moneyminsk (button) collected ($0.05)
Seat 2: Mahu2021 (small blind) folded before Flop
Seat 3: LeandroAku (big blind) folded before Flop
Seat 4: Stun-tcha folded before Flop (didn't bet)
Seat 5: flipflop434 folded before Flop (didn't bet)
Seat 6: Gattini37 folded before Flop (didn't bet)



PokerStars Zoom Hand #247014502837:  Hold'em No Limit ($0.01/$0.02) - 2023/11/09 20:40:27 CET [2023/11/09 14:40:27 ET]
Table 'Halley' 6-max Seat #1 is the button
Seat 1: Antilogikus ($2.03 in chips) 
Seat 2: Cunelieu ($3.81 in chips) 
Seat 3: 123hrenwam ($2 in chips) 
Seat 4: Elenieliy ($0.94 in chips) 
Seat 5: chrischtian ($2 in chips) 
Seat 6: Mahu2021 ($1.71 in chips) 
Cunelieu: posts small blind $0.01
123hrenwam: posts big blind $0.02
*** HOLE CARDS ***
Dealt to Mahu2021 [4h 5c]
Elenieliy: folds 
chrischtian: folds 
Mahu2021: folds 
Antilogikus: raises $0.03 to $0.05
Cunelieu: folds 
123hrenwam: folds 
Uncalled bet ($0.03) returned to Antilogikus
Antilogikus collected $0.05 from pot
Antilogikus: doesn't show hand 
*** SUMMARY ***
Total pot $0.05 | Rake $0 
Seat 1: Antilogikus (button) collected ($0.05)
Seat 2: Cunelieu (small blind) folded before Flop
Seat 3: 123hrenwam (big blind) folded before Flop
Seat 4: Elenieliy folded before Flop (didn't bet)
Seat 5: chrischtian folded before Flop (didn't bet)
Seat 6: Mahu2021 folded before Flop (didn't bet)



PokerStars Zoom Hand #247014505092:  Hold'em No Limit ($0.01/$0.02) - 2023/11/09 20:40:33 CET [2023/11/09 14:40:33 ET]
Table 'Halley' 6-max Seat #1 is the button
Seat 1: Yakamola.dk ($2 in chips) 
Seat 2: s.boroda4 ($2.07 in chips) 
Seat 3: Night Boon ($2.17 in chips) 
Seat 4: gaboru57 ($2.22 in chips) 
Seat 5: FrzN95 ($2.15 in chips) 
Seat 6: Mahu2021 ($1.71 in chips) 
s.boroda4: posts small blind $0.01
Night Boon: posts big blind $0.02
*** HOLE CARDS ***
Dealt to Mahu2021 [Td 9d]
gaboru57: folds 
FrzN95: folds 
Mahu2021: calls $0.02
Yakamola.dk: raises $0.04 to $0.06
s.boroda4: folds 
Night Boon: folds 
Mahu2021: calls $0.04
*** FLOP *** [Jd Kd Jc]
Mahu2021: checks 
Yakamola.dk: bets $0.05
Mahu2021: calls $0.05
*** TURN *** [Jd Kd Jc] [4h]
Mahu2021: checks 
Yakamola.dk: checks 
*** RIVER *** [Jd Kd Jc 4h] [5c]
Mahu2021: bets $0.08
Yakamola.dk: calls $0.08
*** SHOW DOWN ***
Mahu2021: shows [Td 9d] (a pair of Jacks)
Yakamola.dk: shows [7s 7c] (two pair, Jacks and Sevens)
Yakamola.dk collected $0.40 from pot
*** SUMMARY ***
Total pot $0.41 | Rake $0.01 
Board [Jd Kd Jc 4h 5c]
Seat 1: Yakamola.dk (button) showed [7s 7c] and won ($0.40) with two pair, Jacks and Sevens
Seat 2: s.boroda4 (small blind) folded before Flop
Seat 3: Night Boon (big blind) folded before Flop
Seat 4: gaboru57 folded before Flop (didn't bet)
Seat 5: FrzN95 folded before Flop (didn't bet)
Seat 6: Mahu2021 showed [Td 9d] and lost with a pair of Jacks



PokerStars Zoom Hand #247014516478:  Hold'em No Limit ($0.01/$0.02) - 2023/11/09 20:41:05 CET [2023/11/09 14:41:05 ET]
Table 'Halley' 6-max Seat #1 is the button
Seat 1: Enfeidor ($2 in chips) 
Seat 2: Merel3105 ($2.30 in chips) 
Seat 3: Maxfar_92 ($2.65 in chips) 
Seat 4: FrzN95 ($2.24 in chips) 
Seat 5: Mahu2021 ($1.52 in chips) 
Seat 6: mocosou ($2.08 in chips) 
Merel3105: posts small blind $0.01
Maxfar_92: posts big blind $0.02
*** HOLE CARDS ***
Dealt to Mahu2021 [4d 6d]
FrzN95: raises $0.03 to $0.05
Mahu2021: calls $0.05
mocosou: raises $0.17 to $0.22
Enfeidor: folds 
Merel3105: folds 
Maxfar_92: folds 
FrzN95: folds 
Mahu2021: folds 
Uncalled bet ($0.17) returned to mocosou
mocosou collected $0.18 from pot
mocosou: doesn't show hand 
*** SUMMARY ***
Total pot $0.18 | Rake $0 
Seat 1: Enfeidor (button) folded before Flop (didn't bet)
Seat 2: Merel3105 (small blind) folded before Flop
Seat 3: Maxfar_92 (big blind) folded before Flop
Seat 4: FrzN95 folded before Flop
Seat 5: Mahu2021 folded before Flop
Seat 6: mocosou collected ($0.18)



PokerStars Zoom Hand #247014523278:  Hold'em No Limit ($0.01/$0.02) - 2023/11/09 20:41:24 CET [2023/11/09 14:41:24 ET]
Table 'Halley' 6-max Seat #1 is the button
Seat 1: arek89 ($2.10 in chips) 
Seat 2: 22_Olga ($1.79 in chips) 
Seat 3: Mahu2021 ($1.47 in chips) 
Seat 4: Threnodytz ($1.18 in chips) 
Seat 5: yuri_march ($1.75 in chips) 
Seat 6: pokerishark ($2 in chips) 
22_Olga: posts small blind $0.01
Mahu2021: posts big blind $0.02
*** HOLE CARDS ***
Dealt to Mahu2021 [Kd 5s]
Threnodytz: folds 
yuri_march: calls $0.02
pokerishark: folds 
arek89: folds 
22_Olga: calls $0.01
Mahu2021: checks 
*** FLOP *** [Ad 5h Js]
22_Olga: checks 
Mahu2021: checks 
yuri_march: bets $0.06
22_Olga: folds 
Mahu2021: folds 
Uncalled bet ($0.06) returned to yuri_march
yuri_march collected $0.06 from pot
yuri_march: doesn't show hand 
*** SUMMARY ***
Total pot $0.06 | Rake $0 
Board [Ad 5h Js]
Seat 1: arek89 (button) folded before Flop (didn't bet)
Seat 2: 22_Olga (small blind) folded on the Flop
Seat 3: Mahu2021 (big blind) folded on the Flop
Seat 4: Threnodytz folded before Flop (didn't bet)
Seat 5: yuri_march collected ($0.06)
Seat 6: pokerishark folded before Flop (didn't bet)



PokerStars Zoom Hand #247014535518:  Hold'em No Limit ($0.01/$0.02) - 2023/11/09 20:41:58 CET [2023/11/09 14:41:58 ET]
Table 'Halley' 6-max Seat #1 is the button
Seat 1: Mahu2021 ($1.45 in chips) 
Seat 2: Draconiel ($2.20 in chips) 
Seat 3: H.Siqueira99 ($2 in chips) 
Seat 4: Lohvis ($2.35 in chips) 
Seat 5: Cigarrinh0 ($2.10 in chips) 
Seat 6: gimi888 ($2.32 in chips) 
Draconiel: posts small blind $0.01
H.Siqueira99: posts big blind $0.02
*** HOLE CARDS ***
Dealt to Mahu2021 [Ks 4h]
Lohvis: raises $0.03 to $0.05
Cigarrinh0: folds 
gimi888: folds 
Mahu2021: folds 
Draconiel: folds 
H.Siqueira99: calls $0.03
*** FLOP *** [Th Js 7d]
H.Siqueira99: bets $0.21
Lohvis: folds 
Uncalled bet ($0.21) returned to H.Siqueira99
H.Siqueira99 collected $0.11 from pot
H.Siqueira99: doesn't show hand 
*** SUMMARY ***
Total pot $0.11 | Rake $0 
Board [Th Js 7d]
Seat 1: Mahu2021 (button) folded before Flop (didn't bet)
Seat 2: Draconiel (small blind) folded before Flop
Seat 3: H.Siqueira99 (big blind) collected ($0.11)
Seat 4: Lohvis folded on the Flop
Seat 5: Cigarrinh0 folded before Flop (didn't bet)
Seat 6: gimi888 folded before Flop (didn't bet)



PokerStars Zoom Hand #247014536969:  Hold'em No Limit ($0.01/$0.02) - 2023/11/09 20:42:02 CET [2023/11/09 14:42:02 ET]
Table 'Halley' 6-max Seat #1 is the button
Seat 1: ash1448 ($3.85 in chips) 
Seat 2: Mahu2021 ($1.45 in chips) 
Seat 3: Juonez ($2 in chips) 
Seat 4: ZiggyBoy90 ($2 in chips) 
Seat 5: lhmove ($1.34 in chips) 
Seat 6: alborosie189 ($4.97 in chips) 
Mahu2021: posts small blind $0.01
Juonez: posts big blind $0.02
*** HOLE CARDS ***
Dealt to Mahu2021 [9s 7s]
ZiggyBoy90: folds 
lhmove: raises $0.02 to $0.04
alborosie189: folds 
ash1448: folds 
Mahu2021: calls $0.03
Juonez: calls $0.02
*** FLOP *** [5s 7h Td]
Mahu2021: checks 
Juonez: checks 
lhmove: checks 
*** TURN *** [5s 7h Td] [Kh]
Mahu2021: checks 
Juonez: bets $0.06
lhmove: folds 
Mahu2021: calls $0.06
*** RIVER *** [5s 7h Td Kh] [Kd]
Mahu2021: checks 
Juonez: bets $0.10
Mahu2021: calls $0.10
*** SHOW DOWN ***
Juonez: shows [Jc Qc] (a pair of Kings)
Mahu2021: shows [9s 7s] (two pair, Kings and Sevens)
Mahu2021 collected $0.42 from pot
*** SUMMARY ***
Total pot $0.44 | Rake $0.02 
Board [5s 7h Td Kh Kd]
Seat 1: ash1448 (button) folded before Flop (didn't bet)
Seat 2: Mahu2021 (small blind) showed [9s 7s] and won ($0.42) with two pair, Kings and Sevens
Seat 3: Juonez (big blind) showed [Jc Qc] and lost with a pair of Kings
Seat 4: ZiggyBoy90 folded before Flop (didn't bet)
Seat 5: lhmove folded on the Turn
Seat 6: alborosie189 folded before Flop (didn't bet)



PokerStars Zoom Hand #247014559298:  Hold'em No Limit ($0.01/$0.02) - 2023/11/09 20:43:04 CET [2023/11/09 14:43:04 ET]
Table 'Halley' 6-max Seat #1 is the button
Seat 1: Leqendario ($1.77 in chips) 
Seat 2: logan222157 ($2.03 in chips) 
Seat 3: Stun-tcha ($0.99 in chips) 
Seat 4: Mahu2021 ($1.67 in chips) 
Seat 5: 123hrenwam ($2.02 in chips) 
Seat 6: mvelev ($5.13 in chips) 
logan222157: posts small blind $0.01
Stun-tcha: posts big blind $0.02
*** HOLE CARDS ***
Dealt to Mahu2021 [6s 7s]
Mahu2021: raises $0.02 to $0.04
123hrenwam: folds 
mvelev: folds 
Leqendario: folds 
logan222157: folds 
Stun-tcha: folds 
Uncalled bet ($0.02) returned to Mahu2021
Mahu2021 collected $0.05 from pot
Mahu2021: doesn't show hand 
*** SUMMARY ***
Total pot $0.05 | Rake $0 
Seat 1: Leqendario (button) folded before Flop (didn't bet)
Seat 2: logan222157 (small blind) folded before Flop
Seat 3: Stun-tcha (big blind) folded before Flop
Seat 4: Mahu2021 collected ($0.05)
Seat 5: 123hrenwam folded before Flop (didn't bet)
Seat 6: mvelev folded before Flop (didn't bet)



PokerStars Zoom Hand #247014557821:  Hold'em No Limit ($0.01/$0.02) - 2023/11/09 20:43:00 CET [2023/11/09 14:43:00 ET]
Table 'Halley' 6-max Seat #1 is the button
Seat 1: IRatnik2803 ($0.97 in chips) 
Seat 2: DaBaDaBaDooo ($2.03 in chips) 
Seat 3: koinodoino ($3.69 in chips) 
Seat 4: Mahu2021 ($1.67 in chips) 
Seat 5: 72odonkey ($2 in chips) 
Seat 6: hbmrc1990 ($1.90 in chips) 
DaBaDaBaDooo: posts small blind $0.01
koinodoino: posts big blind $0.02
*** HOLE CARDS ***
Dealt to Mahu2021 [Qc 7d]
Mahu2021: folds 
72odonkey: folds 
hbmrc1990: calls $0.02
IRatnik2803: folds 
DaBaDaBaDooo: folds 
koinodoino: checks 
*** FLOP *** [2h 2c Kd]
koinodoino: checks 
hbmrc1990: bets $0.04
koinodoino: calls $0.04
*** TURN *** [2h 2c Kd] [9c]
koinodoino: checks 
hbmrc1990: bets $0.10
koinodoino: calls $0.10
*** RIVER *** [2h 2c Kd 9c] [7c]
koinodoino: checks 
hbmrc1990: checks 
*** SHOW DOWN ***
koinodoino: shows [Th 9s] (two pair, Nines and Deuces)
hbmrc1990: shows [Kh Qd] (two pair, Kings and Deuces)
hbmrc1990 collected $0.32 from pot
*** SUMMARY ***
Total pot $0.33 | Rake $0.01 
Board [2h 2c Kd 9c 7c]
Seat 1: IRatnik2803 (button) folded before Flop (didn't bet)
Seat 2: DaBaDaBaDooo (small blind) folded before Flop
Seat 3: koinodoino (big blind) showed [Th 9s] and lost with two pair, Nines and Deuces
Seat 4: Mahu2021 folded before Flop (didn't bet)
Seat 5: 72odonkey folded before Flop (didn't bet)
Seat 6: hbmrc1990 showed [Kh Qd] and won ($0.32) with two pair, Kings and Deuces



PokerStars Zoom Hand #247014581121:  Hold'em No Limit ($0.01/$0.02) - 2023/11/09 20:44:05 CET [2023/11/09 14:44:05 ET]
Table 'Halley' 6-max Seat #1 is the button
Seat 1: founder9 ($1.56 in chips) 
Seat 2: Mahu2021 ($1.64 in chips) 
Seat 3: fukazapam ($2.86 in chips) 
Seat 4: LeandroAku ($2.94 in chips) 
Seat 5: Choubi2624 ($2.14 in chips) 
Seat 6: DjangoMarabu ($1.70 in chips) 
Mahu2021: posts small blind $0.01
fukazapam: posts big blind $0.02
*** HOLE CARDS ***
Dealt to Mahu2021 [Kc 8d]
LeandroAku: folds 
Choubi2624: folds 
DjangoMarabu: calls $0.02
founder9: folds 
Mahu2021: folds 
fukazapam: checks 
*** FLOP *** [5d 2s Th]
fukazapam: checks 
DjangoMarabu: checks 
*** TURN *** [5d 2s Th] [7h]
fukazapam: checks 
DjangoMarabu: checks 
*** RIVER *** [5d 2s Th 7h] [As]
fukazapam: checks 
DjangoMarabu: checks 
*** SHOW DOWN ***
fukazapam: shows [6c 4c] (high card Ace)
DjangoMarabu: shows [Js 6s] (high card Ace - Jack kicker)
DjangoMarabu collected $0.05 from pot
*** SUMMARY ***
Total pot $0.05 | Rake $0 
Board [5d 2s Th 7h As]
Seat 1: founder9 (button) folded before Flop (didn't bet)
Seat 2: Mahu2021 (small blind) folded before Flop
Seat 3: fukazapam (big blind) showed [6c 4c] and lost with high card Ace
Seat 4: LeandroAku folded before Flop (didn't bet)
Seat 5: Choubi2624 folded before Flop (didn't bet)
Seat 6: DjangoMarabu showed [Js 6s] and won ($0.05) with high card Ace



PokerStars Zoom Hand #247014582313:  Hold'em No Limit ($0.01/$0.02) - 2023/11/09 20:44:09 CET [2023/11/09 14:44:09 ET]
Table 'Halley' 6-max Seat #1 is the button
Seat 1: dragon1977x ($2.31 in chips) 
Seat 2: englishmannn ($2.81 in chips) 
Seat 3: Mahu2021 ($1.63 in chips) 
Seat 4: Anarion02 ($2.05 in chips) 
Seat 5: LordArkia ($2 in chips) 
Seat 6: mafafon ($7.34 in chips) 
englishmannn: posts small blind $0.01
Mahu2021: posts big blind $0.02
*** HOLE CARDS ***
Dealt to Mahu2021 [Kd 4d]
Anarion02: raises $0.02 to $0.04
LordArkia: folds 
mafafon: folds 
dragon1977x: folds 
englishmannn: folds 
Mahu2021: calls $0.02
*** FLOP *** [Qh 6c Ac]
Mahu2021: checks 
Anarion02: bets $0.03
Mahu2021: folds 
Uncalled bet ($0.03) returned to Anarion02
Anarion02 collected $0.09 from pot
Anarion02: doesn't show hand 
*** SUMMARY ***
Total pot $0.09 | Rake $0 
Board [Qh 6c Ac]
Seat 1: dragon1977x (button) folded before Flop (didn't bet)
Seat 2: englishmannn (small blind) folded before Flop
Seat 3: Mahu2021 (big blind) folded on the Flop
Seat 4: Anarion02 collected ($0.09)
Seat 5: LordArkia folded before Flop (didn't bet)
Seat 6: mafafon folded before Flop (didn't bet)



PokerStars Zoom Hand #247014563611:  Hold'em No Limit ($0.01/$0.02) - 2023/11/09 20:43:16 CET [2023/11/09 14:43:16 ET]
Table 'Halley' 6-max Seat #1 is the button
Seat 1: Mahu2021 ($1.70 in chips) 
Seat 2: theicebergslim ($2.60 in chips) 
Seat 3: Laian A. Sior ($3.42 in chips) 
Seat 4: Juonez ($2 in chips) 
Seat 5: peddy555 ($2 in chips) 
Seat 6: Leqendario ($1.77 in chips) 
theicebergslim: posts small blind $0.01
Laian A. Sior: posts big blind $0.02
*** HOLE CARDS ***
Dealt to Mahu2021 [4s 3s]
Juonez: folds 
peddy555: raises $0.04 to $0.06
Leqendario: calls $0.06
Mahu2021: calls $0.06
theicebergslim: folds 
Laian A. Sior: folds 
*** FLOP *** [4c Th 2c]
peddy555: bets $0.12
Leqendario: raises $0.28 to $0.40
Mahu2021: folds 
peddy555: raises $1.54 to $1.94 and is all-in
Leqendario: calls $1.31 and is all-in
Uncalled bet ($0.23) returned to peddy555
*** TURN *** [4c Th 2c] [Qh]
*** RIVER *** [4c Th 2c Qh] [4h]
*** SHOW DOWN ***
peddy555: shows [Jc Qc] (two pair, Queens and Fours)
Leqendario: shows [8c Ac] (a pair of Fours)
peddy555 cashed out the hand for $0.76 | Cash Out Fee $0.01
*** SUMMARY ***
Total pot $3.63 | Rake $0.13 
Board [4c Th 2c Qh 4h]
Seat 1: Mahu2021 (button) folded on the Flop
Seat 2: theicebergslim (small blind) folded before Flop
Seat 3: Laian A. Sior (big blind) folded before Flop
Seat 4: Juonez folded before Flop (didn't bet)
Seat 5: peddy555 showed [Jc Qc] and won ($3.50) with two pair, Queens and Fours (pot not awarded as player cashed out)
Seat 6: Leqendario showed [8c Ac] and lost with a pair of Fours



PokerStars Zoom Hand #247014591512:  Hold'em No Limit ($0.01/$0.02) - 2023/11/09 20:44:34 CET [2023/11/09 14:44:34 ET]
Table 'Halley' 6-max Seat #1 is the button
Seat 1: mocosou ($3.67 in chips) 
Seat 2: Hachirama ($2 in chips) 
Seat 3: patrikki10 ($1.86 in chips) 
Seat 4: BlueMeeple ($3.52 in chips) 
Seat 5: psdgr3 ($7.21 in chips) 
Seat 6: Mahu2021 ($1.59 in chips) 
Hachirama: posts small blind $0.01
patrikki10: posts big blind $0.02
*** HOLE CARDS ***
Dealt to Mahu2021 [Js 8d]
BlueMeeple: folds 
psdgr3: raises $0.03 to $0.05
Mahu2021: folds 
mocosou: folds 
Hachirama: raises $0.20 to $0.25
patrikki10: folds 
psdgr3: folds 
Uncalled bet ($0.20) returned to Hachirama
Hachirama collected $0.12 from pot
Hachirama: doesn't show hand 
*** SUMMARY ***
Total pot $0.12 | Rake $0 
Seat 1: mocosou (button) folded before Flop (didn't bet)
Seat 2: Hachirama (small blind) collected ($0.12)
Seat 3: patrikki10 (big blind) folded before Flop
Seat 4: BlueMeeple folded before Flop (didn't bet)
Seat 5: psdgr3 folded before Flop
Seat 6: Mahu2021 folded before Flop (didn't bet)



PokerStars Zoom Hand #247014593356:  Hold'em No Limit ($0.01/$0.02) - 2023/11/09 20:44:39 CET [2023/11/09 14:44:39 ET]
Table 'Halley' 6-max Seat #1 is the button
Seat 1: Kamratvass ($2.47 in chips) 
Seat 2: Silentyo ($2.01 in chips) 
Seat 3: illor1um ($2 in chips) 
Seat 4: Longhair4898 ($1.19 in chips) 
Seat 5: Mahu2021 ($1.59 in chips) 
Seat 6: vict2706 ($2 in chips) 
Silentyo: posts small blind $0.01
illor1um: posts big blind $0.02
*** HOLE CARDS ***
Dealt to Mahu2021 [Jh 6s]
Longhair4898: folds 
Mahu2021: folds 
vict2706: folds 
Kamratvass: folds 
Silentyo: raises $0.03 to $0.05
illor1um: folds 
Uncalled bet ($0.03) returned to Silentyo
Silentyo collected $0.04 from pot
Silentyo: doesn't show hand 
*** SUMMARY ***
Total pot $0.04 | Rake $0 
Seat 1: Kamratvass (button) folded before Flop (didn't bet)
Seat 2: Silentyo (small blind) collected ($0.04)
Seat 3: illor1um (big blind) folded before Flop
Seat 4: Longhair4898 folded before Flop (didn't bet)
Seat 5: Mahu2021 folded before Flop (didn't bet)
Seat 6: vict2706 folded before Flop (didn't bet)



PokerStars Zoom Hand #247014594873:  Hold'em No Limit ($0.01/$0.02) - 2023/11/09 20:44:43 CET [2023/11/09 14:44:43 ET]
Table 'Halley' 6-max Seat #1 is the button
Seat 1: Mahu2021 ($1.59 in chips) 
Seat 2: oleksa8801 ($5.79 in chips) 
Seat 3: henriquinho1998 ($3.35 in chips) 
Seat 4: Viacheslav01k ($2.06 in chips) 
Seat 5: Grom662-662 ($1.07 in chips) 
Seat 6: alborosie189 ($4.85 in chips) 
oleksa8801: posts small blind $0.01
henriquinho1998: posts big blind $0.02
*** HOLE CARDS ***
Dealt to Mahu2021 [6s 6d]
Viacheslav01k: folds 
Grom662-662: folds 
alborosie189: folds 
Mahu2021: raises $0.02 to $0.04
oleksa8801: folds 
henriquinho1998: folds 
Uncalled bet ($0.02) returned to Mahu2021
Mahu2021 collected $0.05 from pot
Mahu2021: doesn't show hand 
*** SUMMARY ***
Total pot $0.05 | Rake $0 
Seat 1: Mahu2021 (button) collected ($0.05)
Seat 2: oleksa8801 (small blind) folded before Flop
Seat 3: henriquinho1998 (big blind) folded before Flop
Seat 4: Viacheslav01k folded before Flop (didn't bet)
Seat 5: Grom662-662 folded before Flop (didn't bet)
Seat 6: alborosie189 folded before Flop (didn't bet)



PokerStars Zoom Hand #247014599510:  Hold'em No Limit ($0.01/$0.02) - 2023/11/09 20:44:56 CET [2023/11/09 14:44:56 ET]
Table 'Halley' 6-max Seat #1 is the button
Seat 1: yuri_march ($0.63 in chips) 
Seat 2: illor1um ($2 in chips) 
Seat 3: icara78 ($3.10 in chips) 
Seat 4: chrischtian ($2.64 in chips) 
Seat 5: Mahu2021 ($1.62 in chips) 
Seat 6: rjana165 ($0.23 in chips) 
illor1um: posts small blind $0.01
icara78: posts big blind $0.02
*** HOLE CARDS ***
Dealt to Mahu2021 [9c 7h]
chrischtian: folds 
Mahu2021: folds 
rjana165: folds 
yuri_march: folds 
illor1um: folds 
Uncalled bet ($0.01) returned to icara78
icara78 collected $0.02 from pot
icara78: doesn't show hand 
*** SUMMARY ***
Total pot $0.02 | Rake $0 
Seat 1: yuri_march (button) folded before Flop (didn't bet)
Seat 2: illor1um (small blind) folded before Flop
Seat 3: icara78 (big blind) collected ($0.02)
Seat 4: chrischtian folded before Flop (didn't bet)
Seat 5: Mahu2021 folded before Flop (didn't bet)
Seat 6: rjana165 folded before Flop (didn't bet)



PokerStars Zoom Hand #247014600976:  Hold'em No Limit ($0.01/$0.02) - 2023/11/09 20:45:00 CET [2023/11/09 14:45:00 ET]
Table 'Halley' 6-max Seat #1 is the button
Seat 1: pokerishark ($2.05 in chips) 
Seat 2: gimi888 ($2 in chips) 
Seat 3: Mahu2021 ($1.62 in chips) 
Seat 4: Podryabkin ($4.26 in chips) 
Seat 5: dragon1977x ($2.35 in chips) 
Seat 6: tAAdi ($9.92 in chips) 
gimi888: posts small blind $0.01
Mahu2021: posts big blind $0.02
*** HOLE CARDS ***
Dealt to Mahu2021 [4d Td]
Podryabkin: folds 
dragon1977x: folds 
tAAdi: folds 
pokerishark: raises $0.04 to $0.06
gimi888: folds 
Mahu2021: calls $0.04
*** FLOP *** [Qh Jd 3d]
Mahu2021: checks 
pokerishark: bets $0.07
Mahu2021: calls $0.07
*** TURN *** [Qh Jd 3d] [Jc]
Mahu2021: checks 
pokerishark: checks 
*** RIVER *** [Qh Jd 3d Jc] [6d]
Mahu2021: bets $0.26
pokerishark: folds 
Uncalled bet ($0.26) returned to Mahu2021
Mahu2021 collected $0.26 from pot
Mahu2021: doesn't show hand 
*** SUMMARY ***
Total pot $0.27 | Rake $0.01 
Board [Qh Jd 3d Jc 6d]
Seat 1: pokerishark (button) folded on the River
Seat 2: gimi888 (small blind) folded before Flop
Seat 3: Mahu2021 (big blind) collected ($0.26)
Seat 4: Podryabkin folded before Flop (didn't bet)
Seat 5: dragon1977x folded before Flop (didn't bet)
Seat 6: tAAdi folded before Flop (didn't bet)



PokerStars Zoom Hand #247014615235:  Hold'em No Limit ($0.01/$0.02) - 2023/11/09 20:45:39 CET [2023/11/09 14:45:39 ET]
Table 'Halley' 6-max Seat #1 is the button
Seat 1: 123hrenwam ($2 in chips) 
Seat 2: maestar111 ($5.14 in chips) 
Seat 3: Dark_Minded0 ($2.33 in chips) 
Seat 4: Gattini37 ($6.57 in chips) 
Seat 5: NotaDunneFold ($2.63 in chips) 
Seat 6: Mahu2021 ($1.75 in chips) 
maestar111: posts small blind $0.01
Dark_Minded0: posts big blind $0.02
*** HOLE CARDS ***
Dealt to Mahu2021 [6h Th]
Gattini37: folds 
NotaDunneFold: folds 
Mahu2021: folds 
123hrenwam: folds 
maestar111: folds 
Uncalled bet ($0.01) returned to Dark_Minded0
Dark_Minded0 collected $0.02 from pot
Dark_Minded0: doesn't show hand 
*** SUMMARY ***
Total pot $0.02 | Rake $0 
Seat 1: 123hrenwam (button) folded before Flop (didn't bet)
Seat 2: maestar111 (small blind) folded before Flop
Seat 3: Dark_Minded0 (big blind) collected ($0.02)
Seat 4: Gattini37 folded before Flop (didn't bet)
Seat 5: NotaDunneFold folded before Flop (didn't bet)
Seat 6: Mahu2021 folded before Flop (didn't bet)



PokerStars Zoom Hand #247014617152:  Hold'em No Limit ($0.01/$0.02) - 2023/11/09 20:45:44 CET [2023/11/09 14:45:44 ET]
Table 'Halley' 6-max Seat #1 is the button
Seat 1: $for$oto$ ($2.18 in chips) 
Seat 2: Mahu2021 ($1.75 in chips) 
Seat 3: IRatnik2803 ($1 in chips) 
Seat 4: 123hrenwam ($2 in chips) 
Seat 5: Enfeidor ($2.72 in chips) 
Seat 6: Ant¡key ($7.41 in chips) 
Mahu2021: posts small blind $0.01
IRatnik2803: posts big blind $0.02
*** HOLE CARDS ***
Dealt to Mahu2021 [7h 5s]
123hrenwam: folds 
Enfeidor: folds 
Ant¡key: folds 
$for$oto$: folds 
Mahu2021: folds 
Uncalled bet ($0.01) returned to IRatnik2803
IRatnik2803 collected $0.02 from pot
IRatnik2803: doesn't show hand 
*** SUMMARY ***
Total pot $0.02 | Rake $0 
Seat 1: $for$oto$ (button) folded before Flop (didn't bet)
Seat 2: Mahu2021 (small blind) folded before Flop
Seat 3: IRatnik2803 (big blind) collected ($0.02)
Seat 4: 123hrenwam folded before Flop (didn't bet)
Seat 5: Enfeidor folded before Flop (didn't bet)
Seat 6: Ant¡key folded before Flop (didn't bet)



PokerStars Zoom Hand #247014621521:  Hold'em No Limit ($0.01/$0.02) - 2023/11/09 20:45:56 CET [2023/11/09 14:45:56 ET]
Table 'Halley' 6-max Seat #1 is the button
Seat 1: leedsrounder ($3.40 in chips) 
Seat 2: YoungNoob800 ($2.42 in chips) 
Seat 3: Robiow197 ($1.32 in chips) 
Seat 4: Mahu2021 ($1.74 in chips) 
Seat 5: henriquinho1998 ($3.57 in chips) 
Seat 6: actcristi11 ($2.76 in chips) 
YoungNoob800: posts small blind $0.01
Robiow197: posts big blind $0.02
*** HOLE CARDS ***
Dealt to Mahu2021 [4s 6h]
Mahu2021: folds 
henriquinho1998: folds 
actcristi11: folds 
leedsrounder: raises $0.03 to $0.05
YoungNoob800: folds 
Robiow197: folds 
Uncalled bet ($0.03) returned to leedsrounder
leedsrounder collected $0.05 from pot
leedsrounder: doesn't show hand 
*** SUMMARY ***
Total pot $0.05 | Rake $0 
Seat 1: leedsrounder (button) collected ($0.05)
Seat 2: YoungNoob800 (small blind) folded before Flop
Seat 3: Robiow197 (big blind) folded before Flop
Seat 4: Mahu2021 folded before Flop (didn't bet)
Seat 5: henriquinho1998 folded before Flop (didn't bet)
Seat 6: actcristi11 folded before Flop (didn't bet)



PokerStars Zoom Hand #247014620069:  Hold'em No Limit ($0.01/$0.02) - 2023/11/09 20:45:52 CET [2023/11/09 14:45:52 ET]
Table 'Halley' 6-max Seat #1 is the button
Seat 1: jackdanius ($2.19 in chips) 
Seat 2: BritoSP1975 ($3.04 in chips) 
Seat 3: ricardostorres ($0.79 in chips) 
Seat 4: rAmAsse75 ($1.75 in chips) 
Seat 5: Mahu2021 ($1.74 in chips) 
Seat 6: yuri_march ($1.14 in chips) 
BritoSP1975: posts small blind $0.01
ricardostorres: posts big blind $0.02
*** HOLE CARDS ***
Dealt to Mahu2021 [9s 7h]
rAmAsse75: folds 
Mahu2021: folds 
yuri_march: calls $0.02
jackdanius: folds 
BritoSP1975: raises $0.04 to $0.06
ricardostorres: folds 
yuri_march: calls $0.04
*** FLOP *** [2s Kc 5d]
BritoSP1975: checks 
yuri_march: bets $0.07
BritoSP1975: folds 
Uncalled bet ($0.07) returned to yuri_march
yuri_march collected $0.14 from pot
yuri_march: doesn't show hand 
*** SUMMARY ***
Total pot $0.14 | Rake $0 
Board [2s Kc 5d]
Seat 1: jackdanius (button) folded before Flop (didn't bet)
Seat 2: BritoSP1975 (small blind) folded on the Flop
Seat 3: ricardostorres (big blind) folded before Flop
Seat 4: rAmAsse75 folded before Flop (didn't bet)
Seat 5: Mahu2021 folded before Flop (didn't bet)
Seat 6: yuri_march collected ($0.14)



PokerStars Zoom Hand #247014618637:  Hold'em No Limit ($0.01/$0.02) - 2023/11/09 20:45:48 CET [2023/11/09 14:45:48 ET]
Table 'Halley' 6-max Seat #1 is the button
Seat 1: xx.aleksandr.xx ($0.86 in chips) 
Seat 2: pokerishark ($3.62 in chips) 
Seat 3: Negro-Lavie ($2.01 in chips) 
Seat 4: Mahu2021 ($1.74 in chips) 
Seat 5: wester1980 ($1.26 in chips) 
Seat 6: fanplayer123 ($2.09 in chips) 
pokerishark: posts small blind $0.01
Negro-Lavie: posts big blind $0.02
*** HOLE CARDS ***
Dealt to Mahu2021 [Ks 3h]
Mahu2021: folds 
wester1980: calls $0.02
fanplayer123: folds 
xx.aleksandr.xx: folds 
pokerishark: folds 
Negro-Lavie: checks 
*** FLOP *** [2h 4d Kh]
Negro-Lavie: checks 
wester1980: checks 
*** TURN *** [2h 4d Kh] [Jh]
Negro-Lavie: checks 
wester1980: checks 
*** RIVER *** [2h 4d Kh Jh] [Kd]
Negro-Lavie: checks 
wester1980: checks 
*** SHOW DOWN ***
Negro-Lavie: shows [6h Qc] (a pair of Kings)
wester1980: shows [Qd 7d] (a pair of Kings - Queen+Jack+Seven kicker)
wester1980 collected $0.05 from pot
*** SUMMARY ***
Total pot $0.05 | Rake $0 
Board [2h 4d Kh Jh Kd]
Seat 1: xx.aleksandr.xx (button) folded before Flop (didn't bet)
Seat 2: pokerishark (small blind) folded before Flop
Seat 3: Negro-Lavie (big blind) showed [6h Qc] and lost with a pair of Kings
Seat 4: Mahu2021 folded before Flop (didn't bet)
Seat 5: wester1980 showed [Qd 7d] and won ($0.05) with a pair of Kings
Seat 6: fanplayer123 folded before Flop (didn't bet)



PokerStars Zoom Hand #247014622999:  Hold'em No Limit ($0.01/$0.02) - 2023/11/09 20:46:00 CET [2023/11/09 14:46:00 ET]
Table 'Halley' 6-max Seat #1 is the button
Seat 1: Mahu2021 ($1.74 in chips) 
Seat 2: JavierACP ($3.44 in chips) 
Seat 3: B.Mathsson ($2.31 in chips) 
Seat 4: GoldeN0330 ($2.36 in chips) 
Seat 5: Jante007 ($2.10 in chips) 
Seat 6: LordArkia ($2 in chips) 
JavierACP: posts small blind $0.01
B.Mathsson: posts big blind $0.02
*** HOLE CARDS ***
Dealt to Mahu2021 [Ad Js]
GoldeN0330: folds 
Jante007: raises $0.04 to $0.06
LordArkia: folds 
Mahu2021: calls $0.06
JavierACP: folds 
B.Mathsson: folds 
*** FLOP *** [8c Ac 3h]
Jante007: bets $0.07
Mahu2021: raises $0.11 to $0.18
Jante007: calls $0.11
*** TURN *** [8c Ac 3h] [Ts]
Jante007: bets $0.25
Mahu2021: raises $1.25 to $1.50 and is all-in
Jante007: calls $1.25
*** RIVER *** [8c Ac 3h Ts] [3s]
*** SHOW DOWN ***
Jante007: shows [Jd As] (two pair, Aces and Threes)
Mahu2021: shows [Ad Js] (two pair, Aces and Threes)
Jante007 collected $1.70 from pot
Mahu2021 collected $1.69 from pot
*** SUMMARY ***
Total pot $3.51 | Rake $0.12 
Board [8c Ac 3h Ts 3s]
Seat 1: Mahu2021 (button) showed [Ad Js] and won ($1.69) with two pair, Aces and Threes
Seat 2: JavierACP (small blind) folded before Flop
Seat 3: B.Mathsson (big blind) folded before Flop
Seat 4: GoldeN0330 folded before Flop (didn't bet)
Seat 5: Jante007 showed [Jd As] and won ($1.70) with two pair, Aces and Threes
Seat 6: LordArkia folded before Flop (didn't bet)



PokerStars Zoom Hand #247014637585:  Hold'em No Limit ($0.01/$0.02) - 2023/11/09 20:46:40 CET [2023/11/09 14:46:40 ET]
Table 'Halley' 6-max Seat #1 is the button
Seat 1: JohnPoulB10 ($3.20 in chips) 
Seat 2: LordArkia ($2.06 in chips) 
Seat 3: Mahu2021 ($1.69 in chips) 
Seat 4: Kreni88 ($3.46 in chips) 
Seat 5: vict2706 ($1.52 in chips) 
Seat 6: peddy555 ($2.06 in chips) 
LordArkia: posts small blind $0.01
Mahu2021: posts big blind $0.02
*** HOLE CARDS ***
Dealt to Mahu2021 [8d Qs]
Kreni88: folds 
vict2706: folds 
peddy555: folds 
JohnPoulB10: raises $0.04 to $0.06
LordArkia: folds 
Mahu2021: calls $0.04
*** FLOP *** [9h 3d 6h]
Mahu2021: checks 
JohnPoulB10: bets $0.07
Mahu2021: folds 
Uncalled bet ($0.07) returned to JohnPoulB10
JohnPoulB10 collected $0.13 from pot
JohnPoulB10: doesn't show hand 
*** SUMMARY ***
Total pot $0.13 | Rake $0 
Board [9h 3d 6h]
Seat 1: JohnPoulB10 (button) collected ($0.13)
Seat 2: LordArkia (small blind) folded before Flop
Seat 3: Mahu2021 (big blind) folded on the Flop
Seat 4: Kreni88 folded before Flop (didn't bet)
Seat 5: vict2706 folded before Flop (didn't bet)
Seat 6: peddy555 folded before Flop (didn't bet)



PokerStars Zoom Hand #247014646275:  Hold'em No Limit ($0.01/$0.02) - 2023/11/09 20:47:04 CET [2023/11/09 14:47:04 ET]
Table 'Halley' 6-max Seat #1 is the button
Seat 1: vict2706 ($1.78 in chips) 
Seat 2: Mahu2021 ($1.63 in chips) 
Seat 3: mocosou ($2.17 in chips) 
Seat 4: Gattini37 ($3.98 in chips) 
Seat 5: illor1um ($2.77 in chips) 
Seat 6: marcio14 ($3.02 in chips) 
Mahu2021: posts small blind $0.01
mocosou: posts big blind $0.02
*** HOLE CARDS ***
Dealt to Mahu2021 [5c 9s]
Gattini37: folds 
illor1um: raises $0.03 to $0.05
marcio14: folds 
vict2706: folds 
Mahu2021: folds 
mocosou: folds 
Uncalled bet ($0.03) returned to illor1um
illor1um collected $0.05 from pot
illor1um: doesn't show hand 
*** SUMMARY ***
Total pot $0.05 | Rake $0 
Seat 1: vict2706 (button) folded before Flop (didn't bet)
Seat 2: Mahu2021 (small blind) folded before Flop
Seat 3: mocosou (big blind) folded before Flop
Seat 4: Gattini37 folded before Flop (didn't bet)
Seat 5: illor1um collected ($0.05)
Seat 6: marcio14 folded before Flop (didn't bet)



PokerStars Zoom Hand #247014647621:  Hold'em No Limit ($0.01/$0.02) - 2023/11/09 20:47:08 CET [2023/11/09 14:47:08 ET]
Table 'Halley' 6-max Seat #1 is the button
Seat 1: dimprof ($1.41 in chips) 
Seat 2: nadzrundzen ($2.40 in chips) 
Seat 3: vict2706 ($1.78 in chips) 
Seat 4: $for$oto$ ($3.89 in chips) 
Seat 5: pilau007 ($2.60 in chips) 
Seat 6: Mahu2021 ($1.62 in chips) 
nadzrundzen: posts small blind $0.01
vict2706: posts big blind $0.02
*** HOLE CARDS ***
Dealt to Mahu2021 [4c Tc]
$for$oto$: folds 
pilau007: folds 
Mahu2021: calls $0.02
dimprof: folds 
nadzrundzen: folds 
vict2706: checks 
*** FLOP *** [8h 9d Qh]
vict2706: checks 
Mahu2021: bets $0.02
vict2706: folds 
Uncalled bet ($0.02) returned to Mahu2021
Mahu2021 collected $0.05 from pot
Mahu2021: doesn't show hand 
*** SUMMARY ***
Total pot $0.05 | Rake $0 
Board [8h 9d Qh]
Seat 1: dimprof (button) folded before Flop (didn't bet)
Seat 2: nadzrundzen (small blind) folded before Flop
Seat 3: vict2706 (big blind) folded on the Flop
Seat 4: $for$oto$ folded before Flop (didn't bet)
Seat 5: pilau007 folded before Flop (didn't bet)
Seat 6: Mahu2021 collected ($0.05)



