PokerStars Zoom Hand #255445565107:  Hold'em No Limit ($0.05/$0.10) - 2025/03/25 15:01:37 CET [2025/03/25 10:01:37 ET]
Table 'Aludra' 6-max Seat #1 is the button
Seat 1: klokter 30 ($16.27 in chips) 
Seat 2: numbergirl27 ($21.64 in chips) 
Seat 3: Mahu2021 ($10 in chips) 
Seat 4: Inc-Zra ($17.95 in chips) 
Seat 5: Thiguin9 ($10 in chips) 
Seat 6: PovilasX ($10.10 in chips) 
numbergirl27: posts small blind $0.05
Mahu2021: posts big blind $0.10
*** HOLE CARDS ***
Dealt to Mahu2021 [Jd 8s]
Inc-Zra: folds 
Thiguin9: folds 
PovilasX: folds 
klokter 30: raises $0.15 to $0.25
numbergirl27: raises $0.85 to $1.10
Mahu2021: folds 
klokter 30: folds 
Uncalled bet ($0.85) returned to numbergirl27
numbergirl27 collected $0.60 from pot
numbergirl27: doesn't show hand 
*** SUMMARY ***
Total pot $0.60 | Rake $0 
Seat 1: klokter 30 (button) folded before Flop
Seat 2: numbergirl27 (small blind) collected ($0.60)
Seat 3: Mahu2021 (big blind) folded before Flop
Seat 4: Inc-Zra folded before Flop (didn't bet)
Seat 5: Thiguin9 folded before Flop (didn't bet)
Seat 6: PovilasX folded before Flop (didn't bet)



PokerStars Zoom Hand #255445567503:  Hold'em No Limit ($0.05/$0.10) - 2025/03/25 15:01:52 CET [2025/03/25 10:01:52 ET]
Table 'Aludra' 6-max Seat #1 is the button
Seat 1: killerita67 ($12.49 in chips) 
Seat 2: Mahu2021 ($9.90 in chips) 
Seat 3: Koreanpepe ($11.76 in chips) 
Seat 4: Danielitoosk ($13.52 in chips) 
Seat 5: Smdpair77 ($5.25 in chips) 
Seat 6: Die8 ($12.31 in chips) 
Mahu2021: posts small blind $0.05
Koreanpepe: posts big blind $0.10
*** HOLE CARDS ***
Dealt to Mahu2021 [7s 5s]
Danielitoosk: folds 
Smdpair77: raises $0.25 to $0.35
Die8: folds 
killerita67: folds 
Mahu2021: folds 
Koreanpepe: folds 
Uncalled bet ($0.25) returned to Smdpair77
Smdpair77 collected $0.25 from pot
Smdpair77: doesn't show hand 
*** SUMMARY ***
Total pot $0.25 | Rake $0 
Seat 1: killerita67 (button) folded before Flop (didn't bet)
Seat 2: Mahu2021 (small blind) folded before Flop
Seat 3: Koreanpepe (big blind) folded before Flop
Seat 4: Danielitoosk folded before Flop (didn't bet)
Seat 5: Smdpair77 collected ($0.25)
Seat 6: Die8 folded before Flop (didn't bet)



PokerStars Zoom Hand #255445568116:  Hold'em No Limit ($0.05/$0.10) - 2025/03/25 15:01:55 CET [2025/03/25 10:01:55 ET]
Table 'Aludra' 6-max Seat #1 is the button
Seat 1: Mahu2021 ($9.85 in chips) 
Seat 2: Inc-Zra ($21.36 in chips) 
Seat 3: shwozzer ($10 in chips) 
Seat 4: mexxxy_90 ($11.22 in chips) 
Seat 5: Io Beto 2020 ($10 in chips) 
Seat 6: BluffsLord ($11.40 in chips) 
Inc-Zra: posts small blind $0.05
shwozzer: posts big blind $0.10
*** HOLE CARDS ***
Dealt to Mahu2021 [4h 7h]
mexxxy_90: raises $0.10 to $0.20
Io Beto 2020: folds 
BluffsLord: folds 
Mahu2021: folds 
Inc-Zra: folds 
shwozzer: folds 
Uncalled bet ($0.10) returned to mexxxy_90
mexxxy_90 collected $0.25 from pot
mexxxy_90: doesn't show hand 
*** SUMMARY ***
Total pot $0.25 | Rake $0 
Seat 1: Mahu2021 (button) folded before Flop (didn't bet)
Seat 2: Inc-Zra (small blind) folded before Flop
Seat 3: shwozzer (big blind) folded before Flop
Seat 4: mexxxy_90 collected ($0.25)
Seat 5: Io Beto 2020 folded before Flop (didn't bet)
Seat 6: BluffsLord folded before Flop (didn't bet)



PokerStars Zoom Hand #255445569138:  Hold'em No Limit ($0.05/$0.10) - 2025/03/25 15:02:02 CET [2025/03/25 10:02:02 ET]
Table 'Aludra' 6-max Seat #1 is the button
Seat 1: Sn1p3rBR ($12.28 in chips) 
Seat 2: ciceron86 ($11.68 in chips) 
Seat 3: Io Beto 2020 ($10 in chips) 
Seat 4: EdgarYY ($10 in chips) 
Seat 5: Mahu2021 ($9.85 in chips) 
Seat 6: Tozsy17 ($12.42 in chips) 
ciceron86: posts small blind $0.05
Io Beto 2020: posts big blind $0.10
*** HOLE CARDS ***
Dealt to Mahu2021 [Kd Qh]
EdgarYY: folds 
Mahu2021: raises $0.14 to $0.24
Tozsy17: folds 
Sn1p3rBR: folds 
ciceron86: folds 
Io Beto 2020: calls $0.14
*** FLOP *** [4c 8h Js]
Io Beto 2020: checks 
Mahu2021: bets $0.30
Io Beto 2020: calls $0.30
*** TURN *** [4c 8h Js] [6d]
Io Beto 2020: checks 
Mahu2021: checks 
*** RIVER *** [4c 8h Js 6d] [7d]
Io Beto 2020: bets $0.54
Mahu2021: folds 
Uncalled bet ($0.54) returned to Io Beto 2020
Io Beto 2020 collected $1.08 from pot
Io Beto 2020: doesn't show hand 
*** SUMMARY ***
Total pot $1.13 | Rake $0.05 
Board [4c 8h Js 6d 7d]
Seat 1: Sn1p3rBR (button) folded before Flop (didn't bet)
Seat 2: ciceron86 (small blind) folded before Flop
Seat 3: Io Beto 2020 (big blind) collected ($1.08)
Seat 4: EdgarYY folded before Flop (didn't bet)
Seat 5: Mahu2021 folded on the River
Seat 6: Tozsy17 folded before Flop (didn't bet)



PokerStars Zoom Hand #255445574448:  Hold'em No Limit ($0.05/$0.10) - 2025/03/25 15:02:36 CET [2025/03/25 10:02:36 ET]
Table 'Aludra' 6-max Seat #1 is the button
Seat 1: ALEKC6 ($16.84 in chips) 
Seat 2: Inc-Zra ($18.19 in chips) 
Seat 3: Mahu2021 ($9.31 in chips) 
Seat 4: klokter 30 ($15.87 in chips) 
Seat 5: Tozsy17 ($10 in chips) 
Seat 6: mexxxy_90 ($10 in chips) 
Inc-Zra: posts small blind $0.05
Mahu2021: posts big blind $0.10
*** HOLE CARDS ***
Dealt to Mahu2021 [7d Ah]
klokter 30: folds 
Tozsy17: folds 
mexxxy_90: folds 
ALEKC6: folds 
Inc-Zra: raises $0.20 to $0.30
Mahu2021: folds 
Uncalled bet ($0.20) returned to Inc-Zra
Inc-Zra collected $0.20 from pot
Inc-Zra: doesn't show hand 
*** SUMMARY ***
Total pot $0.20 | Rake $0 
Seat 1: ALEKC6 (button) folded before Flop (didn't bet)
Seat 2: Inc-Zra (small blind) collected ($0.20)
Seat 3: Mahu2021 (big blind) folded before Flop
Seat 4: klokter 30 folded before Flop (didn't bet)
Seat 5: Tozsy17 folded before Flop (didn't bet)
Seat 6: mexxxy_90 folded before Flop (didn't bet)



PokerStars Zoom Hand #255445568721:  Hold'em No Limit ($0.05/$0.10) - 2025/03/25 15:02:00 CET [2025/03/25 10:02:00 ET]
Table 'Aludra' 6-max Seat #1 is the button
Seat 1: Thiguin9 ($33.43 in chips) 
Seat 2: Matzet1ka ($10.25 in chips) 
Seat 3: killerita67 ($12.49 in chips) 
Seat 4: denis4250 ($4.84 in chips) 
Seat 5: ALEKC6 ($10.24 in chips) 
Seat 6: Mahu2021 ($9.85 in chips) 
Matzet1ka: posts small blind $0.05
killerita67: posts big blind $0.10
*** HOLE CARDS ***
Dealt to Mahu2021 [Ts 4c]
denis4250: folds 
ALEKC6: folds 
Mahu2021: folds 
Thiguin9: folds 
Matzet1ka: raises $0.10 to $0.20
killerita67: calls $0.10
*** FLOP *** [Jd Js 5h]
Matzet1ka: checks 
killerita67: checks 
*** TURN *** [Jd Js 5h] [7h]
Matzet1ka: checks 
killerita67: bets $0.20
Matzet1ka: raises $1 to $1.20
killerita67: folds 
Uncalled bet ($1) returned to Matzet1ka
Matzet1ka collected $0.76 from pot
Matzet1ka: doesn't show hand 
*** SUMMARY ***
Total pot $0.80 | Rake $0.04 
Board [Jd Js 5h 7h]
Seat 1: Thiguin9 (button) folded before Flop (didn't bet)
Seat 2: Matzet1ka (small blind) collected ($0.76)
Seat 3: killerita67 (big blind) folded on the Turn
Seat 4: denis4250 folded before Flop (didn't bet)
Seat 5: ALEKC6 folded before Flop (didn't bet)
Seat 6: Mahu2021 folded before Flop (didn't bet)



PokerStars Zoom Hand #255445578202:  Hold'em No Limit ($0.05/$0.10) - 2025/03/25 15:02:59 CET [2025/03/25 10:02:59 ET]
Table 'Aludra' 6-max Seat #1 is the button
Seat 1: Mahu2021 ($9.16 in chips) 
Seat 2: ciceron86 ($18.03 in chips) 
Seat 3: lefgr1 ($9.68 in chips) 
Seat 4: shwozzer ($10.26 in chips) 
Seat 5: EdgarYY ($10 in chips) 
Seat 6: nordrel ($13.66 in chips) 
ciceron86: posts small blind $0.05
lefgr1: posts big blind $0.10
*** HOLE CARDS ***
Dealt to Mahu2021 [Jd 8h]
shwozzer: folds 
EdgarYY: folds 
nordrel: folds 
Mahu2021: folds 
ciceron86: folds 
Uncalled bet ($0.05) returned to lefgr1
lefgr1 collected $0.10 from pot
lefgr1: doesn't show hand 
*** SUMMARY ***
Total pot $0.10 | Rake $0 
Seat 1: Mahu2021 (button) folded before Flop (didn't bet)
Seat 2: ciceron86 (small blind) folded before Flop
Seat 3: lefgr1 (big blind) collected ($0.10)
Seat 4: shwozzer folded before Flop (didn't bet)
Seat 5: EdgarYY folded before Flop (didn't bet)
Seat 6: nordrel folded before Flop (didn't bet)



PokerStars Zoom Hand #255445578958:  Hold'em No Limit ($0.05/$0.10) - 2025/03/25 15:03:04 CET [2025/03/25 10:03:04 ET]
Table 'Aludra' 6-max Seat #1 is the button
Seat 1: Die8 ($12.22 in chips) 
Seat 2: Freyasdad333 ($18.76 in chips) 
Seat 3: Inc-Zra ($10.65 in chips) 
Seat 4: grrrama ($13.45 in chips) 
Seat 5: Luffy V ($10.20 in chips) 
Seat 6: Mahu2021 ($9.16 in chips) 
Freyasdad333: posts small blind $0.05
Inc-Zra: posts big blind $0.10
*** HOLE CARDS ***
Dealt to Mahu2021 [6c Js]
grrrama: folds 
Luffy V: raises $0.15 to $0.25
Mahu2021: folds 
Die8: folds 
Freyasdad333: calls $0.20
Inc-Zra: folds 
*** FLOP *** [2d 5d 8h]
Freyasdad333: bets $0.10
Luffy V: raises $0.39 to $0.49
Freyasdad333: folds 
Uncalled bet ($0.39) returned to Luffy V
Luffy V collected $0.76 from pot
Luffy V: doesn't show hand 
*** SUMMARY ***
Total pot $0.80 | Rake $0.04 
Board [2d 5d 8h]
Seat 1: Die8 (button) folded before Flop (didn't bet)
Seat 2: Freyasdad333 (small blind) folded on the Flop
Seat 3: Inc-Zra (big blind) folded before Flop
Seat 4: grrrama folded before Flop (didn't bet)
Seat 5: Luffy V collected ($0.76)
Seat 6: Mahu2021 folded before Flop (didn't bet)



PokerStars Zoom Hand #255445581243:  Hold'em No Limit ($0.05/$0.10) - 2025/03/25 15:03:18 CET [2025/03/25 10:03:18 ET]
Table 'Aludra' 6-max Seat #1 is the button
Seat 1: dreexxar ($10.28 in chips) 
Seat 2: AlvinoD ($27.86 in chips) 
Seat 3: Mahu2021 ($9.16 in chips) 
Seat 4: finale888 ($17.45 in chips) 
Seat 5: Chakanicki ($4.85 in chips) 
Seat 6: xlpokerdonlx ($10 in chips) 
AlvinoD: posts small blind $0.05
Mahu2021: posts big blind $0.10
*** HOLE CARDS ***
Dealt to Mahu2021 [Tc Qc]
finale888: folds 
Chakanicki: calls $0.10
xlpokerdonlx: folds 
dreexxar: folds 
AlvinoD: folds 
Mahu2021: checks 
*** FLOP *** [Qd 8c 7c]
Mahu2021: checks 
Chakanicki: bets $0.10
Mahu2021: calls $0.10
*** TURN *** [Qd 8c 7c] [Qh]
Mahu2021: checks 
Chakanicki: checks 
*** RIVER *** [Qd 8c 7c Qh] [Kd]
Mahu2021: bets $0.10
Chakanicki: folds 
Uncalled bet ($0.10) returned to Mahu2021
Mahu2021 collected $0.43 from pot
Mahu2021: doesn't show hand 
*** SUMMARY ***
Total pot $0.45 | Rake $0.02 
Board [Qd 8c 7c Qh Kd]
Seat 1: dreexxar (button) folded before Flop (didn't bet)
Seat 2: AlvinoD (small blind) folded before Flop
Seat 3: Mahu2021 (big blind) collected ($0.43)
Seat 4: finale888 folded before Flop (didn't bet)
Seat 5: Chakanicki folded on the River
Seat 6: xlpokerdonlx folded before Flop (didn't bet)



PokerStars Zoom Hand #255445580530:  Hold'em No Limit ($0.05/$0.10) - 2025/03/25 15:03:14 CET [2025/03/25 10:03:14 ET]
Table 'Aludra' 6-max Seat #1 is the button
Seat 1: Danielitoosk ($12.85 in chips) 
Seat 2: EdgarYY ($10.46 in chips) 
Seat 3: nordrel ($13.66 in chips) 
Seat 4: Matzet1ka ($10 in chips) 
Seat 5: Mahu2021 ($9.16 in chips) 
Seat 6: Chakanicki ($4.85 in chips) 
EdgarYY: posts small blind $0.05
nordrel: posts big blind $0.10
*** HOLE CARDS ***
Dealt to Mahu2021 [Ah 4d]
Matzet1ka: folds 
Mahu2021: folds 
Chakanicki: folds 
Danielitoosk: raises $0.15 to $0.25
EdgarYY: folds 
nordrel: calls $0.15
*** FLOP *** [Tc Td 6s]
nordrel: checks 
Danielitoosk: checks 
*** TURN *** [Tc Td 6s] [Ts]
nordrel: bets $0.37
Danielitoosk: folds 
Uncalled bet ($0.37) returned to nordrel
nordrel collected $0.53 from pot
nordrel: doesn't show hand 
*** SUMMARY ***
Total pot $0.55 | Rake $0.02 
Board [Tc Td 6s Ts]
Seat 1: Danielitoosk (button) folded on the Turn
Seat 2: EdgarYY (small blind) folded before Flop
Seat 3: nordrel (big blind) collected ($0.53)
Seat 4: Matzet1ka folded before Flop (didn't bet)
Seat 5: Mahu2021 folded before Flop (didn't bet)
Seat 6: Chakanicki folded before Flop (didn't bet)



PokerStars Zoom Hand #255445577215:  Hold'em No Limit ($0.05/$0.10) - 2025/03/25 15:02:53 CET [2025/03/25 10:02:53 ET]
Table 'Aludra' 6-max Seat #1 is the button
Seat 1: corape ($9.52 in chips) 
Seat 2: Mahu2021 ($9.21 in chips) 
Seat 3: Matzet1ka ($10 in chips) 
Seat 4: Gto_gtfo ($10 in chips) 
Seat 5: T-Bird_Tom ($12.08 in chips) 
Seat 6: mexxxy_90 ($10 in chips) 
Mahu2021: posts small blind $0.05
Matzet1ka: posts big blind $0.10
*** HOLE CARDS ***
Dealt to Mahu2021 [Ks 6h]
Gto_gtfo: folds 
T-Bird_Tom: raises $0.10 to $0.20
mexxxy_90: calls $0.20
corape: folds 
Mahu2021: folds 
Matzet1ka: folds 
*** FLOP *** [Jc 4s Ts]
T-Bird_Tom: checks 
mexxxy_90: bets $0.20
T-Bird_Tom: calls $0.20
*** TURN *** [Jc 4s Ts] [2s]
T-Bird_Tom: checks 
mexxxy_90: bets $0.46
T-Bird_Tom: calls $0.46
*** RIVER *** [Jc 4s Ts 2s] [4h]
T-Bird_Tom: checks 
mexxxy_90: bets $1
T-Bird_Tom: folds 
Uncalled bet ($1) returned to mexxxy_90
mexxxy_90 collected $1.79 from pot
mexxxy_90: doesn't show hand 
*** SUMMARY ***
Total pot $1.87 | Rake $0.08 
Board [Jc 4s Ts 2s 4h]
Seat 1: corape (button) folded before Flop (didn't bet)
Seat 2: Mahu2021 (small blind) folded before Flop
Seat 3: Matzet1ka (big blind) folded before Flop
Seat 4: Gto_gtfo folded before Flop (didn't bet)
Seat 5: T-Bird_Tom folded on the River
Seat 6: mexxxy_90 collected ($1.79)



PokerStars Zoom Hand #255445579794:  Hold'em No Limit ($0.05/$0.10) - 2025/03/25 15:03:09 CET [2025/03/25 10:03:09 ET]
Table 'Aludra' 6-max Seat #1 is the button
Seat 1: EdgarYY ($12.77 in chips) 
Seat 2: gurkstav05 ($7.96 in chips) 
Seat 3: AlvinoD ($27.96 in chips) 
Seat 4: Mahu2021 ($9.16 in chips) 
Seat 5: Gto_gtfo ($15.15 in chips) 
Seat 6: lefgr1 ($32.73 in chips) 
gurkstav05: posts small blind $0.05
AlvinoD: posts big blind $0.10
*** HOLE CARDS ***
Dealt to Mahu2021 [8s Js]
Mahu2021: folds 
Gto_gtfo: raises $0.12 to $0.22
lefgr1: calls $0.22
EdgarYY: folds 
gurkstav05: folds 
AlvinoD: folds 
*** FLOP *** [6c 3d 4d]
Gto_gtfo: checks 
lefgr1: checks 
*** TURN *** [6c 3d 4d] [7s]
Gto_gtfo: checks 
lefgr1: bets $0.31
Gto_gtfo: calls $0.31
*** RIVER *** [6c 3d 4d 7s] [9c]
Gto_gtfo: checks 
lefgr1: bets $1
Gto_gtfo: folds 
Uncalled bet ($1) returned to lefgr1
lefgr1 collected $1.16 from pot
lefgr1: doesn't show hand 
*** SUMMARY ***
Total pot $1.21 | Rake $0.05 
Board [6c 3d 4d 7s 9c]
Seat 1: EdgarYY (button) folded before Flop (didn't bet)
Seat 2: gurkstav05 (small blind) folded before Flop
Seat 3: AlvinoD (big blind) folded before Flop
Seat 4: Mahu2021 folded before Flop (didn't bet)
Seat 5: Gto_gtfo folded on the River
Seat 6: lefgr1 collected ($1.16)



PokerStars Zoom Hand #255445585636:  Hold'em No Limit ($0.05/$0.10) - 2025/03/25 15:03:45 CET [2025/03/25 10:03:45 ET]
Table 'Aludra' 6-max Seat #1 is the button
Seat 1: tdedesgr ($10 in chips) 
Seat 2: nordrel ($13.94 in chips) 
Seat 3: Chakanicki ($4.65 in chips) 
Seat 4: Mahu2021 ($9.39 in chips) 
Seat 5: Ghitan0921 ($24.07 in chips) 
Seat 6: dreexxar ($10.17 in chips) 
nordrel: posts small blind $0.05
Chakanicki: posts big blind $0.10
*** HOLE CARDS ***
Dealt to Mahu2021 [Qs 5c]
Mahu2021: folds 
Ghitan0921: raises $0.15 to $0.25
dreexxar: folds 
tdedesgr: folds 
nordrel: folds 
Chakanicki: raises $0.55 to $0.80
Ghitan0921: calls $0.55
*** FLOP *** [6s Qd 9s]
Chakanicki: bets $1.58
Ghitan0921: raises $1.58 to $3.16
Chakanicki: raises $0.69 to $3.85 and is all-in
Ghitan0921: calls $0.69
*** TURN *** [6s Qd 9s] [Td]
*** RIVER *** [6s Qd 9s Td] [7c]
*** SHOW DOWN ***
Chakanicki: shows [Ad As] (a pair of Aces)
Ghitan0921: shows [6d 6h] (three of a kind, Sixes)
Ghitan0921 collected $8.93 from pot
*** SUMMARY ***
Total pot $9.35 | Rake $0.42 
Board [6s Qd 9s Td 7c]
Seat 1: tdedesgr (button) folded before Flop (didn't bet)
Seat 2: nordrel (small blind) folded before Flop
Seat 3: Chakanicki (big blind) showed [Ad As] and lost with a pair of Aces
Seat 4: Mahu2021 folded before Flop (didn't bet)
Seat 5: Ghitan0921 showed [6d 6h] and won ($8.93) with three of a kind, Sixes
Seat 6: dreexxar folded before Flop (didn't bet)



PokerStars Zoom Hand #255445587260:  Hold'em No Limit ($0.05/$0.10) - 2025/03/25 15:03:55 CET [2025/03/25 10:03:55 ET]
Table 'Aludra' 6-max Seat #1 is the button
Seat 1: Mahu2021 ($9.34 in chips) 
Seat 2: gurkstav05 ($7.81 in chips) 
Seat 3: klokter 30 ($18.34 in chips) 
Seat 4: augtoth ($14.45 in chips) 
Seat 5: Danger22bigs ($10.20 in chips) 
Seat 6: Smailodon ($4 in chips) 
gurkstav05: posts small blind $0.05
klokter 30: posts big blind $0.10
*** HOLE CARDS ***
Dealt to Mahu2021 [Jd Kh]
augtoth: raises $0.15 to $0.25
Danger22bigs: folds 
Smailodon: folds 
Mahu2021: calls $0.25
gurkstav05: folds 
klokter 30: folds 
*** FLOP *** [Qd 6s 8h]
augtoth: checks 
Mahu2021: checks 
*** TURN *** [Qd 6s 8h] [2s]
augtoth: checks 
Mahu2021: checks 
*** RIVER *** [Qd 6s 8h 2s] [2d]
augtoth: bets $0.20
Mahu2021: folds 
Uncalled bet ($0.20) returned to augtoth
augtoth collected $0.62 from pot
augtoth: doesn't show hand 
*** SUMMARY ***
Total pot $0.65 | Rake $0.03 
Board [Qd 6s 8h 2s 2d]
Seat 1: Mahu2021 (button) folded on the River
Seat 2: gurkstav05 (small blind) folded before Flop
Seat 3: klokter 30 (big blind) folded before Flop
Seat 4: augtoth collected ($0.62)
Seat 5: Danger22bigs folded before Flop (didn't bet)
Seat 6: Smailodon folded before Flop (didn't bet)



PokerStars Zoom Hand #255445592955:  Hold'em No Limit ($0.05/$0.10) - 2025/03/25 15:04:31 CET [2025/03/25 10:04:31 ET]
Table 'Aludra' 6-max Seat #1 is the button
Seat 1: sho0506 ($44.66 in chips) 
Seat 2: AlvinoD ($14.12 in chips) 
Seat 3: PokerSapiens1 ($4.54 in chips) 
Seat 4: minieto01 ($5.28 in chips) 
Seat 5: Mahu2021 ($9.09 in chips) 
Seat 6: Thiguin9 ($10.10 in chips) 
AlvinoD: posts small blind $0.05
PokerSapiens1: posts big blind $0.10
*** HOLE CARDS ***
Dealt to Mahu2021 [3s Qc]
minieto01: folds 
Mahu2021: folds 
Thiguin9: folds 
sho0506: folds 
AlvinoD: folds 
Uncalled bet ($0.05) returned to PokerSapiens1
PokerSapiens1 collected $0.10 from pot
PokerSapiens1: doesn't show hand 
*** SUMMARY ***
Total pot $0.10 | Rake $0 
Seat 1: sho0506 (button) folded before Flop (didn't bet)
Seat 2: AlvinoD (small blind) folded before Flop
Seat 3: PokerSapiens1 (big blind) collected ($0.10)
Seat 4: minieto01 folded before Flop (didn't bet)
Seat 5: Mahu2021 folded before Flop (didn't bet)
Seat 6: Thiguin9 folded before Flop (didn't bet)



PokerStars Zoom Hand #255445586439:  Hold'em No Limit ($0.05/$0.10) - 2025/03/25 15:03:50 CET [2025/03/25 10:03:50 ET]
Table 'Aludra' 6-max Seat #1 is the button
Seat 1: mexxxy_90 ($10 in chips) 
Seat 2: Mahu2021 ($9.39 in chips) 
Seat 3: AlvinoD ($18.18 in chips) 
Seat 4: Lim 2589 ($10.35 in chips) 
Seat 5: grrrama ($13.45 in chips) 
Seat 6: eriktnt ($11.40 in chips) 
Mahu2021: posts small blind $0.05
AlvinoD: posts big blind $0.10
*** HOLE CARDS ***
Dealt to Mahu2021 [Td 5d]
Lim 2589: folds 
grrrama: folds 
eriktnt: raises $0.12 to $0.22
mexxxy_90: calls $0.22
Mahu2021: folds 
AlvinoD: calls $0.12
*** FLOP *** [3s 4d 3c]
AlvinoD: checks 
eriktnt: bets $0.22
mexxxy_90: raises $0.66 to $0.88
AlvinoD: folds 
eriktnt: folds 
Uncalled bet ($0.66) returned to mexxxy_90
mexxxy_90 collected $1.10 from pot
mexxxy_90: doesn't show hand 
*** SUMMARY ***
Total pot $1.15 | Rake $0.05 
Board [3s 4d 3c]
Seat 1: mexxxy_90 (button) collected ($1.10)
Seat 2: Mahu2021 (small blind) folded before Flop
Seat 3: AlvinoD (big blind) folded on the Flop
Seat 4: Lim 2589 folded before Flop (didn't bet)
Seat 5: grrrama folded before Flop (didn't bet)
Seat 6: eriktnt folded on the Flop



PokerStars Zoom Hand #255445592316:  Hold'em No Limit ($0.05/$0.10) - 2025/03/25 15:04:26 CET [2025/03/25 10:04:26 ET]
Table 'Aludra' 6-max Seat #1 is the button
Seat 1: ALEKC6 ($19.98 in chips) 
Seat 2: Lim 2589 ($28.77 in chips) 
Seat 3: Gto_gtfo ($10 in chips) 
Seat 4: piknikschet ($50.78 in chips) 
Seat 5: top4eto860 ($14.41 in chips) 
Seat 6: Mahu2021 ($9.09 in chips) 
Lim 2589: posts small blind $0.05
Gto_gtfo: posts big blind $0.10
*** HOLE CARDS ***
Dealt to Mahu2021 [Ah 9d]
piknikschet: folds 
top4eto860: folds 
Mahu2021: folds 
ALEKC6: folds 
Lim 2589: raises $0.20 to $0.30
Gto_gtfo: raises $0.70 to $1
Lim 2589: folds 
Uncalled bet ($0.70) returned to Gto_gtfo
Gto_gtfo collected $0.60 from pot
Gto_gtfo: doesn't show hand 
*** SUMMARY ***
Total pot $0.60 | Rake $0 
Seat 1: ALEKC6 (button) folded before Flop (didn't bet)
Seat 2: Lim 2589 (small blind) folded before Flop
Seat 3: Gto_gtfo (big blind) collected ($0.60)
Seat 4: piknikschet folded before Flop (didn't bet)
Seat 5: top4eto860 folded before Flop (didn't bet)
Seat 6: Mahu2021 folded before Flop (didn't bet)



PokerStars Zoom Hand #255445595364:  Hold'em No Limit ($0.05/$0.10) - 2025/03/25 15:04:46 CET [2025/03/25 10:04:46 ET]
Table 'Aludra' 6-max Seat #1 is the button
Seat 1: Inc-Zra ($18.09 in chips) 
Seat 2: eriktnt ($10.42 in chips) 
Seat 3: T-Bird_Tom ($13.50 in chips) 
Seat 4: Mahu2021 ($8.94 in chips) 
Seat 5: Sn1p3rBR ($10.53 in chips) 
Seat 6: Lim 2589 ($28.47 in chips) 
eriktnt: posts small blind $0.05
T-Bird_Tom: posts big blind $0.10
*** HOLE CARDS ***
Dealt to Mahu2021 [3s 6d]
Mahu2021: folds 
Sn1p3rBR: folds 
Lim 2589: raises $0.15 to $0.25
Inc-Zra: folds 
eriktnt: folds 
T-Bird_Tom: folds 
Uncalled bet ($0.15) returned to Lim 2589
Lim 2589 collected $0.25 from pot
Lim 2589: doesn't show hand 
*** SUMMARY ***
Total pot $0.25 | Rake $0 
Seat 1: Inc-Zra (button) folded before Flop (didn't bet)
Seat 2: eriktnt (small blind) folded before Flop
Seat 3: T-Bird_Tom (big blind) folded before Flop
Seat 4: Mahu2021 folded before Flop (didn't bet)
Seat 5: Sn1p3rBR folded before Flop (didn't bet)
Seat 6: Lim 2589 collected ($0.25)



PokerStars Zoom Hand #255445594232:  Hold'em No Limit ($0.05/$0.10) - 2025/03/25 15:04:39 CET [2025/03/25 10:04:39 ET]
Table 'Aludra' 6-max Seat #1 is the button
Seat 1: nordrel ($13.64 in chips) 
Seat 2: T-Bird_Tom ($13.55 in chips) 
Seat 3: Mahu2021 ($9.04 in chips) 
Seat 4: Danger22bigs ($9.95 in chips) 
Seat 5: Luffy V ($11.96 in chips) 
Seat 6: EdgarYY ($11.52 in chips) 
T-Bird_Tom: posts small blind $0.05
Mahu2021: posts big blind $0.10
*** HOLE CARDS ***
Dealt to Mahu2021 [4d Ah]
Danger22bigs: raises $0.15 to $0.25
Luffy V: folds 
EdgarYY: folds 
nordrel: folds 
T-Bird_Tom: folds 
Mahu2021: folds 
Uncalled bet ($0.15) returned to Danger22bigs
Danger22bigs collected $0.25 from pot
Danger22bigs: doesn't show hand 
*** SUMMARY ***
Total pot $0.25 | Rake $0 
Seat 1: nordrel (button) folded before Flop (didn't bet)
Seat 2: T-Bird_Tom (small blind) folded before Flop
Seat 3: Mahu2021 (big blind) folded before Flop
Seat 4: Danger22bigs collected ($0.25)
Seat 5: Luffy V folded before Flop (didn't bet)
Seat 6: EdgarYY folded before Flop (didn't bet)



PokerStars Zoom Hand #255445596000:  Hold'em No Limit ($0.05/$0.10) - 2025/03/25 15:04:50 CET [2025/03/25 10:04:50 ET]
Table 'Aludra' 6-max Seat #1 is the button
Seat 1: Mahu2021 ($8.94 in chips) 
Seat 2: Thiguin9 ($10.10 in chips) 
Seat 3: eriktnt ($10.37 in chips) 
Seat 4: Bur1k ($5.05 in chips) 
Seat 5: sho0506 ($34.38 in chips) 
Seat 6: minieto01 ($5.23 in chips) 
Thiguin9: posts small blind $0.05
eriktnt: posts big blind $0.10
*** HOLE CARDS ***
Dealt to Mahu2021 [Kd 7c]
Bur1k: folds 
sho0506: raises $0.10 to $0.20
minieto01: folds 
Mahu2021: folds 
Thiguin9: folds 
eriktnt: folds 
Uncalled bet ($0.10) returned to sho0506
sho0506 collected $0.25 from pot
sho0506: doesn't show hand 
*** SUMMARY ***
Total pot $0.25 | Rake $0 
Seat 1: Mahu2021 (button) folded before Flop (didn't bet)
Seat 2: Thiguin9 (small blind) folded before Flop
Seat 3: eriktnt (big blind) folded before Flop
Seat 4: Bur1k folded before Flop (didn't bet)
Seat 5: sho0506 collected ($0.25)
Seat 6: minieto01 folded before Flop (didn't bet)



PokerStars Zoom Hand #255445596699:  Hold'em No Limit ($0.05/$0.10) - 2025/03/25 15:04:54 CET [2025/03/25 10:04:54 ET]
Table 'Aludra' 6-max Seat #1 is the button
Seat 1: mexxxy_90 ($10.93 in chips) 
Seat 2: PokerSapiens1 ($4.59 in chips) 
Seat 3: dreexxar ($10.12 in chips) 
Seat 4: Danger22bigs ($9.78 in chips) 
Seat 5: ciceron86 ($19.41 in chips) 
Seat 6: Mahu2021 ($8.94 in chips) 
PokerSapiens1: posts small blind $0.05
dreexxar: posts big blind $0.10
*** HOLE CARDS ***
Dealt to Mahu2021 [As 6c]
Danger22bigs: folds 
ciceron86: folds 
Mahu2021: folds 
mexxxy_90: folds 
PokerSapiens1: folds 
Uncalled bet ($0.05) returned to dreexxar
dreexxar collected $0.10 from pot
dreexxar: doesn't show hand 
*** SUMMARY ***
Total pot $0.10 | Rake $0 
Seat 1: mexxxy_90 (button) folded before Flop (didn't bet)
Seat 2: PokerSapiens1 (small blind) folded before Flop
Seat 3: dreexxar (big blind) collected ($0.10)
Seat 4: Danger22bigs folded before Flop (didn't bet)
Seat 5: ciceron86 folded before Flop (didn't bet)
Seat 6: Mahu2021 folded before Flop (didn't bet)



PokerStars Zoom Hand #255445597594:  Hold'em No Limit ($0.05/$0.10) - 2025/03/25 15:04:59 CET [2025/03/25 10:04:59 ET]
Table 'Aludra' 6-max Seat #1 is the button
Seat 1: corape ($8.72 in chips) 
Seat 2: PokerSapiens1 ($5.40 in chips) 
Seat 3: ciceron86 ($11.10 in chips) 
Seat 4: Mahu2021 ($8.94 in chips) 
Seat 5: minieto01 ($5.23 in chips) 
Seat 6: piknikschet ($50.63 in chips) 
PokerSapiens1: posts small blind $0.05
ciceron86: posts big blind $0.10
*** HOLE CARDS ***
Dealt to Mahu2021 [5h 8s]
Mahu2021: folds 
minieto01: folds 
piknikschet: folds 
corape: folds 
PokerSapiens1: raises $0.15 to $0.25
ciceron86: folds 
Uncalled bet ($0.15) returned to PokerSapiens1
PokerSapiens1 collected $0.20 from pot
PokerSapiens1: doesn't show hand 
*** SUMMARY ***
Total pot $0.20 | Rake $0 
Seat 1: corape (button) folded before Flop (didn't bet)
Seat 2: PokerSapiens1 (small blind) collected ($0.20)
Seat 3: ciceron86 (big blind) folded before Flop
Seat 4: Mahu2021 folded before Flop (didn't bet)
Seat 5: minieto01 folded before Flop (didn't bet)
Seat 6: piknikschet folded before Flop (didn't bet)



PokerStars Zoom Hand #255445593572:  Hold'em No Limit ($0.05/$0.10) - 2025/03/25 15:04:35 CET [2025/03/25 10:04:35 ET]
Table 'Aludra' 6-max Seat #1 is the button
Seat 1: AlvinoD ($14.07 in chips) 
Seat 2: Mahu2021 ($9.09 in chips) 
Seat 3: sho0506 ($44.66 in chips) 
Seat 4: grrrama ($13.30 in chips) 
Seat 5: nordrel ($13.64 in chips) 
Seat 6: T-Bird_Tom ($13.55 in chips) 
Mahu2021: posts small blind $0.05
sho0506: posts big blind $0.10
*** HOLE CARDS ***
Dealt to Mahu2021 [6h 9h]
grrrama: folds 
nordrel: folds 
T-Bird_Tom: folds 
AlvinoD: raises $0.15 to $0.25
Mahu2021: folds 
sho0506: calls $0.15
*** FLOP *** [Th 4h Tc]
sho0506: checks 
AlvinoD: bets $0.13
sho0506: calls $0.13
*** TURN *** [Th 4h Tc] [Kd]
sho0506: checks 
AlvinoD: bets $0.58
sho0506: folds 
Uncalled bet ($0.58) returned to AlvinoD
AlvinoD collected $0.77 from pot
AlvinoD: doesn't show hand 
*** SUMMARY ***
Total pot $0.81 | Rake $0.04 
Board [Th 4h Tc Kd]
Seat 1: AlvinoD (button) collected ($0.77)
Seat 2: Mahu2021 (small blind) folded before Flop
Seat 3: sho0506 (big blind) folded on the Turn
Seat 4: grrrama folded before Flop (didn't bet)
Seat 5: nordrel folded before Flop (didn't bet)
Seat 6: T-Bird_Tom folded before Flop (didn't bet)



PokerStars Zoom Hand #255445598391:  Hold'em No Limit ($0.05/$0.10) - 2025/03/25 15:05:04 CET [2025/03/25 10:05:04 ET]
Table 'Aludra' 6-max Seat #1 is the button
Seat 1: Die8 ($10.15 in chips) 
Seat 2: Bur1k ($5.05 in chips) 
Seat 3: Lim 2589 ($28.62 in chips) 
Seat 4: ciceron86 ($18.46 in chips) 
Seat 5: Mahu2021 ($8.94 in chips) 
Seat 6: PokerSapiens1 ($4.54 in chips) 
Bur1k: posts small blind $0.05
Lim 2589: posts big blind $0.10
*** HOLE CARDS ***
Dealt to Mahu2021 [As Ts]
ciceron86: folds 
Mahu2021: raises $0.14 to $0.24
PokerSapiens1: folds 
Die8: folds 
Bur1k: folds 
Lim 2589: folds 
Uncalled bet ($0.14) returned to Mahu2021
Mahu2021 collected $0.25 from pot
Mahu2021: doesn't show hand 
*** SUMMARY ***
Total pot $0.25 | Rake $0 
Seat 1: Die8 (button) folded before Flop (didn't bet)
Seat 2: Bur1k (small blind) folded before Flop
Seat 3: Lim 2589 (big blind) folded before Flop
Seat 4: ciceron86 folded before Flop (didn't bet)
Seat 5: Mahu2021 collected ($0.25)
Seat 6: PokerSapiens1 folded before Flop (didn't bet)



PokerStars Zoom Hand #255445602077:  Hold'em No Limit ($0.05/$0.10) - 2025/03/25 15:05:28 CET [2025/03/25 10:05:28 ET]
Table 'Aludra' 6-max Seat #1 is the button
Seat 1: finale888 ($18.71 in chips) 
Seat 2: eriktnt ($10 in chips) 
Seat 3: Mahu2021 ($9.09 in chips) 
Seat 4: Die8 ($16.49 in chips) 
Seat 5: denis4250 ($4.08 in chips) 
Seat 6: EdgarYY ($10 in chips) 
eriktnt: posts small blind $0.05
Mahu2021: posts big blind $0.10
*** HOLE CARDS ***
Dealt to Mahu2021 [2c 4s]
Die8: folds 
denis4250: folds 
EdgarYY: folds 
finale888: folds 
eriktnt: folds 
Uncalled bet ($0.05) returned to Mahu2021
Mahu2021 collected $0.10 from pot
Mahu2021: doesn't show hand 
*** SUMMARY ***
Total pot $0.10 | Rake $0 
Seat 1: finale888 (button) folded before Flop (didn't bet)
Seat 2: eriktnt (small blind) folded before Flop
Seat 3: Mahu2021 (big blind) collected ($0.10)
Seat 4: Die8 folded before Flop (didn't bet)
Seat 5: denis4250 folded before Flop (didn't bet)
Seat 6: EdgarYY folded before Flop (didn't bet)



PokerStars Zoom Hand #255445601530:  Hold'em No Limit ($0.05/$0.10) - 2025/03/25 15:05:25 CET [2025/03/25 10:05:25 ET]
Table 'Aludra' 6-max Seat #1 is the button
Seat 1: Mahu2021 ($9.09 in chips) 
Seat 2: PokerSapiens1 ($3.94 in chips) 
Seat 3: Tozsy17 ($10 in chips) 
Seat 4: EdgarYY ($10 in chips) 
Seat 5: top4eto860 ($14.41 in chips) 
Seat 6: AlvinoD ($18.24 in chips) 
PokerSapiens1: posts small blind $0.05
Tozsy17: posts big blind $0.10
*** HOLE CARDS ***
Dealt to Mahu2021 [9h 7s]
EdgarYY: folds 
top4eto860: folds 
AlvinoD: folds 
Mahu2021: folds 
PokerSapiens1: calls $0.05
Tozsy17: checks 
*** FLOP *** [5h Jh 8c]
PokerSapiens1: bets $0.13
Tozsy17: folds 
Uncalled bet ($0.13) returned to PokerSapiens1
PokerSapiens1 collected $0.19 from pot
PokerSapiens1: doesn't show hand 
*** SUMMARY ***
Total pot $0.20 | Rake $0.01 
Board [5h Jh 8c]
Seat 1: Mahu2021 (button) folded before Flop (didn't bet)
Seat 2: PokerSapiens1 (small blind) collected ($0.19)
Seat 3: Tozsy17 (big blind) folded on the Flop
Seat 4: EdgarYY folded before Flop (didn't bet)
Seat 5: top4eto860 folded before Flop (didn't bet)
Seat 6: AlvinoD folded before Flop (didn't bet)



PokerStars Zoom Hand #255445608062:  Hold'em No Limit ($0.05/$0.10) - 2025/03/25 15:06:06 CET [2025/03/25 10:06:06 ET]
Table 'Aludra' 6-max Seat #1 is the button
Seat 1: top4eto860 ($14.41 in chips) 
Seat 2: Smailodon ($4.99 in chips) 
Seat 3: tdedesgr ($10.08 in chips) 
Seat 4: Tozsy17 ($10 in chips) 
Seat 5: Mahu2021 ($9.09 in chips) 
Seat 6: dreexxar ($10.17 in chips) 
Smailodon: posts small blind $0.05
tdedesgr: posts big blind $0.10
*** HOLE CARDS ***
Dealt to Mahu2021 [Jh 4h]
Tozsy17: folds 
Mahu2021: folds 
dreexxar: folds 
top4eto860: folds 
Smailodon: folds 
Uncalled bet ($0.05) returned to tdedesgr
tdedesgr collected $0.10 from pot
tdedesgr: doesn't show hand 
*** SUMMARY ***
Total pot $0.10 | Rake $0 
Seat 1: top4eto860 (button) folded before Flop (didn't bet)
Seat 2: Smailodon (small blind) folded before Flop
Seat 3: tdedesgr (big blind) collected ($0.10)
Seat 4: Tozsy17 folded before Flop (didn't bet)
Seat 5: Mahu2021 folded before Flop (didn't bet)
Seat 6: dreexxar folded before Flop (didn't bet)



PokerStars Zoom Hand #255445606656:  Hold'em No Limit ($0.05/$0.10) - 2025/03/25 15:05:57 CET [2025/03/25 10:05:57 ET]
Table 'Aludra' 6-max Seat #1 is the button
Seat 1: Mahu2021 ($9.09 in chips) 
Seat 2: ALEKC6 ($10 in chips) 
Seat 3: ciceron86 ($18.73 in chips) 
Seat 4: alexisabos3 ($22.22 in chips) 
Seat 5: royacht ($11.56 in chips) 
Seat 6: denis4250 ($3.76 in chips) 
ALEKC6: posts small blind $0.05
ciceron86: posts big blind $0.10
*** HOLE CARDS ***
Dealt to Mahu2021 [5c 4d]
alexisabos3: folds 
royacht: raises $0.10 to $0.20
denis4250: calls $0.20
Mahu2021: folds 
ALEKC6: folds 
ciceron86: folds 
*** FLOP *** [3h 4s 7d]
royacht: checks 
denis4250: checks 
*** TURN *** [3h 4s 7d] [Kd]
royacht: bets $0.10
denis4250: calls $0.10
*** RIVER *** [3h 4s 7d Kd] [2s]
royacht: checks 
denis4250: checks 
*** SHOW DOWN ***
royacht: shows [Js Ad] (high card Ace)
denis4250: shows [As Jh] (high card Ace)
royacht collected $0.36 from pot
denis4250 collected $0.36 from pot
*** SUMMARY ***
Total pot $0.75 | Rake $0.03 
Board [3h 4s 7d Kd 2s]
Seat 1: Mahu2021 (button) folded before Flop (didn't bet)
Seat 2: ALEKC6 (small blind) folded before Flop
Seat 3: ciceron86 (big blind) folded before Flop
Seat 4: alexisabos3 folded before Flop (didn't bet)
Seat 5: royacht showed [Js Ad] and won ($0.36) with high card Ace
Seat 6: denis4250 showed [As Jh] and won ($0.36) with high card Ace



PokerStars Zoom Hand #255445608748:  Hold'em No Limit ($0.05/$0.10) - 2025/03/25 15:06:11 CET [2025/03/25 10:06:11 ET]
Table 'Aludra' 6-max Seat #1 is the button
Seat 1: lefgr1 ($9.58 in chips) 
Seat 2: Mahu2021 ($9.09 in chips) 
Seat 3: PovilasX ($16.37 in chips) 
Seat 4: mrfreaky1989 ($10.05 in chips) 
Seat 5: EdgarYY ($10 in chips) 
Seat 6: Bur1k ($5.15 in chips) 
Mahu2021: posts small blind $0.05
PovilasX: posts big blind $0.10
*** HOLE CARDS ***
Dealt to Mahu2021 [9c 9s]
mrfreaky1989: folds 
EdgarYY: folds 
Bur1k: folds 
lefgr1: raises $0.15 to $0.25
Mahu2021: raises $0.85 to $1.10
PovilasX: folds 
lefgr1: raises $1.40 to $2.50
Mahu2021: calls $1.40
*** FLOP *** [7c 8c Jd]
Mahu2021: bets $1.10
lefgr1: raises $5.98 to $7.08 and is all-in
Mahu2021: folds 
Uncalled bet ($5.98) returned to lefgr1
lefgr1 collected $6.97 from pot
lefgr1: doesn't show hand 
*** SUMMARY ***
Total pot $7.30 | Rake $0.33 
Board [7c 8c Jd]
Seat 1: lefgr1 (button) collected ($6.97)
Seat 2: Mahu2021 (small blind) folded on the Flop
Seat 3: PovilasX (big blind) folded before Flop
Seat 4: mrfreaky1989 folded before Flop (didn't bet)
Seat 5: EdgarYY folded before Flop (didn't bet)
Seat 6: Bur1k folded before Flop (didn't bet)



PokerStars Zoom Hand #255445607240:  Hold'em No Limit ($0.05/$0.10) - 2025/03/25 15:06:01 CET [2025/03/25 10:06:01 ET]
Table 'Aludra' 6-max Seat #1 is the button
Seat 1: ALEKC6 ($10 in chips) 
Seat 2: augtoth ($16.14 in chips) 
Seat 3: Gto_gtfo ($10.40 in chips) 
Seat 4: sho0506 ($34.78 in chips) 
Seat 5: Lim 2589 ($28.52 in chips) 
Seat 6: Mahu2021 ($9.09 in chips) 
augtoth: posts small blind $0.05
Gto_gtfo: posts big blind $0.10
*** HOLE CARDS ***
Dealt to Mahu2021 [4c As]
sho0506: folds 
Lim 2589: folds 
Mahu2021: folds 
ALEKC6: folds 
augtoth: raises $0.20 to $0.30
Gto_gtfo: calls $0.20
*** FLOP *** [4h 7h 2h]
augtoth: bets $0.10
Gto_gtfo: calls $0.10
*** TURN *** [4h 7h 2h] [Ts]
augtoth: bets $0.15
Gto_gtfo: calls $0.15
*** RIVER *** [4h 7h 2h Ts] [Ac]
augtoth: checks 
Gto_gtfo: checks 
*** SHOW DOWN ***
augtoth: shows [7c Kc] (a pair of Sevens)
Gto_gtfo: shows [Js Td] (a pair of Tens)
Gto_gtfo collected $1.05 from pot
*** SUMMARY ***
Total pot $1.10 | Rake $0.05 
Board [4h 7h 2h Ts Ac]
Seat 1: ALEKC6 (button) folded before Flop (didn't bet)
Seat 2: augtoth (small blind) showed [7c Kc] and lost with a pair of Sevens
Seat 3: Gto_gtfo (big blind) showed [Js Td] and won ($1.05) with a pair of Tens
Seat 4: sho0506 folded before Flop (didn't bet)
Seat 5: Lim 2589 folded before Flop (didn't bet)
Seat 6: Mahu2021 folded before Flop (didn't bet)



PokerStars Zoom Hand #255445606041:  Hold'em No Limit ($0.05/$0.10) - 2025/03/25 15:05:53 CET [2025/03/25 10:05:53 ET]
Table 'Aludra' 6-max Seat #1 is the button
Seat 1: T-Bird_Tom ($10.92 in chips) 
Seat 2: Mahu2021 ($9.14 in chips) 
Seat 3: minieto01 ($4.98 in chips) 
Seat 4: Thiguin9 ($10 in chips) 
Seat 5: nordrel ($9.41 in chips) 
Seat 6: Die8 ($16.54 in chips) 
Mahu2021: posts small blind $0.05
minieto01: posts big blind $0.10
*** HOLE CARDS ***
Dealt to Mahu2021 [8c 6d]
Thiguin9: folds 
nordrel: raises $0.15 to $0.25
Die8: raises $0.50 to $0.75
T-Bird_Tom: folds 
Mahu2021: folds 
minieto01: folds 
nordrel: calls $0.50
*** FLOP *** [5c 7s 5h]
nordrel: checks 
Die8: checks 
*** TURN *** [5c 7s 5h] [9c]
nordrel: bets $0.60
Die8: calls $0.60
*** RIVER *** [5c 7s 5h 9c] [Ah]
nordrel: bets $1.56
Die8: raises $2.94 to $4.50
nordrel: calls $2.94
*** SHOW DOWN ***
Die8: shows [Jd Kc] (a pair of Fives)
nordrel: shows [9s Ts] (two pair, Nines and Fives)
nordrel collected $11.32 from pot
*** SUMMARY ***
Total pot $11.85 | Rake $0.53 
Board [5c 7s 5h 9c Ah]
Seat 1: T-Bird_Tom (button) folded before Flop (didn't bet)
Seat 2: Mahu2021 (small blind) folded before Flop
Seat 3: minieto01 (big blind) folded before Flop
Seat 4: Thiguin9 folded before Flop (didn't bet)
Seat 5: nordrel showed [9s Ts] and won ($11.32) with two pair, Nines and Fives
Seat 6: Die8 showed [Jd Kc] and lost with a pair of Fives



PokerStars Zoom Hand #255445614656:  Hold'em No Limit ($0.05/$0.10) - 2025/03/25 15:06:47 CET [2025/03/25 10:06:47 ET]
Table 'Aludra' 6-max Seat #1 is the button
Seat 1: Wardy93 ($13.89 in chips) 
Seat 2: minieto01 ($5.03 in chips) 
Seat 3: Mahu2021 ($5.49 in chips) 
Seat 4: tdedesgr ($10.08 in chips) 
Seat 5: Sn1p3rBR ($10.28 in chips) 
Seat 6: Tozsy17 ($23.67 in chips) 
minieto01: posts small blind $0.05
Mahu2021: posts big blind $0.10
*** HOLE CARDS ***
Dealt to Mahu2021 [As 6h]
tdedesgr: folds 
Sn1p3rBR: folds 
Tozsy17: raises $0.21 to $0.31
Wardy93: folds 
minieto01: folds 
Mahu2021: folds 
Uncalled bet ($0.21) returned to Tozsy17
Tozsy17 collected $0.25 from pot
Tozsy17: doesn't show hand 
*** SUMMARY ***
Total pot $0.25 | Rake $0 
Seat 1: Wardy93 (button) folded before Flop (didn't bet)
Seat 2: minieto01 (small blind) folded before Flop
Seat 3: Mahu2021 (big blind) folded before Flop
Seat 4: tdedesgr folded before Flop (didn't bet)
Seat 5: Sn1p3rBR folded before Flop (didn't bet)
Seat 6: Tozsy17 collected ($0.25)



PokerStars Zoom Hand #255445615676:  Hold'em No Limit ($0.05/$0.10) - 2025/03/25 15:06:53 CET [2025/03/25 10:06:53 ET]
Table 'Aludra' 6-max Seat #1 is the button
Seat 1: Smdpair77 ($9.46 in chips) 
Seat 2: EdgarYY ($10.05 in chips) 
Seat 3: top4eto860 ($14.46 in chips) 
Seat 4: Mahu2021 ($5.39 in chips) 
Seat 5: T-Bird_Tom ($29.43 in chips) 
Seat 6: Die8 ($12.77 in chips) 
EdgarYY: posts small blind $0.05
top4eto860: posts big blind $0.10
*** HOLE CARDS ***
Dealt to Mahu2021 [As 8h]
Mahu2021: folds 
T-Bird_Tom: folds 
Die8: folds 
Smdpair77: folds 
EdgarYY: raises $0.20 to $0.30
top4eto860: raises $0.70 to $1
EdgarYY: folds 
Uncalled bet ($0.70) returned to top4eto860
top4eto860 collected $0.60 from pot
top4eto860: doesn't show hand 
*** SUMMARY ***
Total pot $0.60 | Rake $0 
Seat 1: Smdpair77 (button) folded before Flop (didn't bet)
Seat 2: EdgarYY (small blind) folded before Flop
Seat 3: top4eto860 (big blind) collected ($0.60)
Seat 4: Mahu2021 folded before Flop (didn't bet)
Seat 5: T-Bird_Tom folded before Flop (didn't bet)
Seat 6: Die8 folded before Flop (didn't bet)



PokerStars Zoom Hand #255445616769:  Hold'em No Limit ($0.05/$0.10) - 2025/03/25 15:07:01 CET [2025/03/25 10:07:01 ET]
Table 'Aludra' 6-max Seat #1 is the button
Seat 1: denis4250 ($3.46 in chips) 
Seat 2: Gto_gtfo ($10.85 in chips) 
Seat 3: eriktnt ($11.87 in chips) 
Seat 4: Mahu2021 ($5.39 in chips) 
Seat 5: lefgr1 ($32.94 in chips) 
Seat 6: grrrama ($13 in chips) 
Gto_gtfo: posts small blind $0.05
eriktnt: posts big blind $0.10
*** HOLE CARDS ***
Dealt to Mahu2021 [6s 8s]
Mahu2021: folds 
lefgr1: folds 
grrrama: raises $0.12 to $0.22
denis4250: folds 
Gto_gtfo: folds 
eriktnt: folds 
Uncalled bet ($0.12) returned to grrrama
grrrama collected $0.25 from pot
grrrama: doesn't show hand 
*** SUMMARY ***
Total pot $0.25 | Rake $0 
Seat 1: denis4250 (button) folded before Flop (didn't bet)
Seat 2: Gto_gtfo (small blind) folded before Flop
Seat 3: eriktnt (big blind) folded before Flop
Seat 4: Mahu2021 folded before Flop (didn't bet)
Seat 5: lefgr1 folded before Flop (didn't bet)
Seat 6: grrrama collected ($0.25)



PokerStars Zoom Hand #255445616415:  Hold'em No Limit ($0.05/$0.10) - 2025/03/25 15:06:58 CET [2025/03/25 10:06:58 ET]
Table 'Aludra' 6-max Seat #1 is the button
Seat 1: Inc-Zra ($19.42 in chips) 
Seat 2: 7stanbul ($16.24 in chips) 
Seat 3: T-Bird_Tom ($29.43 in chips) 
Seat 4: Thiguin9 ($28.93 in chips) 
Seat 5: Bur1k ($5.84 in chips) 
Seat 6: Mahu2021 ($5.39 in chips) 
7stanbul: posts small blind $0.05
T-Bird_Tom: posts big blind $0.10
*** HOLE CARDS ***
Dealt to Mahu2021 [Js 2s]
Thiguin9: folds 
Bur1k: folds 
Mahu2021: folds 
Inc-Zra: folds 
7stanbul: folds 
Uncalled bet ($0.05) returned to T-Bird_Tom
T-Bird_Tom collected $0.10 from pot
T-Bird_Tom: doesn't show hand 
*** SUMMARY ***
Total pot $0.10 | Rake $0 
Seat 1: Inc-Zra (button) folded before Flop (didn't bet)
Seat 2: 7stanbul (small blind) folded before Flop
Seat 3: T-Bird_Tom (big blind) collected ($0.10)
Seat 4: Thiguin9 folded before Flop (didn't bet)
Seat 5: Bur1k folded before Flop (didn't bet)
Seat 6: Mahu2021 folded before Flop (didn't bet)



PokerStars Zoom Hand #255445617318:  Hold'em No Limit ($0.05/$0.10) - 2025/03/25 15:07:04 CET [2025/03/25 10:07:04 ET]
Table 'Aludra' 6-max Seat #1 is the button
Seat 1: Sn1p3rBR ($10 in chips) 
Seat 2: PokerSapiens1 ($3.58 in chips) 
Seat 3: Luffy V ($10 in chips) 
Seat 4: lefgr1 ($12.95 in chips) 
Seat 5: Mahu2021 ($5.39 in chips) 
Seat 6: Koreanpepe ($13.11 in chips) 
PokerSapiens1: posts small blind $0.05
Luffy V: posts big blind $0.10
*** HOLE CARDS ***
Dealt to Mahu2021 [Qd Kh]
lefgr1: folds 
Mahu2021: raises $0.14 to $0.24
Koreanpepe: calls $0.24
Sn1p3rBR: folds 
PokerSapiens1: folds 
Luffy V: folds 
*** FLOP *** [7c Ks 5c]
Mahu2021: bets $0.30
Koreanpepe: raises $0.40 to $0.70
Mahu2021: raises $0.90 to $1.60
Koreanpepe: raises $11.27 to $12.87 and is all-in
Mahu2021: folds 
Uncalled bet ($11.27) returned to Koreanpepe
Koreanpepe collected $3.66 from pot
Koreanpepe: doesn't show hand 
*** SUMMARY ***
Total pot $3.83 | Rake $0.17 
Board [7c Ks 5c]
Seat 1: Sn1p3rBR (button) folded before Flop (didn't bet)
Seat 2: PokerSapiens1 (small blind) folded before Flop
Seat 3: Luffy V (big blind) folded before Flop
Seat 4: lefgr1 folded before Flop (didn't bet)
Seat 5: Mahu2021 folded on the Flop
Seat 6: Koreanpepe collected ($3.66)



PokerStars Zoom Hand #255445624197:  Hold'em No Limit ($0.05/$0.10) - 2025/03/25 15:07:47 CET [2025/03/25 10:07:47 ET]
Table 'Aludra' 6-max Seat #1 is the button
Seat 1: klokter 30 ($17.64 in chips) 
Seat 2: Mahu2021 ($3.55 in chips) 
Seat 3: Lim 2589 ($10.15 in chips) 
Seat 4: lefgr1 ($29.16 in chips) 
Seat 5: piknikschet ($51.39 in chips) 
Seat 6: Inc-Zra ($10.15 in chips) 
Mahu2021: posts small blind $0.05
Lim 2589: posts big blind $0.10
*** HOLE CARDS ***
Dealt to Mahu2021 [Kc 8s]
lefgr1: folds 
piknikschet: folds 
Inc-Zra: folds 
klokter 30: folds 
Mahu2021: folds 
Uncalled bet ($0.05) returned to Lim 2589
Lim 2589 collected $0.10 from pot
Lim 2589: doesn't show hand 
*** SUMMARY ***
Total pot $0.10 | Rake $0 
Seat 1: klokter 30 (button) folded before Flop (didn't bet)
Seat 2: Mahu2021 (small blind) folded before Flop
Seat 3: Lim 2589 (big blind) collected ($0.10)
Seat 4: lefgr1 folded before Flop (didn't bet)
Seat 5: piknikschet folded before Flop (didn't bet)
Seat 6: Inc-Zra folded before Flop (didn't bet)



PokerStars Zoom Hand #255445623487:  Hold'em No Limit ($0.05/$0.10) - 2025/03/25 15:07:43 CET [2025/03/25 10:07:43 ET]
Table 'Aludra' 6-max Seat #1 is the button
Seat 1: mexxxy_90 ($10 in chips) 
Seat 2: eriktnt ($10.04 in chips) 
Seat 3: ALEKC6 ($20.89 in chips) 
Seat 4: killerita67 ($12.42 in chips) 
Seat 5: Mahu2021 ($3.55 in chips) 
Seat 6: RickGold32 ($5.75 in chips) 
eriktnt: posts small blind $0.05
ALEKC6: posts big blind $0.10
*** HOLE CARDS ***
Dealt to Mahu2021 [9s 3c]
killerita67: raises $0.10 to $0.20
Mahu2021: folds 
RickGold32: calls $0.20
mexxxy_90: folds 
eriktnt: folds 
ALEKC6: folds 
*** FLOP *** [9d As Js]
killerita67: checks 
RickGold32: checks 
*** TURN *** [9d As Js] [5c]
killerita67: bets $0.35
RickGold32: calls $0.35
*** RIVER *** [9d As Js 5c] [6h]
killerita67: checks 
RickGold32: checks 
*** SHOW DOWN ***
killerita67: shows [5s 4s] (a pair of Fives)
RickGold32: shows [Tc 9h] (a pair of Nines)
RickGold32 collected $1.19 from pot
*** SUMMARY ***
Total pot $1.25 | Rake $0.06 
Board [9d As Js 5c 6h]
Seat 1: mexxxy_90 (button) folded before Flop (didn't bet)
Seat 2: eriktnt (small blind) folded before Flop
Seat 3: ALEKC6 (big blind) folded before Flop
Seat 4: killerita67 showed [5s 4s] and lost with a pair of Fives
Seat 5: Mahu2021 folded before Flop (didn't bet)
Seat 6: RickGold32 showed [Tc 9h] and won ($1.19) with a pair of Nines



PokerStars Zoom Hand #255445625073:  Hold'em No Limit ($0.05/$0.10) - 2025/03/25 15:07:53 CET [2025/03/25 10:07:53 ET]
Table 'Aludra' 6-max Seat #1 is the button
Seat 1: Sn1p3rBR ($10.13 in chips) 
Seat 2: Thiguin9 ($28.68 in chips) 
Seat 3: Mahu2021 ($3.50 in chips) 
Seat 4: klokter 30 ($20.06 in chips) 
Seat 5: Danger22bigs ($11.68 in chips) 
Seat 6: PokerSapiens1 ($4.83 in chips) 
Thiguin9: posts small blind $0.05
Mahu2021: posts big blind $0.10
*** HOLE CARDS ***
Dealt to Mahu2021 [Ts Kd]
klokter 30: folds 
Danger22bigs: folds 
PokerSapiens1: folds 
Sn1p3rBR: raises $0.15 to $0.25
Thiguin9: folds 
Mahu2021: folds 
Uncalled bet ($0.15) returned to Sn1p3rBR
Sn1p3rBR collected $0.25 from pot
Sn1p3rBR: doesn't show hand 
*** SUMMARY ***
Total pot $0.25 | Rake $0 
Seat 1: Sn1p3rBR (button) collected ($0.25)
Seat 2: Thiguin9 (small blind) folded before Flop
Seat 3: Mahu2021 (big blind) folded before Flop
Seat 4: klokter 30 folded before Flop (didn't bet)
Seat 5: Danger22bigs folded before Flop (didn't bet)
Seat 6: PokerSapiens1 folded before Flop (didn't bet)



PokerStars Zoom Hand #255445627739:  Hold'em No Limit ($0.05/$0.10) - 2025/03/25 15:08:10 CET [2025/03/25 10:08:10 ET]
Table 'Aludra' 6-max Seat #1 is the button
Seat 1: Mahu2021 ($3.40 in chips) 
Seat 2: BluffsLord ($12.59 in chips) 
Seat 3: alexisabos3 ($11.45 in chips) 
Seat 4: Lim 2589 ($11.12 in chips) 
Seat 5: AlvinoD ($15.08 in chips) 
Seat 6: klokter 30 ($20.01 in chips) 
BluffsLord: posts small blind $0.05
alexisabos3: posts big blind $0.10
*** HOLE CARDS ***
Dealt to Mahu2021 [6c 5d]
Lim 2589: raises $0.10 to $0.20
AlvinoD: folds 
klokter 30: folds 
Mahu2021: folds 
BluffsLord: folds 
alexisabos3: folds 
Uncalled bet ($0.10) returned to Lim 2589
Lim 2589 collected $0.25 from pot
Lim 2589: doesn't show hand 
*** SUMMARY ***
Total pot $0.25 | Rake $0 
Seat 1: Mahu2021 (button) folded before Flop (didn't bet)
Seat 2: BluffsLord (small blind) folded before Flop
Seat 3: alexisabos3 (big blind) folded before Flop
Seat 4: Lim 2589 collected ($0.25)
Seat 5: AlvinoD folded before Flop (didn't bet)
Seat 6: klokter 30 folded before Flop (didn't bet)



PokerStars Zoom Hand #255445628358:  Hold'em No Limit ($0.05/$0.10) - 2025/03/25 15:08:14 CET [2025/03/25 10:08:14 ET]
Table 'Aludra' 6-max Seat #1 is the button
Seat 1: Bur1k ($5.20 in chips) 
Seat 2: EdgarYY ($10.57 in chips) 
Seat 3: acebob999 ($10 in chips) 
Seat 4: mexxxy_90 ($10.13 in chips) 
Seat 5: Thiguin9 ($28.63 in chips) 
Seat 6: Mahu2021 ($3.40 in chips) 
EdgarYY: posts small blind $0.05
acebob999: posts big blind $0.10
*** HOLE CARDS ***
Dealt to Mahu2021 [8c Th]
mexxxy_90: raises $0.10 to $0.20
Thiguin9: folds 
Mahu2021: folds 
Bur1k: folds 
EdgarYY: raises $0.90 to $1.10
acebob999: folds 
mexxxy_90: calls $0.90
*** FLOP *** [7d Ad Jh]
EdgarYY: bets $1.45
mexxxy_90: folds 
Uncalled bet ($1.45) returned to EdgarYY
EdgarYY collected $2.20 from pot
EdgarYY: doesn't show hand 
*** SUMMARY ***
Total pot $2.30 | Rake $0.10 
Board [7d Ad Jh]
Seat 1: Bur1k (button) folded before Flop (didn't bet)
Seat 2: EdgarYY (small blind) collected ($2.20)
Seat 3: acebob999 (big blind) folded before Flop
Seat 4: mexxxy_90 folded on the Flop
Seat 5: Thiguin9 folded before Flop (didn't bet)
Seat 6: Mahu2021 folded before Flop (didn't bet)



PokerStars Zoom Hand #255445629011:  Hold'em No Limit ($0.05/$0.10) - 2025/03/25 15:08:18 CET [2025/03/25 10:08:18 ET]
Table 'Aludra' 6-max Seat #1 is the button
Seat 1: mrfreaky1989 ($10 in chips) 
Seat 2: piknikschet ($12.72 in chips) 
Seat 3: Smailodon ($4.69 in chips) 
Seat 4: Mahu2021 ($3.40 in chips) 
Seat 5: StarsKK ($10.96 in chips) 
Seat 6: T-Bird_Tom ($29.83 in chips) 
piknikschet: posts small blind $0.05
Smailodon: posts big blind $0.10
*** HOLE CARDS ***
Dealt to Mahu2021 [9s 5s]
Mahu2021: folds 
StarsKK: folds 
T-Bird_Tom: folds 
mrfreaky1989: folds 
piknikschet: raises $0.20 to $0.30
Smailodon: calls $0.20
*** FLOP *** [2d Qc 6d]
piknikschet: bets $0.17
Smailodon: calls $0.17
*** TURN *** [2d Qc 6d] [5c]
piknikschet: checks 
Smailodon: checks 
*** RIVER *** [2d Qc 6d 5c] [9d]
piknikschet: bets $0.27
Smailodon: calls $0.27
*** SHOW DOWN ***
piknikschet: shows [Js Jd] (a pair of Jacks)
Smailodon: mucks hand 
piknikschet collected $1.41 from pot
*** SUMMARY ***
Total pot $1.48 | Rake $0.07 
Board [2d Qc 6d 5c 9d]
Seat 1: mrfreaky1989 (button) folded before Flop (didn't bet)
Seat 2: piknikschet (small blind) showed [Js Jd] and won ($1.41) with a pair of Jacks
Seat 3: Smailodon (big blind) mucked [6h Kh]
Seat 4: Mahu2021 folded before Flop (didn't bet)
Seat 5: StarsKK folded before Flop (didn't bet)
Seat 6: T-Bird_Tom folded before Flop (didn't bet)



PokerStars Zoom Hand #255445632471:  Hold'em No Limit ($0.05/$0.10) - 2025/03/25 15:08:40 CET [2025/03/25 10:08:40 ET]
Table 'Aludra' 6-max Seat #1 is the button
Seat 1: Bur1k ($5 in chips) 
Seat 2: alexisabos3 ($21.71 in chips) 
Seat 3: xlpokerdonlx ($11.91 in chips) 
Seat 4: Mahu2021 ($9.30 in chips) 
Seat 5: mexxxy_90 ($10 in chips) 
Seat 6: eriktnt ($10.15 in chips) 
alexisabos3: posts small blind $0.05
xlpokerdonlx: posts big blind $0.10
*** HOLE CARDS ***
Dealt to Mahu2021 [8d Ks]
Mahu2021: folds 
mexxxy_90: folds 
eriktnt: folds 
Bur1k: raises $0.15 to $0.25
alexisabos3: folds 
xlpokerdonlx: calls $0.15
*** FLOP *** [Th 4c 9s]
xlpokerdonlx: checks 
Bur1k: bets $0.30
xlpokerdonlx: folds 
Uncalled bet ($0.30) returned to Bur1k
Bur1k collected $0.53 from pot
Bur1k: doesn't show hand 
*** SUMMARY ***
Total pot $0.55 | Rake $0.02 
Board [Th 4c 9s]
Seat 1: Bur1k (button) collected ($0.53)
Seat 2: alexisabos3 (small blind) folded before Flop
Seat 3: xlpokerdonlx (big blind) folded on the Flop
Seat 4: Mahu2021 folded before Flop (didn't bet)
Seat 5: mexxxy_90 folded before Flop (didn't bet)
Seat 6: eriktnt folded before Flop (didn't bet)



PokerStars Zoom Hand #255445630253:  Hold'em No Limit ($0.05/$0.10) - 2025/03/25 15:08:26 CET [2025/03/25 10:08:26 ET]
Table 'Aludra' 6-max Seat #1 is the button
Seat 1: Inc-Zra ($10 in chips) 
Seat 2: dreexxar ($10 in chips) 
Seat 3: Mahu2021 ($3.40 in chips) 
Seat 4: v4valter88 ($10 in chips) 
Seat 5: AlvinoD ($28.81 in chips) 
Seat 6: Danger22bigs ($10.50 in chips) 
dreexxar: posts small blind $0.05
Mahu2021: posts big blind $0.10
*** HOLE CARDS ***
Dealt to Mahu2021 [6d 3c]
v4valter88: folds 
AlvinoD: folds 
Danger22bigs: folds 
Inc-Zra: raises $0.15 to $0.25
dreexxar: calls $0.20
Mahu2021: folds 
*** FLOP *** [5d Th Ad]
dreexxar: checks 
Inc-Zra: bets $0.14
dreexxar: calls $0.14
*** TURN *** [5d Th Ad] [9c]
dreexxar: checks 
Inc-Zra: bets $0.55
dreexxar: calls $0.55
*** RIVER *** [5d Th Ad 9c] [6s]
dreexxar: checks 
Inc-Zra: bets $2.84
dreexxar: folds 
Uncalled bet ($2.84) returned to Inc-Zra
Inc-Zra collected $1.89 from pot
Inc-Zra: doesn't show hand 
*** SUMMARY ***
Total pot $1.98 | Rake $0.09 
Board [5d Th Ad 9c 6s]
Seat 1: Inc-Zra (button) collected ($1.89)
Seat 2: dreexxar (small blind) folded on the River
Seat 3: Mahu2021 (big blind) folded before Flop
Seat 4: v4valter88 folded before Flop (didn't bet)
Seat 5: AlvinoD folded before Flop (didn't bet)
Seat 6: Danger22bigs folded before Flop (didn't bet)



PokerStars Zoom Hand #255445629614:  Hold'em No Limit ($0.05/$0.10) - 2025/03/25 15:08:22 CET [2025/03/25 10:08:22 ET]
Table 'Aludra' 6-max Seat #1 is the button
Seat 1: Mahu2021 ($3.40 in chips) 
Seat 2: mexxxy_90 ($10.33 in chips) 
Seat 3: StarsKK ($10.96 in chips) 
Seat 4: PokerSapiens1 ($4.83 in chips) 
Seat 5: AlvinoD ($10.35 in chips) 
Seat 6: Tozsy17 ($11.30 in chips) 
mexxxy_90: posts small blind $0.05
StarsKK: posts big blind $0.10
*** HOLE CARDS ***
Dealt to Mahu2021 [2s 5d]
PokerSapiens1: folds 
AlvinoD: folds 
Tozsy17: folds 
Mahu2021: folds 
mexxxy_90: raises $0.15 to $0.25
StarsKK: calls $0.15
*** FLOP *** [Jc 3h Kd]
mexxxy_90: checks 
StarsKK: bets $0.50
mexxxy_90: calls $0.50
*** TURN *** [Jc 3h Kd] [Kh]
mexxxy_90: checks 
StarsKK: bets $1.07
mexxxy_90: calls $1.07
*** RIVER *** [Jc 3h Kd Kh] [7d]
mexxxy_90: checks 
StarsKK: checks 
*** SHOW DOWN ***
mexxxy_90: shows [Jd As] (two pair, Kings and Jacks)
StarsKK: shows [Ks 6c] (three of a kind, Kings)
StarsKK collected $3.48 from pot
*** SUMMARY ***
Total pot $3.64 | Rake $0.16 
Board [Jc 3h Kd Kh 7d]
Seat 1: Mahu2021 (button) folded before Flop (didn't bet)
Seat 2: mexxxy_90 (small blind) showed [Jd As] and lost with two pair, Kings and Jacks
Seat 3: StarsKK (big blind) showed [Ks 6c] and won ($3.48) with three of a kind, Kings
Seat 4: PokerSapiens1 folded before Flop (didn't bet)
Seat 5: AlvinoD folded before Flop (didn't bet)
Seat 6: Tozsy17 folded before Flop (didn't bet)



PokerStars Zoom Hand #255445635121:  Hold'em No Limit ($0.05/$0.10) - 2025/03/25 15:08:58 CET [2025/03/25 10:08:58 ET]
Table 'Aludra' 6-max Seat #1 is the button
Seat 1: BluffsLord ($12.19 in chips) 
Seat 2: Smailodon ($3.95 in chips) 
Seat 3: ALEKC6 ($10.50 in chips) 
Seat 4: T-Bird_Tom ($11.49 in chips) 
Seat 5: Wardy93 ($13.92 in chips) 
Seat 6: Mahu2021 ($9.25 in chips) 
Smailodon: posts small blind $0.05
ALEKC6: posts big blind $0.10
*** HOLE CARDS ***
Dealt to Mahu2021 [Qd Ad]
T-Bird_Tom: folds 
Wardy93: folds 
Mahu2021: raises $0.13 to $0.23
BluffsLord: folds 
Smailodon: folds 
ALEKC6: calls $0.13
*** FLOP *** [4s 9h 5s]
ALEKC6: checks 
Mahu2021: bets $0.30
ALEKC6: raises $0.80 to $1.10
Mahu2021: calls $0.80
*** TURN *** [4s 9h 5s] [3c]
ALEKC6: checks 
Mahu2021: bets $2.59
ALEKC6: folds 
Uncalled bet ($2.59) returned to Mahu2021
Mahu2021 collected $2.59 from pot
Mahu2021: doesn't show hand 
*** SUMMARY ***
Total pot $2.71 | Rake $0.12 
Board [4s 9h 5s 3c]
Seat 1: BluffsLord (button) folded before Flop (didn't bet)
Seat 2: Smailodon (small blind) folded before Flop
Seat 3: ALEKC6 (big blind) folded on the Turn
Seat 4: T-Bird_Tom folded before Flop (didn't bet)
Seat 5: Wardy93 folded before Flop (didn't bet)
Seat 6: Mahu2021 collected ($2.59)



PokerStars Zoom Hand #255445633664:  Hold'em No Limit ($0.05/$0.10) - 2025/03/25 15:08:48 CET [2025/03/25 10:08:48 ET]
Table 'Aludra' 6-max Seat #1 is the button
Seat 1: Lim 2589 ($11.17 in chips) 
Seat 2: Mahu2021 ($9.30 in chips) 
Seat 3: AlvinoD ($15.03 in chips) 
Seat 4: dreexxar ($16.83 in chips) 
Seat 5: Tozsy17 ($10 in chips) 
Seat 6: corape ($6.97 in chips) 
Mahu2021: posts small blind $0.05
AlvinoD: posts big blind $0.10
*** HOLE CARDS ***
Dealt to Mahu2021 [Jd 6s]
dreexxar: folds 
Tozsy17: raises $0.21 to $0.31
corape: folds 
Lim 2589: folds 
Mahu2021: folds 
AlvinoD: calls $0.21
*** FLOP *** [Tc Ah 5s]
AlvinoD: checks 
Tozsy17: bets $0.22
AlvinoD: calls $0.22
*** TURN *** [Tc Ah 5s] [6h]
AlvinoD: checks 
Tozsy17: checks 
*** RIVER *** [Tc Ah 5s 6h] [Qh]
AlvinoD: checks 
Tozsy17: bets $1.37
AlvinoD: folds 
Uncalled bet ($1.37) returned to Tozsy17
Tozsy17 collected $1.06 from pot
Tozsy17: doesn't show hand 
*** SUMMARY ***
Total pot $1.11 | Rake $0.05 
Board [Tc Ah 5s 6h Qh]
Seat 1: Lim 2589 (button) folded before Flop (didn't bet)
Seat 2: Mahu2021 (small blind) folded before Flop
Seat 3: AlvinoD (big blind) folded on the River
Seat 4: dreexxar folded before Flop (didn't bet)
Seat 5: Tozsy17 collected ($1.06)
Seat 6: corape folded before Flop (didn't bet)



PokerStars Zoom Hand #255445634513:  Hold'em No Limit ($0.05/$0.10) - 2025/03/25 15:08:54 CET [2025/03/25 10:08:54 ET]
Table 'Aludra' 6-max Seat #1 is the button
Seat 1: ALEKC6 ($10.42 in chips) 
Seat 2: Bur1k ($5.55 in chips) 
Seat 3: alexisabos3 ($11.30 in chips) 
Seat 4: Mahu2021 ($9.25 in chips) 
Seat 5: Glaucou ($10 in chips) 
Seat 6: sho0506 ($33.70 in chips) 
Bur1k: posts small blind $0.05
alexisabos3: posts big blind $0.10
*** HOLE CARDS ***
Dealt to Mahu2021 [Kd 7h]
Mahu2021: folds 
Glaucou: raises $0.10 to $0.20
sho0506: folds 
ALEKC6: folds 
Bur1k: folds 
alexisabos3: calls $0.10
*** FLOP *** [4d Jc 8c]
alexisabos3: checks 
Glaucou: bets $0.22
alexisabos3: calls $0.22
*** TURN *** [4d Jc 8c] [Ac]
alexisabos3: checks 
Glaucou: bets $0.43
alexisabos3: calls $0.43
*** RIVER *** [4d Jc 8c Ac] [8d]
alexisabos3: checks 
Glaucou: bets $1.77
alexisabos3: folds 
Uncalled bet ($1.77) returned to Glaucou
Glaucou collected $1.67 from pot
Glaucou: doesn't show hand 
*** SUMMARY ***
Total pot $1.75 | Rake $0.08 
Board [4d Jc 8c Ac 8d]
Seat 1: ALEKC6 (button) folded before Flop (didn't bet)
Seat 2: Bur1k (small blind) folded before Flop
Seat 3: alexisabos3 (big blind) folded on the River
Seat 4: Mahu2021 folded before Flop (didn't bet)
Seat 5: Glaucou collected ($1.67)
Seat 6: sho0506 folded before Flop (didn't bet)



PokerStars Zoom Hand #255445640287:  Hold'em No Limit ($0.05/$0.10) - 2025/03/25 15:09:29 CET [2025/03/25 10:09:29 ET]
Table 'Aludra' 6-max Seat #1 is the button
Seat 1: ALEKC6 ($10 in chips) 
Seat 2: Mahu2021 ($10.51 in chips) 
Seat 3: alexisabos3 ($21.89 in chips) 
Seat 4: ciceron86 ($17.79 in chips) 
Seat 5: Gto_gtfo ($14.86 in chips) 
Seat 6: mexxxy_90 ($10 in chips) 
Mahu2021: posts small blind $0.05
alexisabos3: posts big blind $0.10
*** HOLE CARDS ***
Dealt to Mahu2021 [2h Qh]
ciceron86: folds 
Gto_gtfo: folds 
mexxxy_90: raises $0.10 to $0.20
ALEKC6: folds 
Mahu2021: folds 
alexisabos3: calls $0.10
*** FLOP *** [Kh 3s Jc]
alexisabos3: checks 
mexxxy_90: checks 
*** TURN *** [Kh 3s Jc] [7d]
alexisabos3: checks 
mexxxy_90: checks 
*** RIVER *** [Kh 3s Jc 7d] [5c]
alexisabos3: checks 
mexxxy_90: checks 
*** SHOW DOWN ***
alexisabos3: shows [8h Th] (high card King)
mexxxy_90: shows [4s Ad] (high card Ace)
mexxxy_90 collected $0.43 from pot
*** SUMMARY ***
Total pot $0.45 | Rake $0.02 
Board [Kh 3s Jc 7d 5c]
Seat 1: ALEKC6 (button) folded before Flop (didn't bet)
Seat 2: Mahu2021 (small blind) folded before Flop
Seat 3: alexisabos3 (big blind) showed [8h Th] and lost with high card King
Seat 4: ciceron86 folded before Flop (didn't bet)
Seat 5: Gto_gtfo folded before Flop (didn't bet)
Seat 6: mexxxy_90 showed [4s Ad] and won ($0.43) with high card Ace



PokerStars Zoom Hand #255445640796:  Hold'em No Limit ($0.05/$0.10) - 2025/03/25 15:09:33 CET [2025/03/25 10:09:33 ET]
Table 'Aludra' 6-max Seat #1 is the button
Seat 1: nordrel ($14.48 in chips) 
Seat 2: piknikschet ($51.19 in chips) 
Seat 3: Mahu2021 ($10.46 in chips) 
Seat 4: T-Bird_Tom ($16.25 in chips) 
Seat 5: Tozsy17 ($11.45 in chips) 
Seat 6: eriktnt ($11.65 in chips) 
piknikschet: posts small blind $0.05
Mahu2021: posts big blind $0.10
*** HOLE CARDS ***
Dealt to Mahu2021 [Jc Tc]
T-Bird_Tom: folds 
Tozsy17: raises $0.21 to $0.31
eriktnt: folds 
nordrel: folds 
piknikschet: folds 
Mahu2021: calls $0.21
*** FLOP *** [Ac 8d Jh]
Mahu2021: checks 
Tozsy17: checks 
*** TURN *** [Ac 8d Jh] [4c]
Mahu2021: bets $0.30
Tozsy17: folds 
Uncalled bet ($0.30) returned to Mahu2021
Mahu2021 collected $0.64 from pot
Mahu2021: doesn't show hand 
*** SUMMARY ***
Total pot $0.67 | Rake $0.03 
Board [Ac 8d Jh 4c]
Seat 1: nordrel (button) folded before Flop (didn't bet)
Seat 2: piknikschet (small blind) folded before Flop
Seat 3: Mahu2021 (big blind) collected ($0.64)
Seat 4: T-Bird_Tom folded before Flop (didn't bet)
Seat 5: Tozsy17 folded on the Turn
Seat 6: eriktnt folded before Flop (didn't bet)



PokerStars Zoom Hand #255445646059:  Hold'em No Limit ($0.05/$0.10) - 2025/03/25 15:10:06 CET [2025/03/25 10:10:06 ET]
Table 'Aludra' 6-max Seat #1 is the button
Seat 1: Mahu2021 ($10.79 in chips) 
Seat 2: mexxxy_90 ($10.23 in chips) 
Seat 3: ALEKC6 ($20.44 in chips) 
Seat 4: Vandangoz ($10 in chips) 
Seat 5: HakuBD ($34.46 in chips) 
Seat 6: alexisabos3 ($10.40 in chips) 
mexxxy_90: posts small blind $0.05
ALEKC6: posts big blind $0.10
*** HOLE CARDS ***
Dealt to Mahu2021 [4s 2c]
Vandangoz: raises $0.10 to $0.20
HakuBD: folds 
alexisabos3: folds 
Mahu2021: folds 
mexxxy_90: folds 
ALEKC6: folds 
Uncalled bet ($0.10) returned to Vandangoz
Vandangoz collected $0.25 from pot
Vandangoz: doesn't show hand 
*** SUMMARY ***
Total pot $0.25 | Rake $0 
Seat 1: Mahu2021 (button) folded before Flop (didn't bet)
Seat 2: mexxxy_90 (small blind) folded before Flop
Seat 3: ALEKC6 (big blind) folded before Flop
Seat 4: Vandangoz collected ($0.25)
Seat 5: HakuBD folded before Flop (didn't bet)
Seat 6: alexisabos3 folded before Flop (didn't bet)



PokerStars Zoom Hand #255445646687:  Hold'em No Limit ($0.05/$0.10) - 2025/03/25 15:10:09 CET [2025/03/25 10:10:09 ET]
Table 'Aludra' 6-max Seat #1 is the button
Seat 1: T-Bird_Tom ($11.89 in chips) 
Seat 2: piknikschet ($51.04 in chips) 
Seat 3: ElDelfin38 ($10 in chips) 
Seat 4: alexisabos3 ($10.40 in chips) 
Seat 5: fichhooks ($10.04 in chips) 
Seat 6: Mahu2021 ($10.79 in chips) 
piknikschet: posts small blind $0.05
ElDelfin38: posts big blind $0.10
*** HOLE CARDS ***
Dealt to Mahu2021 [Ad Js]
alexisabos3: folds 
fichhooks: folds 
Mahu2021: raises $0.14 to $0.24
T-Bird_Tom: folds 
piknikschet: folds 
ElDelfin38: folds 
Uncalled bet ($0.14) returned to Mahu2021
Mahu2021 collected $0.25 from pot
Mahu2021: doesn't show hand 
*** SUMMARY ***
Total pot $0.25 | Rake $0 
Seat 1: T-Bird_Tom (button) folded before Flop (didn't bet)
Seat 2: piknikschet (small blind) folded before Flop
Seat 3: ElDelfin38 (big blind) folded before Flop
Seat 4: alexisabos3 folded before Flop (didn't bet)
Seat 5: fichhooks folded before Flop (didn't bet)
Seat 6: Mahu2021 collected ($0.25)



PokerStars Zoom Hand #255445650379:  Hold'em No Limit ($0.05/$0.10) - 2025/03/25 15:10:33 CET [2025/03/25 10:10:33 ET]
Table 'Aludra' 6-max Seat #1 is the button
Seat 1: denis4250 ($4.67 in chips) 
Seat 2: fichhooks ($9.89 in chips) 
Seat 3: v4valter88 ($9.90 in chips) 
Seat 4: StarsKK ($12.29 in chips) 
Seat 5: Mahu2021 ($10.94 in chips) 
Seat 6: corape ($7.58 in chips) 
fichhooks: posts small blind $0.05
v4valter88: posts big blind $0.10
*** HOLE CARDS ***
Dealt to Mahu2021 [Qd Qc]
StarsKK: folds 
Mahu2021: raises $0.14 to $0.24
corape: folds 
denis4250: folds 
fichhooks: calls $0.19
v4valter88: folds 
*** FLOP *** [Ts 7h 6s]
fichhooks: checks 
Mahu2021: bets $0.55
fichhooks: calls $0.55
*** TURN *** [Ts 7h 6s] [9c]
fichhooks: checks 
Mahu2021: bets $1.60
fichhooks: calls $1.60
*** RIVER *** [Ts 7h 6s 9c] [3s]
fichhooks: bets $3.12
Mahu2021: calls $3.12
*** SHOW DOWN ***
fichhooks: shows [4s 5s] (a flush, Ten high)
Mahu2021: mucks hand 
fichhooks collected $10.62 from pot
*** SUMMARY ***
Total pot $11.12 | Rake $0.50 
Board [Ts 7h 6s 9c 3s]
Seat 1: denis4250 (button) folded before Flop (didn't bet)
Seat 2: fichhooks (small blind) showed [4s 5s] and won ($10.62) with a flush, Ten high
Seat 3: v4valter88 (big blind) folded before Flop
Seat 4: StarsKK folded before Flop (didn't bet)
Seat 5: Mahu2021 mucked [Qd Qc]
Seat 6: corape folded before Flop (didn't bet)



PokerStars Zoom Hand #255445655121:  Hold'em No Limit ($0.05/$0.10) - 2025/03/25 15:11:03 CET [2025/03/25 10:11:03 ET]
Table 'Aludra' 6-max Seat #1 is the button
Seat 1: Lim 2589 ($10.20 in chips) 
Seat 2: Wardy93 ($14.51 in chips) 
Seat 3: PokerSapiens1 ($4.26 in chips) 
Seat 4: Mahu2021 ($5.43 in chips) 
Seat 5: alexisabos3 ($21.69 in chips) 
Seat 6: p920junk ($10.31 in chips) 
Wardy93: posts small blind $0.05
PokerSapiens1: posts big blind $0.10
*** HOLE CARDS ***
Dealt to Mahu2021 [3c Kc]
Mahu2021: folds 
alexisabos3: folds 
p920junk: folds 
Lim 2589: raises $0.15 to $0.25
Wardy93: folds 
PokerSapiens1: folds 
Uncalled bet ($0.15) returned to Lim 2589
Lim 2589 collected $0.25 from pot
Lim 2589: doesn't show hand 
*** SUMMARY ***
Total pot $0.25 | Rake $0 
Seat 1: Lim 2589 (button) collected ($0.25)
Seat 2: Wardy93 (small blind) folded before Flop
Seat 3: PokerSapiens1 (big blind) folded before Flop
Seat 4: Mahu2021 folded before Flop (didn't bet)
Seat 5: alexisabos3 folded before Flop (didn't bet)
Seat 6: p920junk folded before Flop (didn't bet)



PokerStars Zoom Hand #255445655884:  Hold'em No Limit ($0.05/$0.10) - 2025/03/25 15:11:08 CET [2025/03/25 10:11:08 ET]
Table 'Aludra' 6-max Seat #1 is the button
Seat 1: p920junk ($10.31 in chips) 
Seat 2: alexisabos3 ($21.69 in chips) 
Seat 3: Yuck0811 ($10 in chips) 
Seat 4: Mahu2021 ($5.43 in chips) 
Seat 5: EdgarYY ($11.98 in chips) 
Seat 6: acebob999 ($10.05 in chips) 
alexisabos3: posts small blind $0.05
Yuck0811: posts big blind $0.10
*** HOLE CARDS ***
Dealt to Mahu2021 [2c 8d]
Mahu2021: folds 
EdgarYY: folds 
acebob999: folds 
p920junk: folds 
alexisabos3: raises $0.20 to $0.30
Yuck0811: calls $0.20
*** FLOP *** [4d Ah Tc]
alexisabos3: bets $0.29
Yuck0811: folds 
Uncalled bet ($0.29) returned to alexisabos3
alexisabos3 collected $0.57 from pot
alexisabos3: doesn't show hand 
*** SUMMARY ***
Total pot $0.60 | Rake $0.03 
Board [4d Ah Tc]
Seat 1: p920junk (button) folded before Flop (didn't bet)
Seat 2: alexisabos3 (small blind) collected ($0.57)
Seat 3: Yuck0811 (big blind) folded on the Flop
Seat 4: Mahu2021 folded before Flop (didn't bet)
Seat 5: EdgarYY folded before Flop (didn't bet)
Seat 6: acebob999 folded before Flop (didn't bet)



PokerStars Zoom Hand #255445656557:  Hold'em No Limit ($0.05/$0.10) - 2025/03/25 15:11:12 CET [2025/03/25 10:11:12 ET]
Table 'Aludra' 6-max Seat #1 is the button
Seat 1: Vandangoz ($10.25 in chips) 
Seat 2: denis4250 ($6.64 in chips) 
Seat 3: Mahu2021 ($5.43 in chips) 
Seat 4: Thiguin9 ($34.71 in chips) 
Seat 5: Koreanpepe ($14.23 in chips) 
Seat 6: tdedesgr ($10.55 in chips) 
denis4250: posts small blind $0.05
Mahu2021: posts big blind $0.10
*** HOLE CARDS ***
Dealt to Mahu2021 [8s Ad]
Thiguin9: raises $0.15 to $0.25
Koreanpepe: folds 
tdedesgr: folds 
Vandangoz: folds 
denis4250: folds 
Mahu2021: folds 
Uncalled bet ($0.15) returned to Thiguin9
Thiguin9 collected $0.25 from pot
Thiguin9: doesn't show hand 
*** SUMMARY ***
Total pot $0.25 | Rake $0 
Seat 1: Vandangoz (button) folded before Flop (didn't bet)
Seat 2: denis4250 (small blind) folded before Flop
Seat 3: Mahu2021 (big blind) folded before Flop
Seat 4: Thiguin9 collected ($0.25)
Seat 5: Koreanpepe folded before Flop (didn't bet)
Seat 6: tdedesgr folded before Flop (didn't bet)



PokerStars Zoom Hand #255445658024:  Hold'em No Limit ($0.05/$0.10) - 2025/03/25 15:11:20 CET [2025/03/25 10:11:20 ET]
Table 'Aludra' 6-max Seat #1 is the button
Seat 1: Mahu2021 ($5.28 in chips) 
Seat 2: PovilasX ($14.92 in chips) 
Seat 3: alexevo91 ($8.61 in chips) 
Seat 4: mrfreaky1989 ($11.07 in chips) 
Seat 5: HakuBD ($38.24 in chips) 
Seat 6: shwozzer ($10.36 in chips) 
PovilasX: posts small blind $0.05
alexevo91: posts big blind $0.10
*** HOLE CARDS ***
Dealt to Mahu2021 [4d 5d]
mrfreaky1989: folds 
HakuBD: folds 
shwozzer: raises $0.20 to $0.30
Mahu2021: calls $0.30
PovilasX: folds 
alexevo91: folds 
*** FLOP *** [7s 9c Kc]
shwozzer: bets $0.36
Mahu2021: folds 
Uncalled bet ($0.36) returned to shwozzer
shwozzer collected $0.71 from pot
shwozzer: doesn't show hand 
*** SUMMARY ***
Total pot $0.75 | Rake $0.04 
Board [7s 9c Kc]
Seat 1: Mahu2021 (button) folded on the Flop
Seat 2: PovilasX (small blind) folded before Flop
Seat 3: alexevo91 (big blind) folded before Flop
Seat 4: mrfreaky1989 folded before Flop (didn't bet)
Seat 5: HakuBD folded before Flop (didn't bet)
Seat 6: shwozzer collected ($0.71)



PokerStars Zoom Hand #255445657434:  Hold'em No Limit ($0.05/$0.10) - 2025/03/25 15:11:17 CET [2025/03/25 10:11:17 ET]
Table 'Aludra' 6-max Seat #1 is the button
Seat 1: Danger22bigs ($10.12 in chips) 
Seat 2: Mahu2021 ($5.33 in chips) 
Seat 3: Gto_gtfo ($13.38 in chips) 
Seat 4: EdgarYY ($10 in chips) 
Seat 5: PovilasX ($14.92 in chips) 
Seat 6: eriktnt ($10.75 in chips) 
Mahu2021: posts small blind $0.05
Gto_gtfo: posts big blind $0.10
*** HOLE CARDS ***
Dealt to Mahu2021 [8d 7h]
EdgarYY: raises $0.10 to $0.20
PovilasX: folds 
eriktnt: folds 
Danger22bigs: folds 
Mahu2021: folds 
Gto_gtfo: calls $0.10
*** FLOP *** [Jh 5d Ac]
Gto_gtfo: checks 
EdgarYY: checks 
*** TURN *** [Jh 5d Ac] [6d]
Gto_gtfo: bets $0.30
EdgarYY: calls $0.30
*** RIVER *** [Jh 5d Ac 6d] [6s]
Gto_gtfo: bets $0.61
EdgarYY: folds 
Uncalled bet ($0.61) returned to Gto_gtfo
Gto_gtfo collected $1 from pot
Gto_gtfo: doesn't show hand 
*** SUMMARY ***
Total pot $1.05 | Rake $0.05 
Board [Jh 5d Ac 6d 6s]
Seat 1: Danger22bigs (button) folded before Flop (didn't bet)
Seat 2: Mahu2021 (small blind) folded before Flop
Seat 3: Gto_gtfo (big blind) collected ($1)
Seat 4: EdgarYY folded on the River
Seat 5: PovilasX folded before Flop (didn't bet)
Seat 6: eriktnt folded before Flop (didn't bet)



PokerStars Zoom Hand #255445661200:  Hold'em No Limit ($0.05/$0.10) - 2025/03/25 15:11:41 CET [2025/03/25 10:11:41 ET]
Table 'Aludra' 6-max Seat #1 is the button
Seat 1: Matzet1ka ($10 in chips) 
Seat 2: Bur1k ($5.05 in chips) 
Seat 3: ALEKC6 ($11.56 in chips) 
Seat 4: Thiguin9 ($34.86 in chips) 
Seat 5: Mahu2021 ($4.98 in chips) 
Seat 6: T-Bird_Tom ($11.20 in chips) 
Bur1k: posts small blind $0.05
ALEKC6: posts big blind $0.10
*** HOLE CARDS ***
Dealt to Mahu2021 [6h 7d]
Thiguin9: folds 
Mahu2021: folds 
T-Bird_Tom: raises $0.13 to $0.23
Matzet1ka: folds 
Bur1k: folds 
ALEKC6: folds 
Uncalled bet ($0.13) returned to T-Bird_Tom
T-Bird_Tom collected $0.25 from pot
T-Bird_Tom: doesn't show hand 
*** SUMMARY ***
Total pot $0.25 | Rake $0 
Seat 1: Matzet1ka (button) folded before Flop (didn't bet)
Seat 2: Bur1k (small blind) folded before Flop
Seat 3: ALEKC6 (big blind) folded before Flop
Seat 4: Thiguin9 folded before Flop (didn't bet)
Seat 5: Mahu2021 folded before Flop (didn't bet)
Seat 6: T-Bird_Tom collected ($0.25)



PokerStars Zoom Hand #255445662477:  Hold'em No Limit ($0.05/$0.10) - 2025/03/25 15:11:50 CET [2025/03/25 10:11:50 ET]
Table 'Aludra' 6-max Seat #1 is the button
Seat 1: ALEKC6 ($11.43 in chips) 
Seat 2: Mahu2021 ($8.98 in chips) 
Seat 3: mexxxy_90 ($20.11 in chips) 
Seat 4: sergio199921 ($9.85 in chips) 
Seat 5: ElDelfin38 ($13.47 in chips) 
Seat 6: TheSoulTaker666 ($52.83 in chips) 
Mahu2021: posts small blind $0.05
mexxxy_90: posts big blind $0.10
*** HOLE CARDS ***
Dealt to Mahu2021 [Kh 3s]
sergio199921: folds 
ElDelfin38: folds 
TheSoulTaker666: raises $0.15 to $0.25
ALEKC6: folds 
Mahu2021: folds 
mexxxy_90: folds 
Uncalled bet ($0.15) returned to TheSoulTaker666
TheSoulTaker666 collected $0.25 from pot
TheSoulTaker666: doesn't show hand 
*** SUMMARY ***
Total pot $0.25 | Rake $0 
Seat 1: ALEKC6 (button) folded before Flop (didn't bet)
Seat 2: Mahu2021 (small blind) folded before Flop
Seat 3: mexxxy_90 (big blind) folded before Flop
Seat 4: sergio199921 folded before Flop (didn't bet)
Seat 5: ElDelfin38 folded before Flop (didn't bet)
Seat 6: TheSoulTaker666 collected ($0.25)



PokerStars Zoom Hand #255445665171:  Hold'em No Limit ($0.05/$0.10) - 2025/03/25 15:12:06 CET [2025/03/25 10:12:06 ET]
Table 'Aludra' 6-max Seat #1 is the button
Seat 1: Wardy93 ($11.27 in chips) 
Seat 2: EdgarYY ($11.49 in chips) 
Seat 3: zeti_dealer ($10 in chips) 
Seat 4: Gto_gtfo ($15.34 in chips) 
Seat 5: Mahu2021 ($8.93 in chips) 
Seat 6: piknikschet ($50.28 in chips) 
EdgarYY: posts small blind $0.05
zeti_dealer: posts big blind $0.10
*** HOLE CARDS ***
Dealt to Mahu2021 [8d 9h]
Gto_gtfo: folds 
Mahu2021: folds 
piknikschet: folds 
Wardy93: folds 
EdgarYY: folds 
Uncalled bet ($0.05) returned to zeti_dealer
zeti_dealer collected $0.10 from pot
zeti_dealer: doesn't show hand 
*** SUMMARY ***
Total pot $0.10 | Rake $0 
Seat 1: Wardy93 (button) folded before Flop (didn't bet)
Seat 2: EdgarYY (small blind) folded before Flop
Seat 3: zeti_dealer (big blind) collected ($0.10)
Seat 4: Gto_gtfo folded before Flop (didn't bet)
Seat 5: Mahu2021 folded before Flop (didn't bet)
Seat 6: piknikschet folded before Flop (didn't bet)



PokerStars Zoom Hand #255445663740:  Hold'em No Limit ($0.05/$0.10) - 2025/03/25 15:11:57 CET [2025/03/25 10:11:57 ET]
Table 'Aludra' 6-max Seat #1 is the button
Seat 1: Winspear ($9.09 in chips) 
Seat 2: Gto_gtfo ($15.39 in chips) 
Seat 3: Io Beto 2020 ($8.31 in chips) 
Seat 4: PokerSapiens1 ($4.11 in chips) 
Seat 5: piknikschet ($13.24 in chips) 
Seat 6: Mahu2021 ($8.93 in chips) 
Gto_gtfo: posts small blind $0.05
Io Beto 2020: posts big blind $0.10
*** HOLE CARDS ***
Dealt to Mahu2021 [Ts 6h]
PokerSapiens1: folds 
piknikschet: raises $0.15 to $0.25
Mahu2021: folds 
Winspear: folds 
Gto_gtfo: folds 
Io Beto 2020: calls $0.15
*** FLOP *** [7h 3d 9h]
Io Beto 2020: checks 
piknikschet: bets $0.16
Io Beto 2020: folds 
Uncalled bet ($0.16) returned to piknikschet
piknikschet collected $0.53 from pot
piknikschet: doesn't show hand 
*** SUMMARY ***
Total pot $0.55 | Rake $0.02 
Board [7h 3d 9h]
Seat 1: Winspear (button) folded before Flop (didn't bet)
Seat 2: Gto_gtfo (small blind) folded before Flop
Seat 3: Io Beto 2020 (big blind) folded on the Flop
Seat 4: PokerSapiens1 folded before Flop (didn't bet)
Seat 5: piknikschet collected ($0.53)
Seat 6: Mahu2021 folded before Flop (didn't bet)



PokerStars Zoom Hand #255445667570:  Hold'em No Limit ($0.05/$0.10) - 2025/03/25 15:12:21 CET [2025/03/25 10:12:21 ET]
Table 'Aludra' 6-max Seat #1 is the button
Seat 1: Danger22bigs ($9.97 in chips) 
Seat 2: alexisabos3 ($21.66 in chips) 
Seat 3: dreexxar ($10 in chips) 
Seat 4: BluffsLord ($12.23 in chips) 
Seat 5: Mahu2021 ($8.83 in chips) 
Seat 6: Luffy V ($16.78 in chips) 
alexisabos3: posts small blind $0.05
dreexxar: posts big blind $0.10
*** HOLE CARDS ***
Dealt to Mahu2021 [7s 2d]
BluffsLord: folds 
Mahu2021: folds 
Luffy V: folds 
Danger22bigs: raises $0.15 to $0.25
alexisabos3: folds 
dreexxar: folds 
Uncalled bet ($0.15) returned to Danger22bigs
Danger22bigs collected $0.25 from pot
Danger22bigs: doesn't show hand 
*** SUMMARY ***
Total pot $0.25 | Rake $0 
Seat 1: Danger22bigs (button) collected ($0.25)
Seat 2: alexisabos3 (small blind) folded before Flop
Seat 3: dreexxar (big blind) folded before Flop
Seat 4: BluffsLord folded before Flop (didn't bet)
Seat 5: Mahu2021 folded before Flop (didn't bet)
Seat 6: Luffy V folded before Flop (didn't bet)



PokerStars Zoom Hand #255445664349:  Hold'em No Limit ($0.05/$0.10) - 2025/03/25 15:12:01 CET [2025/03/25 10:12:01 ET]
Table 'Aludra' 6-max Seat #1 is the button
Seat 1: ElDelfin38 ($13.47 in chips) 
Seat 2: Smailodon ($3.97 in chips) 
Seat 3: $wanswan ($13.35 in chips) 
Seat 4: AlvinoD ($21.42 in chips) 
Seat 5: StarsKK ($11.86 in chips) 
Seat 6: Mahu2021 ($8.93 in chips) 
Smailodon: posts small blind $0.05
$wanswan: posts big blind $0.10
*** HOLE CARDS ***
Dealt to Mahu2021 [Jh 4d]
AlvinoD: folds 
StarsKK: folds 
Mahu2021: folds 
ElDelfin38: folds 
Smailodon: raises $0.10 to $0.20
$wanswan: calls $0.10
*** FLOP *** [9c 5s 5c]
Smailodon: checks 
$wanswan: checks 
*** TURN *** [9c 5s 5c] [8d]
Smailodon: bets $0.20
$wanswan: folds 
Uncalled bet ($0.20) returned to Smailodon
Smailodon collected $0.38 from pot
Smailodon: doesn't show hand 
*** SUMMARY ***
Total pot $0.40 | Rake $0.02 
Board [9c 5s 5c 8d]
Seat 1: ElDelfin38 (button) folded before Flop (didn't bet)
Seat 2: Smailodon (small blind) collected ($0.38)
Seat 3: $wanswan (big blind) folded on the Turn
Seat 4: AlvinoD folded before Flop (didn't bet)
Seat 5: StarsKK folded before Flop (didn't bet)
Seat 6: Mahu2021 folded before Flop (didn't bet)



PokerStars Zoom Hand #255445665839:  Hold'em No Limit ($0.05/$0.10) - 2025/03/25 15:12:10 CET [2025/03/25 10:12:10 ET]
Table 'Aludra' 6-max Seat #1 is the button
Seat 1: PokerSapiens1 ($4.11 in chips) 
Seat 2: Matzet1ka ($10.82 in chips) 
Seat 3: Mahu2021 ($8.93 in chips) 
Seat 4: EdgarYY ($11.44 in chips) 
Seat 5: nordrel ($9.78 in chips) 
Seat 6: TheSoulTaker666 ($26.26 in chips) 
Matzet1ka: posts small blind $0.05
Mahu2021: posts big blind $0.10
*** HOLE CARDS ***
Dealt to Mahu2021 [2h 8h]
EdgarYY: raises $0.10 to $0.20
nordrel: folds 
TheSoulTaker666: calls $0.20
PokerSapiens1: folds 
Matzet1ka: folds 
Mahu2021: folds 
*** FLOP *** [Jc 9s Js]
EdgarYY: bets $0.17
TheSoulTaker666: calls $0.17
*** TURN *** [Jc 9s Js] [Ad]
EdgarYY: bets $1.06
TheSoulTaker666: calls $1.06
*** RIVER *** [Jc 9s Js Ad] [4c]
EdgarYY: checks 
TheSoulTaker666: bets $2.30
EdgarYY: raises $7.71 to $10.01 and is all-in
TheSoulTaker666: calls $7.71
*** SHOW DOWN ***
EdgarYY: shows [Ac Ah] (a full house, Aces full of Jacks)
TheSoulTaker666: shows [Kd Jd] (three of a kind, Jacks)
EdgarYY collected $21.99 from pot
*** SUMMARY ***
Total pot $23.03 | Rake $1.04 
Board [Jc 9s Js Ad 4c]
Seat 1: PokerSapiens1 (button) folded before Flop (didn't bet)
Seat 2: Matzet1ka (small blind) folded before Flop
Seat 3: Mahu2021 (big blind) folded before Flop
Seat 4: EdgarYY showed [Ac Ah] and won ($21.99) with a full house, Aces full of Jacks
Seat 5: nordrel folded before Flop (didn't bet)
Seat 6: TheSoulTaker666 showed [Kd Jd] and lost with three of a kind, Jacks



PokerStars Zoom Hand #255445668287:  Hold'em No Limit ($0.05/$0.10) - 2025/03/25 15:12:25 CET [2025/03/25 10:12:25 ET]
Table 'Aludra' 6-max Seat #1 is the button
Seat 1: nordrel ($9.32 in chips) 
Seat 2: Wardy93 ($11.17 in chips) 
Seat 3: BluffsLord ($12.23 in chips) 
Seat 4: Mahu2021 ($8.83 in chips) 
Seat 5: Matzet1ka ($10.28 in chips) 
Seat 6: ciceron86 ($14.63 in chips) 
Wardy93: posts small blind $0.05
BluffsLord: posts big blind $0.10
*** HOLE CARDS ***
Dealt to Mahu2021 [8s 8c]
Mahu2021: raises $0.13 to $0.23
Matzet1ka: raises $0.46 to $0.69
ciceron86: folds 
nordrel: folds 
Wardy93: folds 
BluffsLord: folds 
Mahu2021: calls $0.46
*** FLOP *** [9h Tc 3d]
Mahu2021: checks 
Matzet1ka: checks 
*** TURN *** [9h Tc 3d] [5s]
Mahu2021: bets $1.46
Matzet1ka: calls $1.46
*** RIVER *** [9h Tc 3d 5s] [6d]
Mahu2021: bets $4.25
Matzet1ka: raises $3.88 to $8.13 and is all-in
Mahu2021: calls $2.43 and is all-in
Uncalled bet ($1.45) returned to Matzet1ka
*** SHOW DOWN ***
Matzet1ka: shows [Ts Th] (three of a kind, Tens)
Mahu2021: shows [8s 8c] (a pair of Eights)
Matzet1ka collected $17.01 from pot
*** SUMMARY ***
Total pot $17.81 | Rake $0.80 
Board [9h Tc 3d 5s 6d]
Seat 1: nordrel (button) folded before Flop (didn't bet)
Seat 2: Wardy93 (small blind) folded before Flop
Seat 3: BluffsLord (big blind) folded before Flop
Seat 4: Mahu2021 showed [8s 8c] and lost with a pair of Eights
Seat 5: Matzet1ka showed [Ts Th] and won ($17.01) with three of a kind, Tens
Seat 6: ciceron86 folded before Flop (didn't bet)



PokerStars Zoom Hand #255445666625:  Hold'em No Limit ($0.05/$0.10) - 2025/03/25 15:12:15 CET [2025/03/25 10:12:15 ET]
Table 'Aludra' 6-max Seat #1 is the button
Seat 1: Mahu2021 ($8.83 in chips) 
Seat 2: chrisburner ($6.05 in chips) 
Seat 3: eriktnt ($11.77 in chips) 
Seat 4: ElDelfin38 ($10 in chips) 
Seat 5: Matzet1ka ($10.77 in chips) 
Seat 6: ALEKC6 ($14.51 in chips) 
chrisburner: posts small blind $0.05
eriktnt: posts big blind $0.10
*** HOLE CARDS ***
Dealt to Mahu2021 [7d Qs]
ElDelfin38: folds 
Matzet1ka: raises $0.15 to $0.25
ALEKC6: folds 
Mahu2021: folds 
chrisburner: raises $0.45 to $0.70
eriktnt: calls $0.60
Matzet1ka: calls $0.45
*** FLOP *** [4d 6h 6d]
chrisburner: bets $2.01
eriktnt: folds 
Matzet1ka: folds 
Uncalled bet ($2.01) returned to chrisburner
chrisburner collected $1.99 from pot
chrisburner: doesn't show hand 
*** SUMMARY ***
Total pot $2.10 | Rake $0.11 
Board [4d 6h 6d]
Seat 1: Mahu2021 (button) folded before Flop (didn't bet)
Seat 2: chrisburner (small blind) collected ($1.99)
Seat 3: eriktnt (big blind) folded on the Flop
Seat 4: ElDelfin38 folded before Flop (didn't bet)
Seat 5: Matzet1ka folded on the Flop
Seat 6: ALEKC6 folded before Flop (didn't bet)



PokerStars Zoom Hand #255445677220:  Hold'em No Limit ($0.05/$0.10) - 2025/03/25 15:13:21 CET [2025/03/25 10:13:21 ET]
Table 'Aludra' 6-max Seat #1 is the button
Seat 1: nordrel ($9.63 in chips) 
Seat 2: Gto_gtfo ($15.02 in chips) 
Seat 3: Mahu2021 ($10 in chips) 
Seat 4: alexisabos3 ($20.71 in chips) 
Seat 5: AlvinoD ($25.75 in chips) 
Seat 6: putzkedudu ($10.15 in chips) 
Gto_gtfo: posts small blind $0.05
Mahu2021: posts big blind $0.10
*** HOLE CARDS ***
Dealt to Mahu2021 [Qs Js]
alexisabos3: raises $0.10 to $0.20
AlvinoD: folds 
putzkedudu: folds 
nordrel: folds 
Gto_gtfo: folds 
Mahu2021: calls $0.10
*** FLOP *** [8h As 7s]
Mahu2021: bets $0.30
alexisabos3: calls $0.30
*** TURN *** [8h As 7s] [Ts]
Mahu2021: bets $0.30
alexisabos3: calls $0.30
*** RIVER *** [8h As 7s Ts] [2h]
Mahu2021: bets $1.58
alexisabos3: folds 
Uncalled bet ($1.58) returned to Mahu2021
Mahu2021 collected $1.58 from pot
Mahu2021: doesn't show hand 
*** SUMMARY ***
Total pot $1.65 | Rake $0.07 
Board [8h As 7s Ts 2h]
Seat 1: nordrel (button) folded before Flop (didn't bet)
Seat 2: Gto_gtfo (small blind) folded before Flop
Seat 3: Mahu2021 (big blind) collected ($1.58)
Seat 4: alexisabos3 folded on the River
Seat 5: AlvinoD folded before Flop (didn't bet)
Seat 6: putzkedudu folded before Flop (didn't bet)



PokerStars Zoom Hand #255445687454:  Hold'em No Limit ($0.05/$0.10) - 2025/03/25 15:14:24 CET [2025/03/25 10:14:24 ET]
Table 'Aludra' 6-max Seat #1 is the button
Seat 1: dudu_MGUP ($10.22 in chips) 
Seat 2: Lim 2589 ($11.71 in chips) 
Seat 3: acebob999 ($11.04 in chips) 
Seat 4: p920junk ($10.06 in chips) 
Seat 5: Mahu2021 ($10.78 in chips) 
Seat 6: sergio199921 ($9.97 in chips) 
Lim 2589: posts small blind $0.05
acebob999: posts big blind $0.10
*** HOLE CARDS ***
Dealt to Mahu2021 [7s 7c]
p920junk: folds 
Mahu2021: raises $0.14 to $0.24
sergio199921: folds 
dudu_MGUP: folds 
Lim 2589: folds 
acebob999: folds 
Uncalled bet ($0.14) returned to Mahu2021
Mahu2021 collected $0.25 from pot
Mahu2021: doesn't show hand 
*** SUMMARY ***
Total pot $0.25 | Rake $0 
Seat 1: dudu_MGUP (button) folded before Flop (didn't bet)
Seat 2: Lim 2589 (small blind) folded before Flop
Seat 3: acebob999 (big blind) folded before Flop
Seat 4: p920junk folded before Flop (didn't bet)
Seat 5: Mahu2021 collected ($0.25)
Seat 6: sergio199921 folded before Flop (didn't bet)



PokerStars Zoom Hand #255445694202:  Hold'em No Limit ($0.05/$0.10) - 2025/03/25 15:15:04 CET [2025/03/25 10:15:04 ET]
Table 'Aludra' 6-max Seat #1 is the button
Seat 1: piknikschet ($52.31 in chips) 
Seat 2: BluffsLord ($12.50 in chips) 
Seat 3: PokerSapiens1 ($3.71 in chips) 
Seat 4: v4valter88 ($12.21 in chips) 
Seat 5: Bornin10 ($10.83 in chips) 
Seat 6: Mahu2021 ($10.63 in chips) 
BluffsLord: posts small blind $0.05
PokerSapiens1: posts big blind $0.10
*** HOLE CARDS ***
Dealt to Mahu2021 [5h Ts]
v4valter88: folds 
Bornin10: folds 
Mahu2021: folds 
piknikschet: folds 
BluffsLord: folds 
Uncalled bet ($0.05) returned to PokerSapiens1
PokerSapiens1 collected $0.10 from pot
PokerSapiens1: doesn't show hand 
*** SUMMARY ***
Total pot $0.10 | Rake $0 
Seat 1: piknikschet (button) folded before Flop (didn't bet)
Seat 2: BluffsLord (small blind) folded before Flop
Seat 3: PokerSapiens1 (big blind) collected ($0.10)
Seat 4: v4valter88 folded before Flop (didn't bet)
Seat 5: Bornin10 folded before Flop (didn't bet)
Seat 6: Mahu2021 folded before Flop (didn't bet)



PokerStars Zoom Hand #255445689456:  Hold'em No Limit ($0.05/$0.10) - 2025/03/25 15:14:36 CET [2025/03/25 10:14:36 ET]
Table 'Aludra' 6-max Seat #1 is the button
Seat 1: PokerSapiens1 ($4.65 in chips) 
Seat 2: Mahu2021 ($10.93 in chips) 
Seat 3: HakuBD ($36.68 in chips) 
Seat 4: killerita67 ($23.22 in chips) 
Seat 5: mlange ($8.41 in chips) 
Seat 6: Matzet1ka ($10 in chips) 
Mahu2021: posts small blind $0.05
HakuBD: posts big blind $0.10
*** HOLE CARDS ***
Dealt to Mahu2021 [5h 5c]
killerita67: folds 
mlange: raises $0.20 to $0.30
Matzet1ka: folds 
PokerSapiens1: folds 
Mahu2021: calls $0.25
HakuBD: calls $0.20
*** FLOP *** [6h Kc 9s]
Mahu2021: checks 
HakuBD: checks 
mlange: bets $0.45
Mahu2021: folds 
HakuBD: calls $0.45
*** TURN *** [6h Kc 9s] [4s]
HakuBD: checks 
mlange: bets $0.86
HakuBD: folds 
Uncalled bet ($0.86) returned to mlange
mlange collected $1.72 from pot
mlange: doesn't show hand 
*** SUMMARY ***
Total pot $1.80 | Rake $0.08 
Board [6h Kc 9s 4s]
Seat 1: PokerSapiens1 (button) folded before Flop (didn't bet)
Seat 2: Mahu2021 (small blind) folded on the Flop
Seat 3: HakuBD (big blind) folded on the Turn
Seat 4: killerita67 folded before Flop (didn't bet)
Seat 5: mlange collected ($1.72)
Seat 6: Matzet1ka folded before Flop (didn't bet)



PokerStars Zoom Hand #255445693487:  Hold'em No Limit ($0.05/$0.10) - 2025/03/25 15:15:00 CET [2025/03/25 10:15:00 ET]
Table 'Aludra' 6-max Seat #1 is the button
Seat 1: Die8 ($10.29 in chips) 
Seat 2: nordrel ($10.03 in chips) 
Seat 3: Lim 2589 ($11.66 in chips) 
Seat 4: Mahu2021 ($10.63 in chips) 
Seat 5: Bornin10 ($10.79 in chips) 
Seat 6: ElDelfin38 ($10.78 in chips) 
nordrel: posts small blind $0.05
Lim 2589: posts big blind $0.10
*** HOLE CARDS ***
Dealt to Mahu2021 [4s 3d]
Mahu2021: folds 
Bornin10: folds 
ElDelfin38: folds 
Die8: raises $0.16 to $0.26
nordrel: folds 
Lim 2589: folds 
Uncalled bet ($0.16) returned to Die8
Die8 collected $0.25 from pot
Die8: doesn't show hand 
*** SUMMARY ***
Total pot $0.25 | Rake $0 
Seat 1: Die8 (button) collected ($0.25)
Seat 2: nordrel (small blind) folded before Flop
Seat 3: Lim 2589 (big blind) folded before Flop
Seat 4: Mahu2021 folded before Flop (didn't bet)
Seat 5: Bornin10 folded before Flop (didn't bet)
Seat 6: ElDelfin38 folded before Flop (didn't bet)



PokerStars Zoom Hand #255445696547:  Hold'em No Limit ($0.05/$0.10) - 2025/03/25 15:15:18 CET [2025/03/25 10:15:18 ET]
Table 'Aludra' 6-max Seat #1 is the button
Seat 1: fichhooks ($13.30 in chips) 
Seat 2: Lim 2589 ($11.56 in chips) 
Seat 3: Mahu2021 ($10.58 in chips) 
Seat 4: Smdpair77 ($11.12 in chips) 
Seat 5: EdgarYY ($10.78 in chips) 
Seat 6: PokerSapiens1 ($3.76 in chips) 
Lim 2589: posts small blind $0.05
Mahu2021: posts big blind $0.10
*** HOLE CARDS ***
Dealt to Mahu2021 [Qc 4h]
Smdpair77: raises $0.20 to $0.30
EdgarYY: folds 
PokerSapiens1: folds 
fichhooks: folds 
Lim 2589: folds 
Mahu2021: folds 
Uncalled bet ($0.20) returned to Smdpair77
Smdpair77 collected $0.25 from pot
Smdpair77: doesn't show hand 
*** SUMMARY ***
Total pot $0.25 | Rake $0 
Seat 1: fichhooks (button) folded before Flop (didn't bet)
Seat 2: Lim 2589 (small blind) folded before Flop
Seat 3: Mahu2021 (big blind) folded before Flop
Seat 4: Smdpair77 collected ($0.25)
Seat 5: EdgarYY folded before Flop (didn't bet)
Seat 6: PokerSapiens1 folded before Flop (didn't bet)



PokerStars Zoom Hand #255445697196:  Hold'em No Limit ($0.05/$0.10) - 2025/03/25 15:15:22 CET [2025/03/25 10:15:22 ET]
Table 'Aludra' 6-max Seat #1 is the button
Seat 1: EdgarYY ($10.78 in chips) 
Seat 2: mexxxy_90 ($10 in chips) 
Seat 3: Sn1p3rBR ($11.71 in chips) 
Seat 4: PovilasX ($15.21 in chips) 
Seat 5: Mahu2021 ($10.48 in chips) 
Seat 6: uwwfan ($11.75 in chips) 
mexxxy_90: posts small blind $0.05
Sn1p3rBR: posts big blind $0.10
*** HOLE CARDS ***
Dealt to Mahu2021 [5c 3h]
PovilasX: folds 
Mahu2021: folds 
uwwfan: folds 
EdgarYY: folds 
mexxxy_90: folds 
Uncalled bet ($0.05) returned to Sn1p3rBR
Sn1p3rBR collected $0.10 from pot
Sn1p3rBR: doesn't show hand 
*** SUMMARY ***
Total pot $0.10 | Rake $0 
Seat 1: EdgarYY (button) folded before Flop (didn't bet)
Seat 2: mexxxy_90 (small blind) folded before Flop
Seat 3: Sn1p3rBR (big blind) collected ($0.10)
Seat 4: PovilasX folded before Flop (didn't bet)
Seat 5: Mahu2021 folded before Flop (didn't bet)
Seat 6: uwwfan folded before Flop (didn't bet)



PokerStars Zoom Hand #255445697743:  Hold'em No Limit ($0.05/$0.10) - 2025/03/25 15:15:25 CET [2025/03/25 10:15:25 ET]
Table 'Aludra' 6-max Seat #1 is the button
Seat 1: dreexxar ($10.78 in chips) 
Seat 2: ALEKC6 ($20.73 in chips) 
Seat 3: mlange ($9.38 in chips) 
Seat 4: Mahu2021 ($10.48 in chips) 
Seat 5: Yuck0811 ($10 in chips) 
Seat 6: EdgarYY ($10.78 in chips) 
ALEKC6: posts small blind $0.05
mlange: posts big blind $0.10
*** HOLE CARDS ***
Dealt to Mahu2021 [3h 6c]
Mahu2021: folds 
Yuck0811: folds 
EdgarYY: folds 
dreexxar: folds 
ALEKC6: raises $0.20 to $0.30
mlange: folds 
Uncalled bet ($0.20) returned to ALEKC6
ALEKC6 collected $0.20 from pot
ALEKC6: doesn't show hand 
*** SUMMARY ***
Total pot $0.20 | Rake $0 
Seat 1: dreexxar (button) folded before Flop (didn't bet)
Seat 2: ALEKC6 (small blind) collected ($0.20)
Seat 3: mlange (big blind) folded before Flop
Seat 4: Mahu2021 folded before Flop (didn't bet)
Seat 5: Yuck0811 folded before Flop (didn't bet)
Seat 6: EdgarYY folded before Flop (didn't bet)



PokerStars Zoom Hand #255445692640:  Hold'em No Limit ($0.05/$0.10) - 2025/03/25 15:14:55 CET [2025/03/25 10:14:55 ET]
Table 'Aludra' 6-max Seat #1 is the button
Seat 1: Mahu2021 ($10.63 in chips) 
Seat 2: Thiguin9 ($10.15 in chips) 
Seat 3: ALEKC6 ($10 in chips) 
Seat 4: Danger22bigs ($9.40 in chips) 
Seat 5: Die8 ($12.77 in chips) 
Seat 6: DrMisterSir ($10 in chips) 
Thiguin9: posts small blind $0.05
ALEKC6: posts big blind $0.10
*** HOLE CARDS ***
Dealt to Mahu2021 [5h 4c]
Danger22bigs: folds 
Die8: folds 
DrMisterSir: raises $0.15 to $0.25
Mahu2021: folds 
Thiguin9: folds 
ALEKC6: raises $0.95 to $1.20
DrMisterSir: calls $0.95
*** FLOP *** [Qc Jd Td]
ALEKC6: checks 
DrMisterSir: bets $0.75
ALEKC6: calls $0.75
*** TURN *** [Qc Jd Td] [7h]
ALEKC6: checks 
DrMisterSir: bets $1.50
ALEKC6: calls $1.50
*** RIVER *** [Qc Jd Td 7h] [8d]
ALEKC6: checks 
DrMisterSir: bets $6.55 and is all-in
ALEKC6: folds 
Uncalled bet ($6.55) returned to DrMisterSir
DrMisterSir collected $6.64 from pot
DrMisterSir: doesn't show hand 
*** SUMMARY ***
Total pot $6.95 | Rake $0.31 
Board [Qc Jd Td 7h 8d]
Seat 1: Mahu2021 (button) folded before Flop (didn't bet)
Seat 2: Thiguin9 (small blind) folded before Flop
Seat 3: ALEKC6 (big blind) folded on the River
Seat 4: Danger22bigs folded before Flop (didn't bet)
Seat 5: Die8 folded before Flop (didn't bet)
Seat 6: DrMisterSir collected ($6.64)



PokerStars Zoom Hand #255445694914:  Hold'em No Limit ($0.05/$0.10) - 2025/03/25 15:15:08 CET [2025/03/25 10:15:08 ET]
Table 'Aludra' 6-max Seat #1 is the button
Seat 1: mexxxy_90 ($10 in chips) 
Seat 2: Mahu2021 ($10.63 in chips) 
Seat 3: lefgr1 ($34.44 in chips) 
Seat 4: ALEKC6 ($20.83 in chips) 
Seat 5: tdedesgr ($10.70 in chips) 
Seat 6: PovilasX ($15.21 in chips) 
Mahu2021: posts small blind $0.05
lefgr1: posts big blind $0.10
*** HOLE CARDS ***
Dealt to Mahu2021 [As 3h]
ALEKC6: folds 
tdedesgr: folds 
PovilasX: folds 
mexxxy_90: raises $0.10 to $0.20
Mahu2021: folds 
lefgr1: calls $0.10
*** FLOP *** [Th 9c 4s]
lefgr1: checks 
mexxxy_90: bets $0.22
lefgr1: calls $0.22
*** TURN *** [Th 9c 4s] [8c]
lefgr1: checks 
mexxxy_90: checks 
*** RIVER *** [Th 9c 4s 8c] [Kd]
lefgr1: bets $1.15
mexxxy_90: folds 
Uncalled bet ($1.15) returned to lefgr1
lefgr1 collected $0.85 from pot
lefgr1: doesn't show hand 
*** SUMMARY ***
Total pot $0.89 | Rake $0.04 
Board [Th 9c 4s 8c Kd]
Seat 1: mexxxy_90 (button) folded on the River
Seat 2: Mahu2021 (small blind) folded before Flop
Seat 3: lefgr1 (big blind) collected ($0.85)
Seat 4: ALEKC6 folded before Flop (didn't bet)
Seat 5: tdedesgr folded before Flop (didn't bet)
Seat 6: PovilasX folded before Flop (didn't bet)



PokerStars Zoom Hand #255445695701:  Hold'em No Limit ($0.05/$0.10) - 2025/03/25 15:15:13 CET [2025/03/25 10:15:13 ET]
Table 'Aludra' 6-max Seat #1 is the button
Seat 1: Mahu2021 ($10.58 in chips) 
Seat 2: Sn1p3rBR ($10.15 in chips) 
Seat 3: minieto01 ($6.59 in chips) 
Seat 4: nordrel ($9.98 in chips) 
Seat 5: PokerSapiens1 ($3.76 in chips) 
Seat 6: v4valter88 ($12.16 in chips) 
Sn1p3rBR: posts small blind $0.05
minieto01: posts big blind $0.10
*** HOLE CARDS ***
Dealt to Mahu2021 [As 4d]
nordrel: folds 
PokerSapiens1: folds 
v4valter88: folds 
Mahu2021: folds 
Sn1p3rBR: raises $0.20 to $0.30
minieto01: calls $0.20
*** FLOP *** [Jh 5h 7c]
Sn1p3rBR: bets $0.20
minieto01: raises $0.97 to $1.17
Sn1p3rBR: folds 
Uncalled bet ($0.97) returned to minieto01
minieto01 collected $0.96 from pot
minieto01: doesn't show hand 
*** SUMMARY ***
Total pot $1 | Rake $0.04 
Board [Jh 5h 7c]
Seat 1: Mahu2021 (button) folded before Flop (didn't bet)
Seat 2: Sn1p3rBR (small blind) folded on the Flop
Seat 3: minieto01 (big blind) collected ($0.96)
Seat 4: nordrel folded before Flop (didn't bet)
Seat 5: PokerSapiens1 folded before Flop (didn't bet)
Seat 6: v4valter88 folded before Flop (didn't bet)



PokerStars Zoom Hand #255445698373:  Hold'em No Limit ($0.05/$0.10) - 2025/03/25 15:15:29 CET [2025/03/25 10:15:29 ET]
Table 'Aludra' 6-max Seat #1 is the button
Seat 1: Smailodon ($4.79 in chips) 
Seat 2: Mahu2021 ($10.48 in chips) 
Seat 3: ElDelfin38 ($10.73 in chips) 
Seat 4: BluffsLord ($12.45 in chips) 
Seat 5: mexxxy_90 ($10 in chips) 
Seat 6: Die8 ($10.44 in chips) 
Mahu2021: posts small blind $0.05
ElDelfin38: posts big blind $0.10
*** HOLE CARDS ***
Dealt to Mahu2021 [Qd Qh]
BluffsLord: folds 
mexxxy_90: raises $0.10 to $0.20
Die8: folds 
Smailodon: folds 
Mahu2021: raises $0.90 to $1.10
ElDelfin38: folds 
mexxxy_90: folds 
Uncalled bet ($0.90) returned to Mahu2021
Mahu2021 collected $0.50 from pot
Mahu2021: doesn't show hand 
*** SUMMARY ***
Total pot $0.50 | Rake $0 
Seat 1: Smailodon (button) folded before Flop (didn't bet)
Seat 2: Mahu2021 (small blind) collected ($0.50)
Seat 3: ElDelfin38 (big blind) folded before Flop
Seat 4: BluffsLord folded before Flop (didn't bet)
Seat 5: mexxxy_90 folded before Flop
Seat 6: Die8 folded before Flop (didn't bet)



PokerStars Zoom Hand #255445702661:  Hold'em No Limit ($0.05/$0.10) - 2025/03/25 15:15:54 CET [2025/03/25 10:15:54 ET]
Table 'Aludra' 6-max Seat #1 is the button
Seat 1: alexisabos3 ($10.80 in chips) 
Seat 2: Danger22bigs ($8.72 in chips) 
Seat 3: Mahu2021 ($10.78 in chips) 
Seat 4: mlange ($9.23 in chips) 
Seat 5: Lim 2589 ($10.98 in chips) 
Seat 6: EdgarYY ($10.78 in chips) 
Danger22bigs: posts small blind $0.05
Mahu2021: posts big blind $0.10
*** HOLE CARDS ***
Dealt to Mahu2021 [3d Jh]
mlange: folds 
Lim 2589: folds 
EdgarYY: raises $0.10 to $0.20
alexisabos3: folds 
Danger22bigs: folds 
Mahu2021: folds 
Uncalled bet ($0.10) returned to EdgarYY
EdgarYY collected $0.25 from pot
EdgarYY: doesn't show hand 
*** SUMMARY ***
Total pot $0.25 | Rake $0 
Seat 1: alexisabos3 (button) folded before Flop (didn't bet)
Seat 2: Danger22bigs (small blind) folded before Flop
Seat 3: Mahu2021 (big blind) folded before Flop
Seat 4: mlange folded before Flop (didn't bet)
Seat 5: Lim 2589 folded before Flop (didn't bet)
Seat 6: EdgarYY collected ($0.25)



PokerStars Zoom Hand #255445703532:  Hold'em No Limit ($0.05/$0.10) - 2025/03/25 15:15:59 CET [2025/03/25 10:15:59 ET]
Table 'Aludra' 6-max Seat #1 is the button
Seat 1: Mahu2021 ($10.68 in chips) 
Seat 2: PokerSapiens1 ($4.68 in chips) 
Seat 3: Lim 2589 ($10.98 in chips) 
Seat 4: Yuck0811 ($10.66 in chips) 
Seat 5: Danger22bigs ($8.67 in chips) 
Seat 6: nordrel ($9.88 in chips) 
PokerSapiens1: posts small blind $0.05
Lim 2589: posts big blind $0.10
*** HOLE CARDS ***
Dealt to Mahu2021 [2s Ts]
Yuck0811: folds 
Danger22bigs: folds 
nordrel: folds 
Mahu2021: folds 
PokerSapiens1: folds 
Uncalled bet ($0.05) returned to Lim 2589
Lim 2589 collected $0.10 from pot
Lim 2589: doesn't show hand 
*** SUMMARY ***
Total pot $0.10 | Rake $0 
Seat 1: Mahu2021 (button) folded before Flop (didn't bet)
Seat 2: PokerSapiens1 (small blind) folded before Flop
Seat 3: Lim 2589 (big blind) collected ($0.10)
Seat 4: Yuck0811 folded before Flop (didn't bet)
Seat 5: Danger22bigs folded before Flop (didn't bet)
Seat 6: nordrel folded before Flop (didn't bet)



PokerStars Zoom Hand #255445704388:  Hold'em No Limit ($0.05/$0.10) - 2025/03/25 15:16:04 CET [2025/03/25 10:16:04 ET]
Table 'Aludra' 6-max Seat #1 is the button
Seat 1: EdgarYY ($10.93 in chips) 
Seat 2: ALEKC6 ($11.69 in chips) 
Seat 3: parceritosss ($8.94 in chips) 
Seat 4: Inc-Zra ($15.76 in chips) 
Seat 5: PovilasX ($21.13 in chips) 
Seat 6: Mahu2021 ($10.68 in chips) 
ALEKC6: posts small blind $0.05
parceritosss: posts big blind $0.10
*** HOLE CARDS ***
Dealt to Mahu2021 [8d Qc]
Inc-Zra: folds 
PovilasX: folds 
Mahu2021: folds 
EdgarYY: folds 
ALEKC6: folds 
Uncalled bet ($0.05) returned to parceritosss
parceritosss collected $0.10 from pot
parceritosss: doesn't show hand 
*** SUMMARY ***
Total pot $0.10 | Rake $0 
Seat 1: EdgarYY (button) folded before Flop (didn't bet)
Seat 2: ALEKC6 (small blind) folded before Flop
Seat 3: parceritosss (big blind) collected ($0.10)
Seat 4: Inc-Zra folded before Flop (didn't bet)
Seat 5: PovilasX folded before Flop (didn't bet)
Seat 6: Mahu2021 folded before Flop (didn't bet)



PokerStars Zoom Hand #255445705734:  Hold'em No Limit ($0.05/$0.10) - 2025/03/25 15:16:12 CET [2025/03/25 10:16:12 ET]
Table 'Aludra' 6-max Seat #1 is the button
Seat 1: TheLonelyGuy ($10 in chips) 
Seat 2: PokerSapiens1 ($3.66 in chips) 
Seat 3: Gto_gtfo ($16.17 in chips) 
Seat 4: Sn1p3rBR ($10 in chips) 
Seat 5: Mahu2021 ($10.68 in chips) 
Seat 6: piknikschet ($11.87 in chips) 
PokerSapiens1: posts small blind $0.05
Gto_gtfo: posts big blind $0.10
*** HOLE CARDS ***
Dealt to Mahu2021 [8s 6d]
Sn1p3rBR: folds 
Mahu2021: folds 
piknikschet: raises $0.15 to $0.25
TheLonelyGuy: folds 
PokerSapiens1: folds 
Gto_gtfo: folds 
Uncalled bet ($0.15) returned to piknikschet
piknikschet collected $0.25 from pot
piknikschet: doesn't show hand 
*** SUMMARY ***
Total pot $0.25 | Rake $0 
Seat 1: TheLonelyGuy (button) folded before Flop (didn't bet)
Seat 2: PokerSapiens1 (small blind) folded before Flop
Seat 3: Gto_gtfo (big blind) folded before Flop
Seat 4: Sn1p3rBR folded before Flop (didn't bet)
Seat 5: Mahu2021 folded before Flop (didn't bet)
Seat 6: piknikschet collected ($0.25)



PokerStars Zoom Hand #255445705026:  Hold'em No Limit ($0.05/$0.10) - 2025/03/25 15:16:08 CET [2025/03/25 10:16:08 ET]
Table 'Aludra' 6-max Seat #1 is the button
Seat 1: killerita67 ($23.68 in chips) 
Seat 2: T-Bird_Tom ($11.01 in chips) 
Seat 3: Yuck0811 ($10.66 in chips) 
Seat 4: putzkedudu ($10 in chips) 
Seat 5: Lim 2589 ($11.56 in chips) 
Seat 6: Mahu2021 ($10.68 in chips) 
T-Bird_Tom: posts small blind $0.05
Yuck0811: posts big blind $0.10
*** HOLE CARDS ***
Dealt to Mahu2021 [2c Qh]
putzkedudu: folds 
Lim 2589: folds 
Mahu2021: folds 
killerita67: raises $0.18 to $0.28
T-Bird_Tom: folds 
Yuck0811: folds 
Uncalled bet ($0.18) returned to killerita67
killerita67 collected $0.25 from pot
killerita67: doesn't show hand 
*** SUMMARY ***
Total pot $0.25 | Rake $0 
Seat 1: killerita67 (button) collected ($0.25)
Seat 2: T-Bird_Tom (small blind) folded before Flop
Seat 3: Yuck0811 (big blind) folded before Flop
Seat 4: putzkedudu folded before Flop (didn't bet)
Seat 5: Lim 2589 folded before Flop (didn't bet)
Seat 6: Mahu2021 folded before Flop (didn't bet)



PokerStars Zoom Hand #255445706370:  Hold'em No Limit ($0.05/$0.10) - 2025/03/25 15:16:16 CET [2025/03/25 10:16:16 ET]
Table 'Aludra' 6-max Seat #1 is the button
Seat 1: Inc-Zra ($14.19 in chips) 
Seat 2: StarsKK ($12.07 in chips) 
Seat 3: putzkedudu ($10 in chips) 
Seat 4: Mahu2021 ($10.68 in chips) 
Seat 5: denis4250 ($6.68 in chips) 
Seat 6: Wardy93 ($10.25 in chips) 
StarsKK: posts small blind $0.05
putzkedudu: posts big blind $0.10
*** HOLE CARDS ***
Dealt to Mahu2021 [Kc 6s]
Mahu2021: folds 
denis4250: folds 
Wardy93: folds 
Inc-Zra: raises $0.15 to $0.25
StarsKK: raises $0.90 to $1.15
putzkedudu: folds 
Inc-Zra: folds 
Uncalled bet ($0.90) returned to StarsKK
StarsKK collected $0.60 from pot
StarsKK: doesn't show hand 
*** SUMMARY ***
Total pot $0.60 | Rake $0 
Seat 1: Inc-Zra (button) folded before Flop
Seat 2: StarsKK (small blind) collected ($0.60)
Seat 3: putzkedudu (big blind) folded before Flop
Seat 4: Mahu2021 folded before Flop (didn't bet)
Seat 5: denis4250 folded before Flop (didn't bet)
Seat 6: Wardy93 folded before Flop (didn't bet)



PokerStars Zoom Hand #255445707871:  Hold'em No Limit ($0.05/$0.10) - 2025/03/25 15:16:25 CET [2025/03/25 10:16:25 ET]
Table 'Aludra' 6-max Seat #1 is the button
Seat 1: Sn1p3rBR ($10.30 in chips) 
Seat 2: Danger22bigs ($9.45 in chips) 
Seat 3: piknikschet ($52.31 in chips) 
Seat 4: Thiguin9 ($10 in chips) 
Seat 5: Mahu2021 ($10.63 in chips) 
Seat 6: T-Bird_Tom ($10.96 in chips) 
Danger22bigs: posts small blind $0.05
piknikschet: posts big blind $0.10
*** HOLE CARDS ***
Dealt to Mahu2021 [6h Jd]
Thiguin9: folds 
Mahu2021: folds 
T-Bird_Tom: raises $0.13 to $0.23
Sn1p3rBR: folds 
Danger22bigs: folds 
piknikschet: folds 
Uncalled bet ($0.13) returned to T-Bird_Tom
T-Bird_Tom collected $0.25 from pot
T-Bird_Tom: doesn't show hand 
*** SUMMARY ***
Total pot $0.25 | Rake $0 
Seat 1: Sn1p3rBR (button) folded before Flop (didn't bet)
Seat 2: Danger22bigs (small blind) folded before Flop
Seat 3: piknikschet (big blind) folded before Flop
Seat 4: Thiguin9 folded before Flop (didn't bet)
Seat 5: Mahu2021 folded before Flop (didn't bet)
Seat 6: T-Bird_Tom collected ($0.25)



PokerStars Zoom Hand #255445707223:  Hold'em No Limit ($0.05/$0.10) - 2025/03/25 15:16:21 CET [2025/03/25 10:16:21 ET]
Table 'Aludra' 6-max Seat #1 is the button
Seat 1: Bornin10 ($14.33 in chips) 
Seat 2: Mahu2021 ($10.68 in chips) 
Seat 3: PokerSapiens1 ($4.63 in chips) 
Seat 4: $wanswan ($17.54 in chips) 
Seat 5: xjuaccox ($10.15 in chips) 
Seat 6: piknikschet ($52.31 in chips) 
Mahu2021: posts small blind $0.05
PokerSapiens1: posts big blind $0.10
*** HOLE CARDS ***
Dealt to Mahu2021 [4d Ac]
$wanswan: folds 
xjuaccox: raises $0.15 to $0.25
piknikschet: folds 
Bornin10: raises $0.50 to $0.75
Mahu2021: folds 
PokerSapiens1: folds 
xjuaccox: folds 
Uncalled bet ($0.50) returned to Bornin10
Bornin10 collected $0.65 from pot
Bornin10: doesn't show hand 
*** SUMMARY ***
Total pot $0.65 | Rake $0 
Seat 1: Bornin10 (button) collected ($0.65)
Seat 2: Mahu2021 (small blind) folded before Flop
Seat 3: PokerSapiens1 (big blind) folded before Flop
Seat 4: $wanswan folded before Flop (didn't bet)
Seat 5: xjuaccox folded before Flop
Seat 6: piknikschet folded before Flop (didn't bet)



PokerStars Zoom Hand #255445708582:  Hold'em No Limit ($0.05/$0.10) - 2025/03/25 15:16:29 CET [2025/03/25 10:16:29 ET]
Table 'Aludra' 6-max Seat #1 is the button
Seat 1: tdedesgr ($10.36 in chips) 
Seat 2: Thiguin9 ($10 in chips) 
Seat 3: Mahu2021 ($10.63 in chips) 
Seat 4: mexxxy_90 ($10 in chips) 
Seat 5: ALEKC6 ($11.64 in chips) 
Seat 6: Lim 2589 ($11.18 in chips) 
Thiguin9: posts small blind $0.05
Mahu2021: posts big blind $0.10
*** HOLE CARDS ***
Dealt to Mahu2021 [3c 9h]
mexxxy_90: folds 
ALEKC6: folds 
Lim 2589: folds 
tdedesgr: raises $0.13 to $0.23
Thiguin9: folds 
Mahu2021: folds 
Uncalled bet ($0.13) returned to tdedesgr
tdedesgr collected $0.25 from pot
tdedesgr: doesn't show hand 
*** SUMMARY ***
Total pot $0.25 | Rake $0 
Seat 1: tdedesgr (button) collected ($0.25)
Seat 2: Thiguin9 (small blind) folded before Flop
Seat 3: Mahu2021 (big blind) folded before Flop
Seat 4: mexxxy_90 folded before Flop (didn't bet)
Seat 5: ALEKC6 folded before Flop (didn't bet)
Seat 6: Lim 2589 folded before Flop (didn't bet)



PokerStars Zoom Hand #255445713530:  Hold'em No Limit ($0.05/$0.10) - 2025/03/25 15:16:58 CET [2025/03/25 10:16:58 ET]
Table 'Aludra' 6-max Seat #1 is the button
Seat 1: Lim 2589 ($11.46 in chips) 
Seat 2: Danger22bigs ($12.16 in chips) 
Seat 3: Mahu2021 ($10.53 in chips) 
Seat 4: 7stanbul ($14.96 in chips) 
Seat 5: 4etkiu ($3.25 in chips) 
Seat 6: Bornin10 ($10 in chips) 
Danger22bigs: posts small blind $0.05
Mahu2021: posts big blind $0.10
*** HOLE CARDS ***
Dealt to Mahu2021 [Qs 5c]
7stanbul: folds 
4etkiu: folds 
Bornin10: raises $0.13 to $0.23
Lim 2589: folds 
Danger22bigs: folds 
Mahu2021: folds 
Uncalled bet ($0.13) returned to Bornin10
Bornin10 collected $0.25 from pot
Bornin10: doesn't show hand 
*** SUMMARY ***
Total pot $0.25 | Rake $0 
Seat 1: Lim 2589 (button) folded before Flop (didn't bet)
Seat 2: Danger22bigs (small blind) folded before Flop
Seat 3: Mahu2021 (big blind) folded before Flop
Seat 4: 7stanbul folded before Flop (didn't bet)
Seat 5: 4etkiu folded before Flop (didn't bet)
Seat 6: Bornin10 collected ($0.25)



PokerStars Zoom Hand #255445712846:  Hold'em No Limit ($0.05/$0.10) - 2025/03/25 15:16:54 CET [2025/03/25 10:16:54 ET]
Table 'Aludra' 6-max Seat #1 is the button
Seat 1: Koreanpepe ($18.71 in chips) 
Seat 2: cris010885 ($7.92 in chips) 
Seat 3: Inc-Zra ($13.89 in chips) 
Seat 4: Danger22bigs ($12.16 in chips) 
Seat 5: Mahu2021 ($10.53 in chips) 
Seat 6: dreexxar ($15.20 in chips) 
cris010885: posts small blind $0.05
Inc-Zra: posts big blind $0.10
*** HOLE CARDS ***
Dealt to Mahu2021 [3d 9s]
Danger22bigs: folds 
Mahu2021: folds 
dreexxar: folds 
Koreanpepe: folds 
cris010885: raises $0.20 to $0.30
Inc-Zra: folds 
Uncalled bet ($0.20) returned to cris010885
cris010885 collected $0.20 from pot
cris010885: doesn't show hand 
*** SUMMARY ***
Total pot $0.20 | Rake $0 
Seat 1: Koreanpepe (button) folded before Flop (didn't bet)
Seat 2: cris010885 (small blind) collected ($0.20)
Seat 3: Inc-Zra (big blind) folded before Flop
Seat 4: Danger22bigs folded before Flop (didn't bet)
Seat 5: Mahu2021 folded before Flop (didn't bet)
Seat 6: dreexxar folded before Flop (didn't bet)



PokerStars Zoom Hand #255445711641:  Hold'em No Limit ($0.05/$0.10) - 2025/03/25 15:16:47 CET [2025/03/25 10:16:47 ET]
Table 'Aludra' 6-max Seat #1 is the button
Seat 1: Mahu2021 ($10.53 in chips) 
Seat 2: Smdpair77 ($12.06 in chips) 
Seat 3: Matzet1ka ($10.45 in chips) 
Seat 4: T-Bird_Tom ($29.61 in chips) 
Seat 5: piknikschet ($11.87 in chips) 
Seat 6: Koreanpepe ($18.71 in chips) 
Smdpair77: posts small blind $0.05
Matzet1ka: posts big blind $0.10
*** HOLE CARDS ***
Dealt to Mahu2021 [2c 8c]
T-Bird_Tom: raises $0.10 to $0.20
piknikschet: folds 
Koreanpepe: folds 
Mahu2021: folds 
Smdpair77: raises $0.50 to $0.70
Matzet1ka: folds 
T-Bird_Tom: calls $0.50
*** FLOP *** [Js Jd Jc]
Smdpair77: bets $1.07
T-Bird_Tom: folds 
Uncalled bet ($1.07) returned to Smdpair77
Smdpair77 collected $1.43 from pot
Smdpair77: doesn't show hand 
*** SUMMARY ***
Total pot $1.50 | Rake $0.07 
Board [Js Jd Jc]
Seat 1: Mahu2021 (button) folded before Flop (didn't bet)
Seat 2: Smdpair77 (small blind) collected ($1.43)
Seat 3: Matzet1ka (big blind) folded before Flop
Seat 4: T-Bird_Tom folded on the Flop
Seat 5: piknikschet folded before Flop (didn't bet)
Seat 6: Koreanpepe folded before Flop (didn't bet)



PokerStars Zoom Hand #255445715173:  Hold'em No Limit ($0.05/$0.10) - 2025/03/25 15:17:08 CET [2025/03/25 10:17:08 ET]
Table 'Aludra' 6-max Seat #1 is the button
Seat 1: Lim 2589 ($28.52 in chips) 
Seat 2: Mahu2021 ($10.43 in chips) 
Seat 3: mexxxy_90 ($10 in chips) 
Seat 4: Inc-Zra ($15.61 in chips) 
Seat 5: Smailodon ($2.89 in chips) 
Seat 6: lefgr1 ($35.29 in chips) 
Mahu2021: posts small blind $0.05
mexxxy_90: posts big blind $0.10
*** HOLE CARDS ***
Dealt to Mahu2021 [Js 2h]
Inc-Zra: folds 
Smailodon: folds 
lefgr1: folds 
Lim 2589: folds 
Mahu2021: folds 
Uncalled bet ($0.05) returned to mexxxy_90
mexxxy_90 collected $0.10 from pot
mexxxy_90: doesn't show hand 
*** SUMMARY ***
Total pot $0.10 | Rake $0 
Seat 1: Lim 2589 (button) folded before Flop (didn't bet)
Seat 2: Mahu2021 (small blind) folded before Flop
Seat 3: mexxxy_90 (big blind) collected ($0.10)
Seat 4: Inc-Zra folded before Flop (didn't bet)
Seat 5: Smailodon folded before Flop (didn't bet)
Seat 6: lefgr1 folded before Flop (didn't bet)



PokerStars Zoom Hand #255445716000:  Hold'em No Limit ($0.05/$0.10) - 2025/03/25 15:17:13 CET [2025/03/25 10:17:13 ET]
Table 'Aludra' 6-max Seat #1 is the button
Seat 1: Mahu2021 ($10.38 in chips) 
Seat 2: EdgarYY ($10 in chips) 
Seat 3: Bornin10 ($10 in chips) 
Seat 4: fichhooks ($14.37 in chips) 
Seat 5: nordrel ($10.03 in chips) 
Seat 6: BluffsLord ($12.90 in chips) 
EdgarYY: posts small blind $0.05
Bornin10: posts big blind $0.10
*** HOLE CARDS ***
Dealt to Mahu2021 [Jd Kd]
fichhooks: folds 
nordrel: folds 
BluffsLord: folds 
Mahu2021: raises $0.20 to $0.30
EdgarYY: raises $0.90 to $1.20
Bornin10: folds 
Mahu2021: folds 
Uncalled bet ($0.90) returned to EdgarYY
EdgarYY collected $0.70 from pot
EdgarYY: doesn't show hand 
*** SUMMARY ***
Total pot $0.70 | Rake $0 
Seat 1: Mahu2021 (button) folded before Flop
Seat 2: EdgarYY (small blind) collected ($0.70)
Seat 3: Bornin10 (big blind) folded before Flop
Seat 4: fichhooks folded before Flop (didn't bet)
Seat 5: nordrel folded before Flop (didn't bet)
Seat 6: BluffsLord folded before Flop (didn't bet)



PokerStars Zoom Hand #255445721024:  Hold'em No Limit ($0.05/$0.10) - 2025/03/25 15:17:43 CET [2025/03/25 10:17:43 ET]
Table 'Aludra' 6-max Seat #1 is the button
Seat 1: sv5555555 ($7 in chips) 
Seat 2: shwozzer ($10.05 in chips) 
Seat 3: 7stanbul ($14.71 in chips) 
Seat 4: Gto_gtfo ($17.51 in chips) 
Seat 5: Lim 2589 ($28.42 in chips) 
Seat 6: Mahu2021 ($10.08 in chips) 
shwozzer: posts small blind $0.05
7stanbul: posts big blind $0.10
*** HOLE CARDS ***
Dealt to Mahu2021 [4s 9c]
Gto_gtfo: folds 
Lim 2589: folds 
Mahu2021: folds 
sv5555555: raises $0.20 to $0.30
shwozzer: folds 
7stanbul: folds 
Uncalled bet ($0.20) returned to sv5555555
sv5555555 collected $0.25 from pot
sv5555555: doesn't show hand 
*** SUMMARY ***
Total pot $0.25 | Rake $0 
Seat 1: sv5555555 (button) collected ($0.25)
Seat 2: shwozzer (small blind) folded before Flop
Seat 3: 7stanbul (big blind) folded before Flop
Seat 4: Gto_gtfo folded before Flop (didn't bet)
Seat 5: Lim 2589 folded before Flop (didn't bet)
Seat 6: Mahu2021 folded before Flop (didn't bet)



PokerStars Zoom Hand #255445719669:  Hold'em No Limit ($0.05/$0.10) - 2025/03/25 15:17:34 CET [2025/03/25 10:17:34 ET]
Table 'Aludra' 6-max Seat #1 is the button
Seat 1: OVIZX6R ($8.07 in chips) 
Seat 2: Smailodon ($2.59 in chips) 
Seat 3: Sn1p3rBR ($10.15 in chips) 
Seat 4: Die8 ($10 in chips) 
Seat 5: Gto_gtfo ($17.51 in chips) 
Seat 6: Mahu2021 ($10.08 in chips) 
Smailodon: posts small blind $0.05
Sn1p3rBR: posts big blind $0.10
*** HOLE CARDS ***
Dealt to Mahu2021 [2s Jd]
Die8: folds 
Gto_gtfo: folds 
Mahu2021: folds 
OVIZX6R has timed out
OVIZX6R: folds 
Smailodon: folds 
Uncalled bet ($0.05) returned to Sn1p3rBR
Sn1p3rBR collected $0.10 from pot
Sn1p3rBR: doesn't show hand 
*** SUMMARY ***
Total pot $0.10 | Rake $0 
Seat 1: OVIZX6R (button) folded before Flop (didn't bet)
Seat 2: Smailodon (small blind) folded before Flop
Seat 3: Sn1p3rBR (big blind) collected ($0.10)
Seat 4: Die8 folded before Flop (didn't bet)
Seat 5: Gto_gtfo folded before Flop (didn't bet)
Seat 6: Mahu2021 folded before Flop (didn't bet)



PokerStars Zoom Hand #255445722400:  Hold'em No Limit ($0.05/$0.10) - 2025/03/25 15:17:51 CET [2025/03/25 10:17:51 ET]
Table 'Aludra' 6-max Seat #1 is the button
Seat 1: PovilasX ($13.42 in chips) 
Seat 2: StarsKK ($12.64 in chips) 
Seat 3: EdgarYY ($10.15 in chips) 
Seat 4: Mahu2021 ($10.08 in chips) 
Seat 5: sho0506 ($38.31 in chips) 
Seat 6: Lim 2589 ($11.36 in chips) 
StarsKK: posts small blind $0.05
EdgarYY: posts big blind $0.10
*** HOLE CARDS ***
Dealt to Mahu2021 [5h 6h]
Mahu2021: raises $0.14 to $0.24
sho0506: folds 
Lim 2589: folds 
PovilasX: folds 
StarsKK: folds 
EdgarYY: folds 
Uncalled bet ($0.14) returned to Mahu2021
Mahu2021 collected $0.25 from pot
Mahu2021: doesn't show hand 
*** SUMMARY ***
Total pot $0.25 | Rake $0 
Seat 1: PovilasX (button) folded before Flop (didn't bet)
Seat 2: StarsKK (small blind) folded before Flop
Seat 3: EdgarYY (big blind) folded before Flop
Seat 4: Mahu2021 collected ($0.25)
Seat 5: sho0506 folded before Flop (didn't bet)
Seat 6: Lim 2589 folded before Flop (didn't bet)



PokerStars Zoom Hand #255445724852:  Hold'em No Limit ($0.05/$0.10) - 2025/03/25 15:18:05 CET [2025/03/25 10:18:05 ET]
Table 'Aludra' 6-max Seat #1 is the button
Seat 1: Yuck0811 ($10.36 in chips) 
Seat 2: MrZeLiiX ($15.39 in chips) 
Seat 3: 4etkiu ($3.10 in chips) 
Seat 4: Mahu2021 ($10.23 in chips) 
Seat 5: xjuaccox ($10.30 in chips) 
Seat 6: tdedesgr ($10.26 in chips) 
MrZeLiiX: posts small blind $0.05
4etkiu: posts big blind $0.10
*** HOLE CARDS ***
Dealt to Mahu2021 [3c 6c]
Mahu2021: folds 
xjuaccox: raises $0.15 to $0.25
tdedesgr: folds 
Yuck0811: folds 
MrZeLiiX: folds 
4etkiu: folds 
Uncalled bet ($0.15) returned to xjuaccox
xjuaccox collected $0.25 from pot
xjuaccox: doesn't show hand 
*** SUMMARY ***
Total pot $0.25 | Rake $0 
Seat 1: Yuck0811 (button) folded before Flop (didn't bet)
Seat 2: MrZeLiiX (small blind) folded before Flop
Seat 3: 4etkiu (big blind) folded before Flop
Seat 4: Mahu2021 folded before Flop (didn't bet)
Seat 5: xjuaccox collected ($0.25)
Seat 6: tdedesgr folded before Flop (didn't bet)



PokerStars Zoom Hand #255445721681:  Hold'em No Limit ($0.05/$0.10) - 2025/03/25 15:17:46 CET [2025/03/25 10:17:46 ET]
Table 'Aludra' 6-max Seat #1 is the button
Seat 1: Gto_gtfo ($17.51 in chips) 
Seat 2: top4eto860 ($14.36 in chips) 
Seat 3: Bornin10 ($10.07 in chips) 
Seat 4: EdgarYY ($10.15 in chips) 
Seat 5: Mahu2021 ($10.08 in chips) 
Seat 6: Matzet1ka ($10.20 in chips) 
top4eto860: posts small blind $0.05
Bornin10: posts big blind $0.10
*** HOLE CARDS ***
Dealt to Mahu2021 [2d 3s]
EdgarYY: folds 
Mahu2021: folds 
Matzet1ka: raises $0.10 to $0.20
Gto_gtfo: folds 
top4eto860: folds 
Bornin10: calls $0.10
*** FLOP *** [9s 6c 4c]
Bornin10: checks 
Matzet1ka: bets $0.14
Bornin10: folds 
Uncalled bet ($0.14) returned to Matzet1ka
Matzet1ka collected $0.43 from pot
Matzet1ka: doesn't show hand 
*** SUMMARY ***
Total pot $0.45 | Rake $0.02 
Board [9s 6c 4c]
Seat 1: Gto_gtfo (button) folded before Flop (didn't bet)
Seat 2: top4eto860 (small blind) folded before Flop
Seat 3: Bornin10 (big blind) folded on the Flop
Seat 4: EdgarYY folded before Flop (didn't bet)
Seat 5: Mahu2021 folded before Flop (didn't bet)
Seat 6: Matzet1ka collected ($0.43)



PokerStars Zoom Hand #255445728267:  Hold'em No Limit ($0.05/$0.10) - 2025/03/25 15:18:25 CET [2025/03/25 10:18:25 ET]
Table 'Aludra' 6-max Seat #1 is the button
Seat 1: ciceron86 ($16.72 in chips) 
Seat 2: Mahu2021 ($10.13 in chips) 
Seat 3: lefgr1 ($37.41 in chips) 
Seat 4: Lim 2589 ($11.46 in chips) 
Seat 5: Yuck0811 ($10 in chips) 
Seat 6: corape ($9.23 in chips) 
Mahu2021: posts small blind $0.05
lefgr1: posts big blind $0.10
*** HOLE CARDS ***
Dealt to Mahu2021 [5s Ad]
Lim 2589: folds 
Yuck0811: folds 
corape: folds 
ciceron86: folds 
Mahu2021: folds 
Uncalled bet ($0.05) returned to lefgr1
lefgr1 collected $0.10 from pot
lefgr1: doesn't show hand 
*** SUMMARY ***
Total pot $0.10 | Rake $0 
Seat 1: ciceron86 (button) folded before Flop (didn't bet)
Seat 2: Mahu2021 (small blind) folded before Flop
Seat 3: lefgr1 (big blind) collected ($0.10)
Seat 4: Lim 2589 folded before Flop (didn't bet)
Seat 5: Yuck0811 folded before Flop (didn't bet)
Seat 6: corape folded before Flop (didn't bet)



PokerStars Zoom Hand #255445728852:  Hold'em No Limit ($0.05/$0.10) - 2025/03/25 15:18:28 CET [2025/03/25 10:18:28 ET]
Table 'Aludra' 6-max Seat #1 is the button
Seat 1: corape ($9.23 in chips) 
Seat 2: Smdpair77 ($17.96 in chips) 
Seat 3: alexevo91 ($10.64 in chips) 
Seat 4: top4eto860 ($14.92 in chips) 
Seat 5: Mahu2021 ($10.08 in chips) 
Seat 6: EdgarYY ($10 in chips) 
Smdpair77: posts small blind $0.05
alexevo91: posts big blind $0.10
*** HOLE CARDS ***
Dealt to Mahu2021 [Qd 5d]
top4eto860: folds 
Mahu2021: folds 
EdgarYY: raises $0.10 to $0.20
corape: folds 
Smdpair77: folds 
alexevo91: folds 
Uncalled bet ($0.10) returned to EdgarYY
EdgarYY collected $0.25 from pot
EdgarYY: doesn't show hand 
*** SUMMARY ***
Total pot $0.25 | Rake $0 
Seat 1: corape (button) folded before Flop (didn't bet)
Seat 2: Smdpair77 (small blind) folded before Flop
Seat 3: alexevo91 (big blind) folded before Flop
Seat 4: top4eto860 folded before Flop (didn't bet)
Seat 5: Mahu2021 folded before Flop (didn't bet)
Seat 6: EdgarYY collected ($0.25)



PokerStars Zoom Hand #255445730122:  Hold'em No Limit ($0.05/$0.10) - 2025/03/25 15:18:36 CET [2025/03/25 10:18:36 ET]
Table 'Aludra' 6-max Seat #1 is the button
Seat 1: Die8 ($10.05 in chips) 
Seat 2: ALEKC6 ($30.06 in chips) 
Seat 3: putzkedudu ($10.92 in chips) 
Seat 4: piknikschet ($39.34 in chips) 
Seat 5: Luffy V ($10.01 in chips) 
Seat 6: Mahu2021 ($10.08 in chips) 
ALEKC6: posts small blind $0.05
putzkedudu: posts big blind $0.10
*** HOLE CARDS ***
Dealt to Mahu2021 [Td 3h]
piknikschet: folds 
Luffy V: folds 
Mahu2021: folds 
Die8: folds 
ALEKC6: folds 
Uncalled bet ($0.05) returned to putzkedudu
putzkedudu collected $0.10 from pot
putzkedudu: doesn't show hand 
*** SUMMARY ***
Total pot $0.10 | Rake $0 
Seat 1: Die8 (button) folded before Flop (didn't bet)
Seat 2: ALEKC6 (small blind) folded before Flop
Seat 3: putzkedudu (big blind) collected ($0.10)
Seat 4: piknikschet folded before Flop (didn't bet)
Seat 5: Luffy V folded before Flop (didn't bet)
Seat 6: Mahu2021 folded before Flop (didn't bet)



PokerStars Zoom Hand #255445730862:  Hold'em No Limit ($0.05/$0.10) - 2025/03/25 15:18:40 CET [2025/03/25 10:18:40 ET]
Table 'Aludra' 6-max Seat #1 is the button
Seat 1: dreexxar ($10.17 in chips) 
Seat 2: denis4250 ($6.11 in chips) 
Seat 3: 7stanbul ($14.26 in chips) 
Seat 4: Mahu2021 ($10.08 in chips) 
Seat 5: MrZeLiiX ($15.49 in chips) 
Seat 6: v4valter88 ($9.95 in chips) 
denis4250: posts small blind $0.05
7stanbul: posts big blind $0.10
*** HOLE CARDS ***
Dealt to Mahu2021 [Ad Ts]
Mahu2021: raises $0.14 to $0.24
MrZeLiiX: folds 
v4valter88: folds 
dreexxar: calls $0.24
denis4250: folds 
7stanbul: calls $0.14
*** FLOP *** [Kd 5c 9d]
7stanbul: checks 
Mahu2021: checks 
dreexxar: checks 
*** TURN *** [Kd 5c 9d] [8d]
7stanbul: checks 
Mahu2021: bets $0.74
dreexxar: folds 
7stanbul: folds 
Uncalled bet ($0.74) returned to Mahu2021
Mahu2021 collected $0.74 from pot
Mahu2021: doesn't show hand 
*** SUMMARY ***
Total pot $0.77 | Rake $0.03 
Board [Kd 5c 9d 8d]
Seat 1: dreexxar (button) folded on the Turn
Seat 2: denis4250 (small blind) folded before Flop
Seat 3: 7stanbul (big blind) folded on the Turn
Seat 4: Mahu2021 collected ($0.74)
Seat 5: MrZeLiiX folded before Flop (didn't bet)
Seat 6: v4valter88 folded before Flop (didn't bet)



PokerStars Zoom Hand #255445735777:  Hold'em No Limit ($0.05/$0.10) - 2025/03/25 15:19:09 CET [2025/03/25 10:19:09 ET]
Table 'Aludra' 6-max Seat #1 is the button
Seat 1: Glaucou ($14.71 in chips) 
Seat 2: Blake889 ($20.69 in chips) 
Seat 3: Mahu2021 ($10.58 in chips) 
Seat 4: Bornin10 ($10 in chips) 
Seat 5: Inc-Zra ($18.13 in chips) 
Seat 6: sho0506 ($37.80 in chips) 
Blake889: posts small blind $0.05
Mahu2021: posts big blind $0.10
*** HOLE CARDS ***
Dealt to Mahu2021 [8d Ks]
Bornin10: folds 
Inc-Zra: folds 
sho0506: folds 
Glaucou: raises $0.15 to $0.25
Blake889: folds 
Mahu2021: folds 
Uncalled bet ($0.15) returned to Glaucou
Glaucou collected $0.25 from pot
Glaucou: doesn't show hand 
*** SUMMARY ***
Total pot $0.25 | Rake $0 
Seat 1: Glaucou (button) collected ($0.25)
Seat 2: Blake889 (small blind) folded before Flop
Seat 3: Mahu2021 (big blind) folded before Flop
Seat 4: Bornin10 folded before Flop (didn't bet)
Seat 5: Inc-Zra folded before Flop (didn't bet)
Seat 6: sho0506 folded before Flop (didn't bet)



PokerStars Zoom Hand #255445738042:  Hold'em No Limit ($0.05/$0.10) - 2025/03/25 15:19:22 CET [2025/03/25 10:19:22 ET]
Table 'Aludra' 6-max Seat #1 is the button
Seat 1: sho0506 ($38.30 in chips) 
Seat 2: Mahu2021 ($10.48 in chips) 
Seat 3: Lim 2589 ($12.55 in chips) 
Seat 4: TheLonelyGuy ($10.66 in chips) 
Seat 5: Yuck0811 ($10 in chips) 
Seat 6: dreexxar ($10 in chips) 
Mahu2021: posts small blind $0.05
Lim 2589: posts big blind $0.10
*** HOLE CARDS ***
Dealt to Mahu2021 [2d 4d]
TheLonelyGuy: folds 
Yuck0811: folds 
dreexxar: folds 
sho0506: raises $0.15 to $0.25
Mahu2021: folds 
Lim 2589: folds 
Uncalled bet ($0.15) returned to sho0506
sho0506 collected $0.25 from pot
sho0506: doesn't show hand 
*** SUMMARY ***
Total pot $0.25 | Rake $0 
Seat 1: sho0506 (button) collected ($0.25)
Seat 2: Mahu2021 (small blind) folded before Flop
Seat 3: Lim 2589 (big blind) folded before Flop
Seat 4: TheLonelyGuy folded before Flop (didn't bet)
Seat 5: Yuck0811 folded before Flop (didn't bet)
Seat 6: dreexxar folded before Flop (didn't bet)



PokerStars Zoom Hand #255445729479:  Hold'em No Limit ($0.05/$0.10) - 2025/03/25 15:18:32 CET [2025/03/25 10:18:32 ET]
Table 'Aludra' 6-max Seat #1 is the button
Seat 1: Mahu2021 ($10.08 in chips) 
Seat 2: lefgr1 ($37.46 in chips) 
Seat 3: Vandangoz ($10.29 in chips) 
Seat 4: ciceron86 ($10 in chips) 
Seat 5: MrZeLiiX ($15.49 in chips) 
Seat 6: Io Beto 2020 ($4.14 in chips) 
lefgr1: posts small blind $0.05
Vandangoz: posts big blind $0.10
*** HOLE CARDS ***
Dealt to Mahu2021 [7d 3h]
ciceron86: folds 
MrZeLiiX: folds 
Io Beto 2020: folds 
Mahu2021: folds 
lefgr1: raises $0.20 to $0.30
Vandangoz: calls $0.20
*** FLOP *** [Ad 2h 9s]
lefgr1: bets $0.19
Vandangoz: calls $0.19
*** TURN *** [Ad 2h 9s] [9c]
lefgr1: checks 
Vandangoz: checks 
*** RIVER *** [Ad 2h 9s 9c] [Ac]
lefgr1: checks 
Vandangoz: checks 
*** SHOW DOWN ***
lefgr1: shows [8s Qs] (two pair, Aces and Nines)
Vandangoz: shows [Ks 8h] (two pair, Aces and Nines - King kicker)
Vandangoz collected $0.94 from pot
*** SUMMARY ***
Total pot $0.98 | Rake $0.04 
Board [Ad 2h 9s 9c Ac]
Seat 1: Mahu2021 (button) folded before Flop (didn't bet)
Seat 2: lefgr1 (small blind) showed [8s Qs] and lost with two pair, Aces and Nines
Seat 3: Vandangoz (big blind) showed [Ks 8h] and won ($0.94) with two pair, Aces and Nines
Seat 4: ciceron86 folded before Flop (didn't bet)
Seat 5: MrZeLiiX folded before Flop (didn't bet)
Seat 6: Io Beto 2020 folded before Flop (didn't bet)



PokerStars Zoom Hand #255445725502:  Hold'em No Limit ($0.05/$0.10) - 2025/03/25 15:18:09 CET [2025/03/25 10:18:09 ET]
Table 'Aludra' 6-max Seat #1 is the button
Seat 1: Die8 ($24.39 in chips) 
Seat 2: EdgarYY ($10 in chips) 
Seat 3: Mahu2021 ($10.23 in chips) 
Seat 4: sho0506 ($38.13 in chips) 
Seat 5: v4valter88 ($12.21 in chips) 
Seat 6: T-Bird_Tom ($10.15 in chips) 
EdgarYY: posts small blind $0.05
Mahu2021: posts big blind $0.10
*** HOLE CARDS ***
Dealt to Mahu2021 [8h Ts]
sho0506: folds 
v4valter88: folds 
T-Bird_Tom: raises $0.13 to $0.23
Die8: raises $0.46 to $0.69
EdgarYY: folds 
Mahu2021: folds 
T-Bird_Tom: calls $0.46
*** FLOP *** [4d 2s 2c]
T-Bird_Tom: checks 
Die8: checks 
*** TURN *** [4d 2s 2c] [6s]
T-Bird_Tom: checks 
Die8: bets $0.97
T-Bird_Tom: folds 
Uncalled bet ($0.97) returned to Die8
Die8 collected $1.46 from pot
Die8: doesn't show hand 
*** SUMMARY ***
Total pot $1.53 | Rake $0.07 
Board [4d 2s 2c 6s]
Seat 1: Die8 (button) collected ($1.46)
Seat 2: EdgarYY (small blind) folded before Flop
Seat 3: Mahu2021 (big blind) folded before Flop
Seat 4: sho0506 folded before Flop (didn't bet)
Seat 5: v4valter88 folded before Flop (didn't bet)
Seat 6: T-Bird_Tom folded on the Turn



PokerStars Zoom Hand #255445738721:  Hold'em No Limit ($0.05/$0.10) - 2025/03/25 15:19:26 CET [2025/03/25 10:19:26 ET]
Table 'Aludra' 6-max Seat #1 is the button
Seat 1: Mahu2021 ($10.43 in chips) 
Seat 2: HakuBD ($38.93 in chips) 
Seat 3: Yuck0811 ($10 in chips) 
Seat 4: StarsKK ($12.59 in chips) 
Seat 5: alexisabos3 ($10 in chips) 
Seat 6: T-Bird_Tom ($10 in chips) 
HakuBD: posts small blind $0.05
Yuck0811: posts big blind $0.10
*** HOLE CARDS ***
Dealt to Mahu2021 [4c 5c]
StarsKK: folds 
alexisabos3: folds 
T-Bird_Tom: folds 
Mahu2021: raises $0.20 to $0.30
HakuBD: raises $0.90 to $1.20
Yuck0811: folds 
Mahu2021: folds 
Uncalled bet ($0.90) returned to HakuBD
HakuBD collected $0.70 from pot
HakuBD: doesn't show hand 
*** SUMMARY ***
Total pot $0.70 | Rake $0 
Seat 1: Mahu2021 (button) folded before Flop
Seat 2: HakuBD (small blind) collected ($0.70)
Seat 3: Yuck0811 (big blind) folded before Flop
Seat 4: StarsKK folded before Flop (didn't bet)
Seat 5: alexisabos3 folded before Flop (didn't bet)
Seat 6: T-Bird_Tom folded before Flop (didn't bet)



PokerStars Zoom Hand #255445744252:  Hold'em No Limit ($0.05/$0.10) - 2025/03/25 15:19:58 CET [2025/03/25 10:19:58 ET]
Table 'Aludra' 6-max Seat #1 is the button
Seat 1: putzkedudu ($10.43 in chips) 
Seat 2: Lim 2589 ($29.15 in chips) 
Seat 3: ALEKC6 ($29.63 in chips) 
Seat 4: Mahu2021 ($10.13 in chips) 
Seat 5: sv5555555 ($6.33 in chips) 
Seat 6: dreexxar ($15.99 in chips) 
Lim 2589: posts small blind $0.05
ALEKC6: posts big blind $0.10
*** HOLE CARDS ***
Dealt to Mahu2021 [3h Qh]
Mahu2021: folds 
sv5555555: raises $0.20 to $0.30
dreexxar: folds 
putzkedudu: folds 
Lim 2589: folds 
ALEKC6: folds 
Uncalled bet ($0.20) returned to sv5555555
sv5555555 collected $0.25 from pot
sv5555555: doesn't show hand 
*** SUMMARY ***
Total pot $0.25 | Rake $0 
Seat 1: putzkedudu (button) folded before Flop (didn't bet)
Seat 2: Lim 2589 (small blind) folded before Flop
Seat 3: ALEKC6 (big blind) folded before Flop
Seat 4: Mahu2021 folded before Flop (didn't bet)
Seat 5: sv5555555 collected ($0.25)
Seat 6: dreexxar folded before Flop (didn't bet)



PokerStars Zoom Hand #255445744716:  Hold'em No Limit ($0.05/$0.10) - 2025/03/25 15:20:01 CET [2025/03/25 10:20:01 ET]
Table 'Aludra' 6-max Seat #1 is the button
Seat 1: MrZeLiiX ($15.84 in chips) 
Seat 2: Mahu2021 ($10.13 in chips) 
Seat 3: Gto_gtfo ($15.02 in chips) 
Seat 4: Leffe51 ($7.55 in chips) 
Seat 5: Matzet1ka ($10 in chips) 
Seat 6: Sn1p3rBR ($10 in chips) 
Mahu2021: posts small blind $0.05
Gto_gtfo: posts big blind $0.10
*** HOLE CARDS ***
Dealt to Mahu2021 [4h 3d]
Leffe51: folds 
Matzet1ka: folds 
Sn1p3rBR: raises $0.12 to $0.22
MrZeLiiX: folds 
Mahu2021: folds 
Gto_gtfo: folds 
Uncalled bet ($0.12) returned to Sn1p3rBR
Sn1p3rBR collected $0.25 from pot
Sn1p3rBR: doesn't show hand 
*** SUMMARY ***
Total pot $0.25 | Rake $0 
Seat 1: MrZeLiiX (button) folded before Flop (didn't bet)
Seat 2: Mahu2021 (small blind) folded before Flop
Seat 3: Gto_gtfo (big blind) folded before Flop
Seat 4: Leffe51 folded before Flop (didn't bet)
Seat 5: Matzet1ka folded before Flop (didn't bet)
Seat 6: Sn1p3rBR collected ($0.25)



PokerStars Zoom Hand #255445745824:  Hold'em No Limit ($0.05/$0.10) - 2025/03/25 15:20:07 CET [2025/03/25 10:20:07 ET]
Table 'Aludra' 6-max Seat #1 is the button
Seat 1: minieto01 ($8.76 in chips) 
Seat 2: 4etkiu ($2.85 in chips) 
Seat 3: lefgr1 ($21.11 in chips) 
Seat 4: Mahu2021 ($10.08 in chips) 
Seat 5: putzkedudu ($10.43 in chips) 
Seat 6: dreexxar ($17.10 in chips) 
4etkiu: posts small blind $0.05
lefgr1: posts big blind $0.10
*** HOLE CARDS ***
Dealt to Mahu2021 [Td 5s]
Mahu2021: folds 
putzkedudu: folds 
dreexxar: folds 
minieto01: folds 
4etkiu: folds 
Uncalled bet ($0.05) returned to lefgr1
lefgr1 collected $0.10 from pot
lefgr1: doesn't show hand 
*** SUMMARY ***
Total pot $0.10 | Rake $0 
Seat 1: minieto01 (button) folded before Flop (didn't bet)
Seat 2: 4etkiu (small blind) folded before Flop
Seat 3: lefgr1 (big blind) collected ($0.10)
Seat 4: Mahu2021 folded before Flop (didn't bet)
Seat 5: putzkedudu folded before Flop (didn't bet)
Seat 6: dreexxar folded before Flop (didn't bet)



PokerStars Zoom Hand #255445746314:  Hold'em No Limit ($0.05/$0.10) - 2025/03/25 15:20:10 CET [2025/03/25 10:20:10 ET]
Table 'Aludra' 6-max Seat #1 is the button
Seat 1: Smdpair77 ($18.56 in chips) 
Seat 2: EdgarYY ($10 in chips) 
Seat 3: TheSoulTaker666 ($43.14 in chips) 
Seat 4: Inc-Zra ($17.58 in chips) 
Seat 5: Gto_gtfo ($14.92 in chips) 
Seat 6: Mahu2021 ($10.08 in chips) 
EdgarYY: posts small blind $0.05
TheSoulTaker666: posts big blind $0.10
*** HOLE CARDS ***
Dealt to Mahu2021 [2d 6s]
Inc-Zra: folds 
Gto_gtfo: folds 
Mahu2021: folds 
Smdpair77: folds 
EdgarYY: folds 
Uncalled bet ($0.05) returned to TheSoulTaker666
TheSoulTaker666 collected $0.10 from pot
TheSoulTaker666: doesn't show hand 
*** SUMMARY ***
Total pot $0.10 | Rake $0 
Seat 1: Smdpair77 (button) folded before Flop (didn't bet)
Seat 2: EdgarYY (small blind) folded before Flop
Seat 3: TheSoulTaker666 (big blind) collected ($0.10)
Seat 4: Inc-Zra folded before Flop (didn't bet)
Seat 5: Gto_gtfo folded before Flop (didn't bet)
Seat 6: Mahu2021 folded before Flop (didn't bet)



PokerStars Zoom Hand #255445746814:  Hold'em No Limit ($0.05/$0.10) - 2025/03/25 15:20:13 CET [2025/03/25 10:20:13 ET]
Table 'Aludra' 6-max Seat #1 is the button
Seat 1: BluffsLord ($14.70 in chips) 
Seat 2: lefgr1 ($9.80 in chips) 
Seat 3: Mahu2021 ($10.08 in chips) 
Seat 4: Smailodon ($1.67 in chips) 
Seat 5: PokerSapiens1 ($5.92 in chips) 
Seat 6: tdedesgr ($10 in chips) 
lefgr1: posts small blind $0.05
Mahu2021: posts big blind $0.10
*** HOLE CARDS ***
Dealt to Mahu2021 [Qs Kd]
Smailodon: raises $0.20 to $0.30
PokerSapiens1: folds 
tdedesgr: folds 
BluffsLord: folds 
lefgr1: folds 
Mahu2021: calls $0.20
*** FLOP *** [Ts As Ac]
Mahu2021: checks 
Smailodon: checks 
*** TURN *** [Ts As Ac] [Ah]
Mahu2021: bets $1.40
Smailodon: calls $1.37 and is all-in
Uncalled bet ($0.03) returned to Mahu2021
*** RIVER *** [Ts As Ac Ah] [3h]
*** SHOW DOWN ***
Mahu2021: shows [Qs Kd] (three of a kind, Aces)
Smailodon: shows [Jh Th] (a full house, Aces full of Tens)
Smailodon cashed out the hand for $2.60 | Cash Out Fee $0.05
*** SUMMARY ***
Total pot $3.39 | Rake $0.15 
Board [Ts As Ac Ah 3h]
Seat 1: BluffsLord (button) folded before Flop (didn't bet)
Seat 2: lefgr1 (small blind) folded before Flop
Seat 3: Mahu2021 (big blind) showed [Qs Kd] and lost with three of a kind, Aces
Seat 4: Smailodon showed [Jh Th] and won ($3.24) with a full house, Aces full of Tens (pot not awarded as player cashed out)
Seat 5: PokerSapiens1 folded before Flop (didn't bet)
Seat 6: tdedesgr folded before Flop (didn't bet)



PokerStars Zoom Hand #255445753496:  Hold'em No Limit ($0.05/$0.10) - 2025/03/25 15:20:51 CET [2025/03/25 10:20:51 ET]
Table 'Aludra' 6-max Seat #1 is the button
Seat 1: pikavippi ($8.50 in chips) 
Seat 2: Mahu2021 ($8.41 in chips) 
Seat 3: alemaotonho ($14.54 in chips) 
Seat 4: HakuBD ($39.23 in chips) 
Seat 5: sergio199921 ($12.61 in chips) 
Seat 6: tdedesgr ($10 in chips) 
Mahu2021: posts small blind $0.05
alemaotonho: posts big blind $0.10
*** HOLE CARDS ***
Dealt to Mahu2021 [Js 5c]
HakuBD: folds 
sergio199921: folds 
tdedesgr: folds 
pikavippi: raises $0.12 to $0.22
Mahu2021: folds 
alemaotonho: folds 
Uncalled bet ($0.12) returned to pikavippi
pikavippi collected $0.25 from pot
pikavippi: doesn't show hand 
*** SUMMARY ***
Total pot $0.25 | Rake $0 
Seat 1: pikavippi (button) collected ($0.25)
Seat 2: Mahu2021 (small blind) folded before Flop
Seat 3: alemaotonho (big blind) folded before Flop
Seat 4: HakuBD folded before Flop (didn't bet)
Seat 5: sergio199921 folded before Flop (didn't bet)
Seat 6: tdedesgr folded before Flop (didn't bet)



PokerStars Zoom Hand #255445752766:  Hold'em No Limit ($0.05/$0.10) - 2025/03/25 15:20:47 CET [2025/03/25 10:20:47 ET]
Table 'Aludra' 6-max Seat #1 is the button
Seat 1: PovilasX ($17.62 in chips) 
Seat 2: T-Bird_Tom ($19.10 in chips) 
Seat 3: piknikschet ($39.44 in chips) 
Seat 4: 7stanbul ($11.68 in chips) 
Seat 5: Mahu2021 ($8.41 in chips) 
Seat 6: Bornin10 ($13.34 in chips) 
T-Bird_Tom: posts small blind $0.05
piknikschet: posts big blind $0.10
*** HOLE CARDS ***
Dealt to Mahu2021 [3c Tc]
7stanbul: folds 
Mahu2021: folds 
Bornin10: folds 
PovilasX: raises $0.15 to $0.25
T-Bird_Tom: folds 
piknikschet: raises $0.80 to $1.05
PovilasX: folds 
Uncalled bet ($0.80) returned to piknikschet
piknikschet collected $0.55 from pot
piknikschet: doesn't show hand 
*** SUMMARY ***
Total pot $0.55 | Rake $0 
Seat 1: PovilasX (button) folded before Flop
Seat 2: T-Bird_Tom (small blind) folded before Flop
Seat 3: piknikschet (big blind) collected ($0.55)
Seat 4: 7stanbul folded before Flop (didn't bet)
Seat 5: Mahu2021 folded before Flop (didn't bet)
Seat 6: Bornin10 folded before Flop (didn't bet)



PokerStars Zoom Hand #255445754893:  Hold'em No Limit ($0.05/$0.10) - 2025/03/25 15:20:59 CET [2025/03/25 10:20:59 ET]
Table 'Aludra' 6-max Seat #1 is the button
Seat 1: T-Bird_Tom ($19.05 in chips) 
Seat 2: ALEKC6 ($23.96 in chips) 
Seat 3: Lim 2589 ($14.15 in chips) 
Seat 4: Mahu2021 ($8.36 in chips) 
Seat 5: Bornin10 ($13.29 in chips) 
Seat 6: 4etkiu ($2.80 in chips) 
ALEKC6: posts small blind $0.05
Lim 2589: posts big blind $0.10
*** HOLE CARDS ***
Dealt to Mahu2021 [Jc 2h]
Mahu2021: folds 
Bornin10: folds 
4etkiu: folds 
T-Bird_Tom: folds 
ALEKC6: folds 
Uncalled bet ($0.05) returned to Lim 2589
Lim 2589 collected $0.10 from pot
Lim 2589: doesn't show hand 
*** SUMMARY ***
Total pot $0.10 | Rake $0 
Seat 1: T-Bird_Tom (button) folded before Flop (didn't bet)
Seat 2: ALEKC6 (small blind) folded before Flop
Seat 3: Lim 2589 (big blind) collected ($0.10)
Seat 4: Mahu2021 folded before Flop (didn't bet)
Seat 5: Bornin10 folded before Flop (didn't bet)
Seat 6: 4etkiu folded before Flop (didn't bet)



PokerStars Zoom Hand #255445755500:  Hold'em No Limit ($0.05/$0.10) - 2025/03/25 15:21:03 CET [2025/03/25 10:21:03 ET]
Table 'Aludra' 6-max Seat #1 is the button
Seat 1: HakuBD ($39.23 in chips) 
Seat 2: denis4250 ($8.71 in chips) 
Seat 3: ciceron86 ($19.14 in chips) 
Seat 4: TheSoulTaker666 ($43.70 in chips) 
Seat 5: shwozzer ($10 in chips) 
Seat 6: Mahu2021 ($8.36 in chips) 
denis4250: posts small blind $0.05
ciceron86: posts big blind $0.10
*** HOLE CARDS ***
Dealt to Mahu2021 [Th 4d]
TheSoulTaker666: folds 
shwozzer: folds 
Mahu2021: folds 
HakuBD: folds 
denis4250: raises $0.12 to $0.22
ciceron86: folds 
Uncalled bet ($0.12) returned to denis4250
denis4250 collected $0.20 from pot
denis4250: doesn't show hand 
*** SUMMARY ***
Total pot $0.20 | Rake $0 
Seat 1: HakuBD (button) folded before Flop (didn't bet)
Seat 2: denis4250 (small blind) collected ($0.20)
Seat 3: ciceron86 (big blind) folded before Flop
Seat 4: TheSoulTaker666 folded before Flop (didn't bet)
Seat 5: shwozzer folded before Flop (didn't bet)
Seat 6: Mahu2021 folded before Flop (didn't bet)



PokerStars Zoom Hand #255445756245:  Hold'em No Limit ($0.05/$0.10) - 2025/03/25 15:21:07 CET [2025/03/25 10:21:07 ET]
Table 'Aludra' 6-max Seat #1 is the button
Seat 1: EdgarYY ($13.97 in chips) 
Seat 2: Glaucou ($14.36 in chips) 
Seat 3: Mahu2021 ($8.36 in chips) 
Seat 4: 4etkiu ($2.80 in chips) 
Seat 5: Sailorliebe ($10.10 in chips) 
Seat 6: sho0506 ($40.79 in chips) 
Glaucou: posts small blind $0.05
Mahu2021: posts big blind $0.10
*** HOLE CARDS ***
Dealt to Mahu2021 [8c Qc]
4etkiu: folds 
Sailorliebe: folds 
sho0506: raises $0.15 to $0.25
EdgarYY: folds 
Glaucou: folds 
Mahu2021: folds 
Uncalled bet ($0.15) returned to sho0506
sho0506 collected $0.25 from pot
sho0506: doesn't show hand 
*** SUMMARY ***
Total pot $0.25 | Rake $0 
Seat 1: EdgarYY (button) folded before Flop (didn't bet)
Seat 2: Glaucou (small blind) folded before Flop
Seat 3: Mahu2021 (big blind) folded before Flop
Seat 4: 4etkiu folded before Flop (didn't bet)
Seat 5: Sailorliebe folded before Flop (didn't bet)
Seat 6: sho0506 collected ($0.25)



PokerStars Zoom Hand #255445754152:  Hold'em No Limit ($0.05/$0.10) - 2025/03/25 15:20:55 CET [2025/03/25 10:20:55 ET]
Table 'Aludra' 6-max Seat #1 is the button
Seat 1: Mahu2021 ($8.36 in chips) 
Seat 2: Die8 ($10 in chips) 
Seat 3: Smdpair77 ($13.25 in chips) 
Seat 4: sergio199921 ($12.61 in chips) 
Seat 5: BluffsLord ($18.28 in chips) 
Seat 6: DrMisterSir ($16.45 in chips) 
Die8: posts small blind $0.05
Smdpair77: posts big blind $0.10
*** HOLE CARDS ***
Dealt to Mahu2021 [Td 4s]
sergio199921 is disconnected 
sergio199921 has timed out while disconnected
sergio199921: folds 
BluffsLord: raises $0.15 to $0.25
DrMisterSir: folds 
Mahu2021: folds 
Die8: folds 
Smdpair77: folds 
Uncalled bet ($0.15) returned to BluffsLord
BluffsLord collected $0.25 from pot
BluffsLord: doesn't show hand 
*** SUMMARY ***
Total pot $0.25 | Rake $0 
Seat 1: Mahu2021 (button) folded before Flop (didn't bet)
Seat 2: Die8 (small blind) folded before Flop
Seat 3: Smdpair77 (big blind) folded before Flop
Seat 4: sergio199921 folded before Flop (didn't bet)
Seat 5: BluffsLord collected ($0.25)
Seat 6: DrMisterSir folded before Flop (didn't bet)



PokerStars Zoom Hand #255445758061:  Hold'em No Limit ($0.05/$0.10) - 2025/03/25 15:21:17 CET [2025/03/25 10:21:17 ET]
Table 'Aludra' 6-max Seat #1 is the button
Seat 1: Lim 2589 ($11.27 in chips) 
Seat 2: ciceron86 ($10 in chips) 
Seat 3: Vandangoz ($10 in chips) 
Seat 4: tdedesgr ($10.05 in chips) 
Seat 5: Mahu2021 ($8.26 in chips) 
Seat 6: cris010885 ($9.04 in chips) 
ciceron86: posts small blind $0.05
Vandangoz: posts big blind $0.10
*** HOLE CARDS ***
Dealt to Mahu2021 [9d Ac]
tdedesgr: raises $0.20 to $0.30
Mahu2021: folds 
cris010885: calls $0.30
Lim 2589: folds 
ciceron86: folds 
Vandangoz: folds 
*** FLOP *** [9c 2d 9h]
tdedesgr: bets $0.24
cris010885: raises $0.60 to $0.84
tdedesgr: folds 
Uncalled bet ($0.60) returned to cris010885
cris010885 collected $1.17 from pot
cris010885: doesn't show hand 
*** SUMMARY ***
Total pot $1.23 | Rake $0.06 
Board [9c 2d 9h]
Seat 1: Lim 2589 (button) folded before Flop (didn't bet)
Seat 2: ciceron86 (small blind) folded before Flop
Seat 3: Vandangoz (big blind) folded before Flop
Seat 4: tdedesgr folded on the Flop
Seat 5: Mahu2021 folded before Flop (didn't bet)
Seat 6: cris010885 collected ($1.17)



PokerStars Zoom Hand #255445758725:  Hold'em No Limit ($0.05/$0.10) - 2025/03/25 15:21:21 CET [2025/03/25 10:21:21 ET]
Table 'Aludra' 6-max Seat #1 is the button
Seat 1: Mahu2021 ($8.26 in chips) 
Seat 2: 4etkiu ($2.70 in chips) 
Seat 3: putzkedudu ($10.23 in chips) 
Seat 4: Io Beto 2020 ($5.48 in chips) 
Seat 5: alemaotonho ($14.39 in chips) 
Seat 6: Thiguin9 ($34.48 in chips) 
4etkiu: posts small blind $0.05
putzkedudu: posts big blind $0.10
*** HOLE CARDS ***
Dealt to Mahu2021 [Jc 8c]
Io Beto 2020: calls $0.10
alemaotonho: calls $0.10
Thiguin9: folds 
Mahu2021: folds 
4etkiu: folds 
putzkedudu: checks 
*** FLOP *** [Qs 9c Qh]
putzkedudu: checks 
Io Beto 2020: bets $0.33
alemaotonho: folds 
putzkedudu: folds 
Uncalled bet ($0.33) returned to Io Beto 2020
Io Beto 2020 collected $0.33 from pot
Io Beto 2020: doesn't show hand 
*** SUMMARY ***
Total pot $0.35 | Rake $0.02 
Board [Qs 9c Qh]
Seat 1: Mahu2021 (button) folded before Flop (didn't bet)
Seat 2: 4etkiu (small blind) folded before Flop
Seat 3: putzkedudu (big blind) folded on the Flop
Seat 4: Io Beto 2020 collected ($0.33)
Seat 5: alemaotonho folded on the Flop
Seat 6: Thiguin9 folded before Flop (didn't bet)



PokerStars Zoom Hand #255445759557:  Hold'em No Limit ($0.05/$0.10) - 2025/03/25 15:21:26 CET [2025/03/25 10:21:26 ET]
Table 'Aludra' 6-max Seat #1 is the button
Seat 1: corape ($6.97 in chips) 
Seat 2: EdgarYY ($10.30 in chips) 
Seat 3: HakuBD ($39.23 in chips) 
Seat 4: Lim 2589 ($11.27 in chips) 
Seat 5: PokerSapiens1 ($5.82 in chips) 
Seat 6: Mahu2021 ($8.26 in chips) 
EdgarYY: posts small blind $0.05
HakuBD: posts big blind $0.10
*** HOLE CARDS ***
Dealt to Mahu2021 [4s 4d]
Lim 2589: folds 
PokerSapiens1: folds 
Mahu2021: raises $0.14 to $0.24
corape: folds 
EdgarYY: folds 
HakuBD: calls $0.14
*** FLOP *** [Qh 5c Kc]
HakuBD: checks 
Mahu2021: bets $0.30
HakuBD: calls $0.30
*** TURN *** [Qh 5c Kc] [Tc]
HakuBD: checks 
Mahu2021: checks 
*** RIVER *** [Qh 5c Kc Tc] [Ah]
HakuBD: bets $0.40
Mahu2021: folds 
Uncalled bet ($0.40) returned to HakuBD
HakuBD collected $1.08 from pot
HakuBD: doesn't show hand 
*** SUMMARY ***
Total pot $1.13 | Rake $0.05 
Board [Qh 5c Kc Tc Ah]
Seat 1: corape (button) folded before Flop (didn't bet)
Seat 2: EdgarYY (small blind) folded before Flop
Seat 3: HakuBD (big blind) collected ($1.08)
Seat 4: Lim 2589 folded before Flop (didn't bet)
Seat 5: PokerSapiens1 folded before Flop (didn't bet)
Seat 6: Mahu2021 folded on the River



PokerStars Zoom Hand #255445771953:  Hold'em No Limit ($0.05/$0.10) - 2025/03/25 15:22:36 CET [2025/03/25 10:22:36 ET]
Table 'Aludra' 6-max Seat #1 is the button
Seat 1: ALEKC6 ($10 in chips) 
Seat 2: alexisabos3 ($17.98 in chips) 
Seat 3: Mahu2021 ($7.72 in chips) 
Seat 4: ciceron86 ($16.12 in chips) 
Seat 5: Bornin10 ($14.71 in chips) 
Seat 6: PovilasX ($15.41 in chips) 
alexisabos3: posts small blind $0.05
Mahu2021: posts big blind $0.10
*** HOLE CARDS ***
Dealt to Mahu2021 [Ac 2h]
ciceron86: folds 
Bornin10: folds 
PovilasX: folds 
ALEKC6: raises $0.16 to $0.26
alexisabos3: folds 
Mahu2021: folds 
Uncalled bet ($0.16) returned to ALEKC6
ALEKC6 collected $0.25 from pot
ALEKC6: doesn't show hand 
*** SUMMARY ***
Total pot $0.25 | Rake $0 
Seat 1: ALEKC6 (button) collected ($0.25)
Seat 2: alexisabos3 (small blind) folded before Flop
Seat 3: Mahu2021 (big blind) folded before Flop
Seat 4: ciceron86 folded before Flop (didn't bet)
Seat 5: Bornin10 folded before Flop (didn't bet)
Seat 6: PovilasX folded before Flop (didn't bet)



PokerStars Zoom Hand #255445774184:  Hold'em No Limit ($0.05/$0.10) - 2025/03/25 15:22:49 CET [2025/03/25 10:22:49 ET]
Table 'Aludra' 6-max Seat #1 is the button
Seat 1: Mahu2021 ($7.57 in chips) 
Seat 2: ciceron86 ($10.33 in chips) 
Seat 3: T-Bird_Tom ($10.13 in chips) 
Seat 4: xjuaccox ($17.69 in chips) 
Seat 5: PovilasX ($17.17 in chips) 
Seat 6: alexevo91 ($14.35 in chips) 
ciceron86: posts small blind $0.05
T-Bird_Tom: posts big blind $0.10
*** HOLE CARDS ***
Dealt to Mahu2021 [4h Tc]
xjuaccox: folds 
PovilasX: folds 
alexevo91: folds 
Mahu2021: folds 
ciceron86: folds 
Uncalled bet ($0.05) returned to T-Bird_Tom
T-Bird_Tom collected $0.10 from pot
T-Bird_Tom: doesn't show hand 
*** SUMMARY ***
Total pot $0.10 | Rake $0 
Seat 1: Mahu2021 (button) folded before Flop (didn't bet)
Seat 2: ciceron86 (small blind) folded before Flop
Seat 3: T-Bird_Tom (big blind) collected ($0.10)
Seat 4: xjuaccox folded before Flop (didn't bet)
Seat 5: PovilasX folded before Flop (didn't bet)
Seat 6: alexevo91 folded before Flop (didn't bet)



PokerStars Zoom Hand #255445771090:  Hold'em No Limit ($0.05/$0.10) - 2025/03/25 15:22:31 CET [2025/03/25 10:22:31 ET]
Table 'Aludra' 6-max Seat #1 is the button
Seat 1: sho0506 ($38.60 in chips) 
Seat 2: StarsKK ($11.72 in chips) 
Seat 3: tdedesgr ($10.35 in chips) 
Seat 4: lefgr1 ($20.96 in chips) 
Seat 5: Mahu2021 ($7.72 in chips) 
Seat 6: ciceron86 ($10.28 in chips) 
StarsKK: posts small blind $0.05
tdedesgr: posts big blind $0.10
*** HOLE CARDS ***
Dealt to Mahu2021 [8s 6s]
lefgr1: folds 
Mahu2021: folds 
ciceron86: folds 
sho0506: raises $0.15 to $0.25
StarsKK: folds 
tdedesgr: folds 
Uncalled bet ($0.15) returned to sho0506
sho0506 collected $0.25 from pot
sho0506: doesn't show hand 
*** SUMMARY ***
Total pot $0.25 | Rake $0 
Seat 1: sho0506 (button) collected ($0.25)
Seat 2: StarsKK (small blind) folded before Flop
Seat 3: tdedesgr (big blind) folded before Flop
Seat 4: lefgr1 folded before Flop (didn't bet)
Seat 5: Mahu2021 folded before Flop (didn't bet)
Seat 6: ciceron86 folded before Flop (didn't bet)



PokerStars Zoom Hand #255445773497:  Hold'em No Limit ($0.05/$0.10) - 2025/03/25 15:22:45 CET [2025/03/25 10:22:45 ET]
Table 'Aludra' 6-max Seat #1 is the button
Seat 1: EdgarYY ($13.82 in chips) 
Seat 2: Mahu2021 ($7.62 in chips) 
Seat 3: alemaotonho ($13.94 in chips) 
Seat 4: dreexxar ($13.13 in chips) 
Seat 5: HakuBD ($39.77 in chips) 
Seat 6: T-Bird_Tom ($10.13 in chips) 
Mahu2021: posts small blind $0.05
alemaotonho: posts big blind $0.10
*** HOLE CARDS ***
Dealt to Mahu2021 [9c Qh]
dreexxar: folds 
HakuBD: folds 
T-Bird_Tom: folds 
EdgarYY: raises $0.12 to $0.22
Mahu2021: folds 
alemaotonho: folds 
Uncalled bet ($0.12) returned to EdgarYY
EdgarYY collected $0.25 from pot
EdgarYY: doesn't show hand 
*** SUMMARY ***
Total pot $0.25 | Rake $0 
Seat 1: EdgarYY (button) collected ($0.25)
Seat 2: Mahu2021 (small blind) folded before Flop
Seat 3: alemaotonho (big blind) folded before Flop
Seat 4: dreexxar folded before Flop (didn't bet)
Seat 5: HakuBD folded before Flop (didn't bet)
Seat 6: T-Bird_Tom folded before Flop (didn't bet)



PokerStars Zoom Hand #255445777009:  Hold'em No Limit ($0.05/$0.10) - 2025/03/25 15:23:05 CET [2025/03/25 10:23:05 ET]
Table 'Aludra' 6-max Seat #1 is the button
Seat 1: PovilasX ($17.12 in chips) 
Seat 2: DrMisterSir ($15.30 in chips) 
Seat 3: ciceron86 ($16.80 in chips) 
Seat 4: prettika ($9.47 in chips) 
Seat 5: Smdpair77 ($12.33 in chips) 
Seat 6: Mahu2021 ($7.52 in chips) 
DrMisterSir: posts small blind $0.05
ciceron86: posts big blind $0.10
*** HOLE CARDS ***
Dealt to Mahu2021 [Ac Ts]
prettika: folds 
Smdpair77: folds 
Mahu2021: raises $0.12 to $0.22
PovilasX: folds 
DrMisterSir: folds 
ciceron86: folds 
Uncalled bet ($0.12) returned to Mahu2021
Mahu2021 collected $0.25 from pot
Mahu2021: doesn't show hand 
*** SUMMARY ***
Total pot $0.25 | Rake $0 
Seat 1: PovilasX (button) folded before Flop (didn't bet)
Seat 2: DrMisterSir (small blind) folded before Flop
Seat 3: ciceron86 (big blind) folded before Flop
Seat 4: prettika folded before Flop (didn't bet)
Seat 5: Smdpair77 folded before Flop (didn't bet)
Seat 6: Mahu2021 collected ($0.25)



PokerStars Zoom Hand #255445776298:  Hold'em No Limit ($0.05/$0.10) - 2025/03/25 15:23:01 CET [2025/03/25 10:23:01 ET]
Table 'Aludra' 6-max Seat #1 is the button
Seat 1: T-Bird_Tom ($10.45 in chips) 
Seat 2: Mahu2021 ($7.57 in chips) 
Seat 3: Bornin10 ($16.43 in chips) 
Seat 4: Die8 ($12.60 in chips) 
Seat 5: piknikschet ($10.62 in chips) 
Seat 6: sho0506 ($38.75 in chips) 
Mahu2021: posts small blind $0.05
Bornin10: posts big blind $0.10
*** HOLE CARDS ***
Dealt to Mahu2021 [7c Ah]
Die8: raises $0.13 to $0.23
piknikschet: folds 
sho0506: folds 
T-Bird_Tom: folds 
Mahu2021: folds 
Bornin10: folds 
Uncalled bet ($0.13) returned to Die8
Die8 collected $0.25 from pot
Die8: doesn't show hand 
*** SUMMARY ***
Total pot $0.25 | Rake $0 
Seat 1: T-Bird_Tom (button) folded before Flop (didn't bet)
Seat 2: Mahu2021 (small blind) folded before Flop
Seat 3: Bornin10 (big blind) folded before Flop
Seat 4: Die8 collected ($0.25)
Seat 5: piknikschet folded before Flop (didn't bet)
Seat 6: sho0506 folded before Flop (didn't bet)



PokerStars Zoom Hand #255445775780:  Hold'em No Limit ($0.05/$0.10) - 2025/03/25 15:22:58 CET [2025/03/25 10:22:58 ET]
Table 'Aludra' 6-max Seat #1 is the button
Seat 1: TheYoungWolf25 ($9.39 in chips) 
Seat 2: zeti_dealer ($17.18 in chips) 
Seat 3: EdgarYY ($10.45 in chips) 
Seat 4: Mahu2021 ($7.57 in chips) 
Seat 5: uwwfan ($10.68 in chips) 
Seat 6: Yuck0811 ($11.08 in chips) 
zeti_dealer: posts small blind $0.05
EdgarYY: posts big blind $0.10
*** HOLE CARDS ***
Dealt to Mahu2021 [4d 2s]
Mahu2021: folds 
uwwfan: folds 
Yuck0811: raises $0.20 to $0.30
TheYoungWolf25: calls $0.30
zeti_dealer: folds 
EdgarYY: folds 
*** FLOP *** [Kc 5s 3c]
Yuck0811: bets $0.24
TheYoungWolf25: folds 
Uncalled bet ($0.24) returned to Yuck0811
Yuck0811 collected $0.72 from pot
Yuck0811: doesn't show hand 
*** SUMMARY ***
Total pot $0.75 | Rake $0.03 
Board [Kc 5s 3c]
Seat 1: TheYoungWolf25 (button) folded on the Flop
Seat 2: zeti_dealer (small blind) folded before Flop
Seat 3: EdgarYY (big blind) folded before Flop
Seat 4: Mahu2021 folded before Flop (didn't bet)
Seat 5: uwwfan folded before Flop (didn't bet)
Seat 6: Yuck0811 collected ($0.72)



PokerStars Zoom Hand #255445775075:  Hold'em No Limit ($0.05/$0.10) - 2025/03/25 15:22:54 CET [2025/03/25 10:22:54 ET]
Table 'Aludra' 6-max Seat #1 is the button
Seat 1: BluffsLord ($10 in chips) 
Seat 2: Inc-Zra ($11.72 in chips) 
Seat 3: alexevo91 ($14.35 in chips) 
Seat 4: Mahu2021 ($7.57 in chips) 
Seat 5: Thiguin9 ($34.33 in chips) 
Seat 6: alexisabos3 ($10.10 in chips) 
Inc-Zra: posts small blind $0.05
alexevo91: posts big blind $0.10
*** HOLE CARDS ***
Dealt to Mahu2021 [Kh 5c]
Mahu2021: folds 
Thiguin9: folds 
alexisabos3: raises $0.10 to $0.20
BluffsLord: calls $0.20
Inc-Zra: folds 
alexevo91: calls $0.10
*** FLOP *** [Ks Th Ah]
alexevo91: bets $0.31
alexisabos3: folds 
BluffsLord: folds 
Uncalled bet ($0.31) returned to alexevo91
alexevo91 collected $0.62 from pot
alexevo91: doesn't show hand 
*** SUMMARY ***
Total pot $0.65 | Rake $0.03 
Board [Ks Th Ah]
Seat 1: BluffsLord (button) folded on the Flop
Seat 2: Inc-Zra (small blind) folded before Flop
Seat 3: alexevo91 (big blind) collected ($0.62)
Seat 4: Mahu2021 folded before Flop (didn't bet)
Seat 5: Thiguin9 folded before Flop (didn't bet)
Seat 6: alexisabos3 folded on the Flop



PokerStars Zoom Hand #255445779687:  Hold'em No Limit ($0.05/$0.10) - 2025/03/25 15:23:20 CET [2025/03/25 10:23:20 ET]
Table 'Aludra' 6-max Seat #1 is the button
Seat 1: Sn1p3rBR ($10.68 in chips) 
Seat 2: xjuaccox ($17.94 in chips) 
Seat 3: Mahu2021 ($7.67 in chips) 
Seat 4: Die8 ($10.74 in chips) 
Seat 5: Inc-Zra ($16.95 in chips) 
Seat 6: Gto_gtfo ($23.35 in chips) 
xjuaccox: posts small blind $0.05
Mahu2021: posts big blind $0.10
*** HOLE CARDS ***
Dealt to Mahu2021 [6h 3d]
Die8: raises $0.13 to $0.23
Inc-Zra: folds 
Gto_gtfo: folds 
Sn1p3rBR: folds 
xjuaccox: folds 
Mahu2021: folds 
Uncalled bet ($0.13) returned to Die8
Die8 collected $0.25 from pot
Die8: doesn't show hand 
*** SUMMARY ***
Total pot $0.25 | Rake $0 
Seat 1: Sn1p3rBR (button) folded before Flop (didn't bet)
Seat 2: xjuaccox (small blind) folded before Flop
Seat 3: Mahu2021 (big blind) folded before Flop
Seat 4: Die8 collected ($0.25)
Seat 5: Inc-Zra folded before Flop (didn't bet)
Seat 6: Gto_gtfo folded before Flop (didn't bet)



PokerStars Zoom Hand #255445782567:  Hold'em No Limit ($0.05/$0.10) - 2025/03/25 15:23:37 CET [2025/03/25 10:23:37 ET]
Table 'Aludra' 6-max Seat #1 is the button
Seat 1: corape ($6.28 in chips) 
Seat 2: alexevo91 ($14.77 in chips) 
Seat 3: Glaucou ($14.11 in chips) 
Seat 4: Mahu2021 ($7.57 in chips) 
Seat 5: ALEKC6 ($10 in chips) 
Seat 6: T-Bird_Tom ($10.35 in chips) 
alexevo91: posts small blind $0.05
Glaucou: posts big blind $0.10
*** HOLE CARDS ***
Dealt to Mahu2021 [4c As]
Mahu2021: folds 
ALEKC6: folds 
T-Bird_Tom: folds 
corape: folds 
alexevo91: folds 
Uncalled bet ($0.05) returned to Glaucou
Glaucou collected $0.10 from pot
Glaucou: doesn't show hand 
*** SUMMARY ***
Total pot $0.10 | Rake $0 
Seat 1: corape (button) folded before Flop (didn't bet)
Seat 2: alexevo91 (small blind) folded before Flop
Seat 3: Glaucou (big blind) collected ($0.10)
Seat 4: Mahu2021 folded before Flop (didn't bet)
Seat 5: ALEKC6 folded before Flop (didn't bet)
Seat 6: T-Bird_Tom folded before Flop (didn't bet)



PokerStars Zoom Hand #255445784927:  Hold'em No Limit ($0.05/$0.10) - 2025/03/25 15:23:51 CET [2025/03/25 10:23:51 ET]
Table 'Aludra' 6-max Seat #1 is the button
Seat 1: top4eto860 ($14.21 in chips) 
Seat 2: BluffsLord ($10 in chips) 
Seat 3: Mahu2021 ($7.52 in chips) 
Seat 4: alexisabos3 ($10 in chips) 
Seat 5: T-Bird_Tom ($26.89 in chips) 
Seat 6: Luffy V ($11.51 in chips) 
BluffsLord: posts small blind $0.05
Mahu2021: posts big blind $0.10
*** HOLE CARDS ***
Dealt to Mahu2021 [Jc 8d]
alexisabos3: folds 
T-Bird_Tom: folds 
Luffy V: folds 
top4eto860: folds 
BluffsLord: folds 
Uncalled bet ($0.05) returned to Mahu2021
Mahu2021 collected $0.10 from pot
Mahu2021: doesn't show hand 
*** SUMMARY ***
Total pot $0.10 | Rake $0 
Seat 1: top4eto860 (button) folded before Flop (didn't bet)
Seat 2: BluffsLord (small blind) folded before Flop
Seat 3: Mahu2021 (big blind) collected ($0.10)
Seat 4: alexisabos3 folded before Flop (didn't bet)
Seat 5: T-Bird_Tom folded before Flop (didn't bet)
Seat 6: Luffy V folded before Flop (didn't bet)



PokerStars Zoom Hand #255445784387:  Hold'em No Limit ($0.05/$0.10) - 2025/03/25 15:23:47 CET [2025/03/25 10:23:47 ET]
Table 'Aludra' 6-max Seat #1 is the button
Seat 1: Glaucou ($14.16 in chips) 
Seat 2: Mahu2021 ($7.57 in chips) 
Seat 3: Matzet1ka ($10.20 in chips) 
Seat 4: xjuaccox ($11.87 in chips) 
Seat 5: ALEKC6 ($10.80 in chips) 
Seat 6: tdedesgr ($10.20 in chips) 
Mahu2021: posts small blind $0.05
Matzet1ka: posts big blind $0.10
*** HOLE CARDS ***
Dealt to Mahu2021 [3s 2s]
xjuaccox: raises $0.15 to $0.25
ALEKC6: folds 
tdedesgr: folds 
Glaucou: folds 
Mahu2021: folds 
Matzet1ka: folds 
Uncalled bet ($0.15) returned to xjuaccox
xjuaccox collected $0.25 from pot
xjuaccox: doesn't show hand 
*** SUMMARY ***
Total pot $0.25 | Rake $0 
Seat 1: Glaucou (button) folded before Flop (didn't bet)
Seat 2: Mahu2021 (small blind) folded before Flop
Seat 3: Matzet1ka (big blind) folded before Flop
Seat 4: xjuaccox collected ($0.25)
Seat 5: ALEKC6 folded before Flop (didn't bet)
Seat 6: tdedesgr folded before Flop (didn't bet)



PokerStars Zoom Hand #255445781080:  Hold'em No Limit ($0.05/$0.10) - 2025/03/25 15:23:28 CET [2025/03/25 10:23:28 ET]
Table 'Aludra' 6-max Seat #1 is the button
Seat 1: Bornin10 ($16.28 in chips) 
Seat 2: Leffe51 ($9.33 in chips) 
Seat 3: shwozzer ($10 in chips) 
Seat 4: EdgarYY ($10.30 in chips) 
Seat 5: Mahu2021 ($7.57 in chips) 
Seat 6: sho0506 ($38.65 in chips) 
Leffe51: posts small blind $0.05
shwozzer: posts big blind $0.10
*** HOLE CARDS ***
Dealt to Mahu2021 [9h 3h]
EdgarYY: raises $0.10 to $0.20
Mahu2021: folds 
sho0506: folds 
Bornin10: folds 
Leffe51: calls $0.15
shwozzer: calls $0.10
*** FLOP *** [2d 7h Ks]
Leffe51: checks 
shwozzer: checks 
EdgarYY: bets $0.37
Leffe51: folds 
shwozzer: folds 
Uncalled bet ($0.37) returned to EdgarYY
EdgarYY collected $0.57 from pot
EdgarYY: doesn't show hand 
*** SUMMARY ***
Total pot $0.60 | Rake $0.03 
Board [2d 7h Ks]
Seat 1: Bornin10 (button) folded before Flop (didn't bet)
Seat 2: Leffe51 (small blind) folded on the Flop
Seat 3: shwozzer (big blind) folded on the Flop
Seat 4: EdgarYY collected ($0.57)
Seat 5: Mahu2021 folded before Flop (didn't bet)
Seat 6: sho0506 folded before Flop (didn't bet)



PokerStars Zoom Hand #255445783683:  Hold'em No Limit ($0.05/$0.10) - 2025/03/25 15:23:43 CET [2025/03/25 10:23:43 ET]
Table 'Aludra' 6-max Seat #1 is the button
Seat 1: baikout112 ($5.95 in chips) 
Seat 2: Yuck0811 ($10.28 in chips) 
Seat 3: Die8 ($10.89 in chips) 
Seat 4: TheSoulTaker666 ($14.36 in chips) 
Seat 5: EdgarYY ($11.26 in chips) 
Seat 6: Mahu2021 ($7.57 in chips) 
Yuck0811: posts small blind $0.05
Die8: posts big blind $0.10
*** HOLE CARDS ***
Dealt to Mahu2021 [5c 3d]
TheSoulTaker666: folds 
EdgarYY: folds 
Mahu2021: folds 
baikout112: raises $0.10 to $0.20
Yuck0811: folds 
Die8: folds 
Uncalled bet ($0.10) returned to baikout112
baikout112 collected $0.25 from pot
baikout112: doesn't show hand 
*** SUMMARY ***
Total pot $0.25 | Rake $0 
Seat 1: baikout112 (button) collected ($0.25)
Seat 2: Yuck0811 (small blind) folded before Flop
Seat 3: Die8 (big blind) folded before Flop
Seat 4: TheSoulTaker666 folded before Flop (didn't bet)
Seat 5: EdgarYY folded before Flop (didn't bet)
Seat 6: Mahu2021 folded before Flop (didn't bet)



PokerStars Zoom Hand #255445783164:  Hold'em No Limit ($0.05/$0.10) - 2025/03/25 15:23:40 CET [2025/03/25 10:23:40 ET]
Table 'Aludra' 6-max Seat #1 is the button
Seat 1: EdgarYY ($11.26 in chips) 
Seat 2: sho0506 ($38.65 in chips) 
Seat 3: T-Bird_Tom ($20.68 in chips) 
Seat 4: Bornin10 ($14.56 in chips) 
Seat 5: Mahu2021 ($7.57 in chips) 
Seat 6: Sn1p3rBR ($10.68 in chips) 
sho0506: posts small blind $0.05
T-Bird_Tom: posts big blind $0.10
*** HOLE CARDS ***
Dealt to Mahu2021 [2d 5h]
Bornin10: raises $0.10 to $0.20
Mahu2021: folds 
Sn1p3rBR: folds 
EdgarYY: folds 
sho0506: folds 
T-Bird_Tom: raises $0.60 to $0.80
Bornin10: calls $0.60
*** FLOP *** [6s Jc Kh]
T-Bird_Tom: bets $0.82
Bornin10: folds 
Uncalled bet ($0.82) returned to T-Bird_Tom
T-Bird_Tom collected $1.58 from pot
T-Bird_Tom: doesn't show hand 
*** SUMMARY ***
Total pot $1.65 | Rake $0.07 
Board [6s Jc Kh]
Seat 1: EdgarYY (button) folded before Flop (didn't bet)
Seat 2: sho0506 (small blind) folded before Flop
Seat 3: T-Bird_Tom (big blind) collected ($1.58)
Seat 4: Bornin10 folded on the Flop
Seat 5: Mahu2021 folded before Flop (didn't bet)
Seat 6: Sn1p3rBR folded before Flop (didn't bet)



PokerStars Zoom Hand #255445781960:  Hold'em No Limit ($0.05/$0.10) - 2025/03/25 15:23:34 CET [2025/03/25 10:23:34 ET]
Table 'Aludra' 6-max Seat #1 is the button
Seat 1: Mahu2021 ($7.57 in chips) 
Seat 2: Thiguin9 ($34.03 in chips) 
Seat 3: 4etkiu ($2.95 in chips) 
Seat 4: sho0506 ($38.65 in chips) 
Seat 5: PokerSapiens1 ($6.71 in chips) 
Seat 6: xjuaccox ($17.89 in chips) 
Thiguin9: posts small blind $0.05
4etkiu: posts big blind $0.10
*** HOLE CARDS ***
Dealt to Mahu2021 [6c 9c]
sho0506: folds 
PokerSapiens1: calls $0.10
xjuaccox: folds 
Mahu2021: folds 
Thiguin9: folds 
4etkiu: checks 
*** FLOP *** [7h 4c 9d]
4etkiu: checks 
PokerSapiens1: checks 
*** TURN *** [7h 4c 9d] [Tc]
4etkiu: checks 
PokerSapiens1: bets $0.11
4etkiu: folds 
Uncalled bet ($0.11) returned to PokerSapiens1
PokerSapiens1 collected $0.24 from pot
PokerSapiens1: doesn't show hand 
*** SUMMARY ***
Total pot $0.25 | Rake $0.01 
Board [7h 4c 9d Tc]
Seat 1: Mahu2021 (button) folded before Flop (didn't bet)
Seat 2: Thiguin9 (small blind) folded before Flop
Seat 3: 4etkiu (big blind) folded on the Turn
Seat 4: sho0506 folded before Flop (didn't bet)
Seat 5: PokerSapiens1 collected ($0.24)
Seat 6: xjuaccox folded before Flop (didn't bet)



PokerStars Zoom Hand #255445789493:  Hold'em No Limit ($0.05/$0.10) - 2025/03/25 15:24:16 CET [2025/03/25 10:24:16 ET]
Table 'Aludra' 6-max Seat #1 is the button
Seat 1: ALEKC6 ($10.85 in chips) 
Seat 2: Mahu2021 ($7.57 in chips) 
Seat 3: Smdpair77 ($22.23 in chips) 
Seat 4: Thiguin9 ($33.98 in chips) 
Seat 5: putzkedudu ($10.15 in chips) 
Seat 6: piknikschet ($40.89 in chips) 
Mahu2021: posts small blind $0.05
Smdpair77: posts big blind $0.10
*** HOLE CARDS ***
Dealt to Mahu2021 [8d Kd]
Thiguin9: raises $0.15 to $0.25
putzkedudu: folds 
piknikschet: folds 
ALEKC6: folds 
Mahu2021: folds 
Smdpair77: folds 
Uncalled bet ($0.15) returned to Thiguin9
Thiguin9 collected $0.25 from pot
Thiguin9: doesn't show hand 
*** SUMMARY ***
Total pot $0.25 | Rake $0 
Seat 1: ALEKC6 (button) folded before Flop (didn't bet)
Seat 2: Mahu2021 (small blind) folded before Flop
Seat 3: Smdpair77 (big blind) folded before Flop
Seat 4: Thiguin9 collected ($0.25)
Seat 5: putzkedudu folded before Flop (didn't bet)
Seat 6: piknikschet folded before Flop (didn't bet)



PokerStars Zoom Hand #255445787703:  Hold'em No Limit ($0.05/$0.10) - 2025/03/25 15:24:06 CET [2025/03/25 10:24:06 ET]
Table 'Aludra' 6-max Seat #1 is the button
Seat 1: Mahu2021 ($7.57 in chips) 
Seat 2: Sn1p3rBR ($10 in chips) 
Seat 3: uwwfan ($11.28 in chips) 
Seat 4: Leffe51 ($9.13 in chips) 
Seat 5: alemaotonho ($13.79 in chips) 
Seat 6: Vandangoz ($10 in chips) 
Sn1p3rBR: posts small blind $0.05
uwwfan: posts big blind $0.10
*** HOLE CARDS ***
Dealt to Mahu2021 [Kd 8c]
Leffe51: folds 
alemaotonho is disconnected 
alemaotonho has timed out while disconnected
alemaotonho: folds 
Vandangoz: folds 
Mahu2021: folds 
Sn1p3rBR: raises $0.20 to $0.30
uwwfan: folds 
Uncalled bet ($0.20) returned to Sn1p3rBR
Sn1p3rBR collected $0.20 from pot
Sn1p3rBR: doesn't show hand 
*** SUMMARY ***
Total pot $0.20 | Rake $0 
Seat 1: Mahu2021 (button) folded before Flop (didn't bet)
Seat 2: Sn1p3rBR (small blind) collected ($0.20)
Seat 3: uwwfan (big blind) folded before Flop
Seat 4: Leffe51 folded before Flop (didn't bet)
Seat 5: alemaotonho folded before Flop (didn't bet)
Seat 6: Vandangoz folded before Flop (didn't bet)



PokerStars Zoom Hand #255445788596:  Hold'em No Limit ($0.05/$0.10) - 2025/03/25 15:24:11 CET [2025/03/25 10:24:11 ET]
Table 'Aludra' 6-max Seat #1 is the button
Seat 1: sv5555555 ($8.28 in chips) 
Seat 2: ALEKC6 ($10 in chips) 
Seat 3: BluffsLord ($10 in chips) 
Seat 4: putzkedudu ($14.42 in chips) 
Seat 5: Mahu2021 ($7.57 in chips) 
Seat 6: EdgarYY ($11.11 in chips) 
ALEKC6: posts small blind $0.05
BluffsLord: posts big blind $0.10
*** HOLE CARDS ***
Dealt to Mahu2021 [5c 6h]
putzkedudu: folds 
Mahu2021: folds 
EdgarYY: raises $0.10 to $0.20
sv5555555: calls $0.20
ALEKC6: folds 
BluffsLord: folds 
*** FLOP *** [3h 7d 3c]
EdgarYY: checks 
sv5555555: bets $0.27
EdgarYY: folds 
Uncalled bet ($0.27) returned to sv5555555
sv5555555 collected $0.53 from pot
sv5555555: doesn't show hand 
*** SUMMARY ***
Total pot $0.55 | Rake $0.02 
Board [3h 7d 3c]
Seat 1: sv5555555 (button) collected ($0.53)
Seat 2: ALEKC6 (small blind) folded before Flop
Seat 3: BluffsLord (big blind) folded before Flop
Seat 4: putzkedudu folded before Flop (didn't bet)
Seat 5: Mahu2021 folded before Flop (didn't bet)
Seat 6: EdgarYY folded on the Flop



PokerStars Zoom Hand #255445792249:  Hold'em No Limit ($0.05/$0.10) - 2025/03/25 15:24:33 CET [2025/03/25 10:24:33 ET]
Table 'Aludra' 6-max Seat #1 is the button
Seat 1: Glaucou ($14.31 in chips) 
Seat 2: sho0506 ($40.59 in chips) 
Seat 3: Mahu2021 ($7.52 in chips) 
Seat 4: Vandangoz ($10 in chips) 
Seat 5: PovilasX ($14.94 in chips) 
Seat 6: xjuaccox ($17.94 in chips) 
sho0506: posts small blind $0.05
Mahu2021: posts big blind $0.10
*** HOLE CARDS ***
Dealt to Mahu2021 [Jc 8s]
Vandangoz: folds 
PovilasX: folds 
xjuaccox: folds 
Glaucou: folds 
sho0506: raises $0.20 to $0.30
Mahu2021: folds 
Uncalled bet ($0.20) returned to sho0506
sho0506 collected $0.20 from pot
sho0506: doesn't show hand 
*** SUMMARY ***
Total pot $0.20 | Rake $0 
Seat 1: Glaucou (button) folded before Flop (didn't bet)
Seat 2: sho0506 (small blind) collected ($0.20)
Seat 3: Mahu2021 (big blind) folded before Flop
Seat 4: Vandangoz folded before Flop (didn't bet)
Seat 5: PovilasX folded before Flop (didn't bet)
Seat 6: xjuaccox folded before Flop (didn't bet)



PokerStars Zoom Hand #255445794504:  Hold'em No Limit ($0.05/$0.10) - 2025/03/25 15:24:45 CET [2025/03/25 10:24:45 ET]
Table 'Aludra' 6-max Seat #1 is the button
Seat 1: Mahu2021 ($7.42 in chips) 
Seat 2: cris010885 ($11.23 in chips) 
Seat 3: shwozzer ($16.90 in chips) 
Seat 4: ALEKC6 ($10 in chips) 
Seat 5: T-Bird_Tom ($10.45 in chips) 
Seat 6: Luffy V ($11.69 in chips) 
cris010885: posts small blind $0.05
shwozzer: posts big blind $0.10
*** HOLE CARDS ***
Dealt to Mahu2021 [Kc Td]
ALEKC6: folds 
T-Bird_Tom: folds 
Luffy V: folds 
Mahu2021: raises $0.20 to $0.30
cris010885: folds 
shwozzer: folds 
Uncalled bet ($0.20) returned to Mahu2021
Mahu2021 collected $0.25 from pot
Mahu2021: doesn't show hand 
*** SUMMARY ***
Total pot $0.25 | Rake $0 
Seat 1: Mahu2021 (button) collected ($0.25)
Seat 2: cris010885 (small blind) folded before Flop
Seat 3: shwozzer (big blind) folded before Flop
Seat 4: ALEKC6 folded before Flop (didn't bet)
Seat 5: T-Bird_Tom folded before Flop (didn't bet)
Seat 6: Luffy V folded before Flop (didn't bet)



PokerStars Zoom Hand #255445797973:  Hold'em No Limit ($0.05/$0.10) - 2025/03/25 15:25:04 CET [2025/03/25 10:25:04 ET]
Table 'Aludra' 6-max Seat #1 is the button
Seat 1: ciceron86 ($11.79 in chips) 
Seat 2: Gto_gtfo ($24.79 in chips) 
Seat 3: PovilasX ($14.94 in chips) 
Seat 4: Mahu2021 ($7.57 in chips) 
Seat 5: dreexxar ($17.58 in chips) 
Seat 6: Yuck0811 ($11.30 in chips) 
Gto_gtfo: posts small blind $0.05
PovilasX: posts big blind $0.10
*** HOLE CARDS ***
Dealt to Mahu2021 [6d 6c]
Mahu2021: raises $0.14 to $0.24
dreexxar: folds 
Yuck0811: folds 
ciceron86: raises $0.63 to $0.87
Gto_gtfo: folds 
PovilasX: folds 
Mahu2021: calls $0.63
*** FLOP *** [As 5s 2d]
Mahu2021: checks 
ciceron86: checks 
*** TURN *** [As 5s 2d] [4c]
Mahu2021: checks 
ciceron86: bets $1.20
Mahu2021: folds 
Uncalled bet ($1.20) returned to ciceron86
ciceron86 collected $1.80 from pot
ciceron86: doesn't show hand 
*** SUMMARY ***
Total pot $1.89 | Rake $0.09 
Board [As 5s 2d 4c]
Seat 1: ciceron86 (button) collected ($1.80)
Seat 2: Gto_gtfo (small blind) folded before Flop
Seat 3: PovilasX (big blind) folded before Flop
Seat 4: Mahu2021 folded on the Turn
Seat 5: dreexxar folded before Flop (didn't bet)
Seat 6: Yuck0811 folded before Flop (didn't bet)



PokerStars Zoom Hand #255445804635:  Hold'em No Limit ($0.05/$0.10) - 2025/03/25 15:25:42 CET [2025/03/25 10:25:42 ET]
Table 'Aludra' 6-max Seat #1 is the button
Seat 1: putzkedudu ($14.60 in chips) 
Seat 2: EdgarYY ($10.61 in chips) 
Seat 3: sergio199921 ($10 in chips) 
Seat 4: BluffsLord ($13.03 in chips) 
Seat 5: ciceron86 ($15.82 in chips) 
Seat 6: Mahu2021 ($6.70 in chips) 
EdgarYY: posts small blind $0.05
sergio199921: posts big blind $0.10
*** HOLE CARDS ***
Dealt to Mahu2021 [Jh Qs]
BluffsLord: folds 
ciceron86: folds 
Mahu2021: raises $0.14 to $0.24
putzkedudu: folds 
EdgarYY: raises $0.86 to $1.10
sergio199921: folds 
Mahu2021: folds 
Uncalled bet ($0.86) returned to EdgarYY
EdgarYY collected $0.58 from pot
EdgarYY: doesn't show hand 
*** SUMMARY ***
Total pot $0.58 | Rake $0 
Seat 1: putzkedudu (button) folded before Flop (didn't bet)
Seat 2: EdgarYY (small blind) collected ($0.58)
Seat 3: sergio199921 (big blind) folded before Flop
Seat 4: BluffsLord folded before Flop (didn't bet)
Seat 5: ciceron86 folded before Flop (didn't bet)
Seat 6: Mahu2021 folded before Flop



PokerStars Zoom Hand #255445791529:  Hold'em No Limit ($0.05/$0.10) - 2025/03/25 15:24:29 CET [2025/03/25 10:24:29 ET]
Table 'Aludra' 6-max Seat #1 is the button
Seat 1: Smdpair77 ($12.18 in chips) 
Seat 2: killerita67 ($25.71 in chips) 
Seat 3: putzkedudu ($10.15 in chips) 
Seat 4: dreexxar ($17.78 in chips) 
Seat 5: piknikschet ($10 in chips) 
Seat 6: Mahu2021 ($7.52 in chips) 
killerita67: posts small blind $0.05
putzkedudu: posts big blind $0.10
*** HOLE CARDS ***
Dealt to Mahu2021 [Qh 6h]
dreexxar: folds 
piknikschet: folds 
Mahu2021: folds 
Smdpair77: raises $0.25 to $0.35
killerita67: folds 
putzkedudu: raises $0.85 to $1.20
Smdpair77: calls $0.85
*** FLOP *** [5c Jd 7h]
putzkedudu: bets $0.59
Smdpair77: calls $0.59
*** TURN *** [5c Jd 7h] [6s]
putzkedudu: checks 
Smdpair77: bets $1.35
putzkedudu: calls $1.35
*** RIVER *** [5c Jd 7h 6s] [Ac]
putzkedudu: checks 
Smdpair77: bets $4.54
putzkedudu: folds 
Uncalled bet ($4.54) returned to Smdpair77
Smdpair77 collected $6.05 from pot
Smdpair77: doesn't show hand 
*** SUMMARY ***
Total pot $6.33 | Rake $0.28 
Board [5c Jd 7h 6s Ac]
Seat 1: Smdpair77 (button) collected ($6.05)
Seat 2: killerita67 (small blind) folded before Flop
Seat 3: putzkedudu (big blind) folded on the River
Seat 4: dreexxar folded before Flop (didn't bet)
Seat 5: piknikschet folded before Flop (didn't bet)
Seat 6: Mahu2021 folded before Flop (didn't bet)



PokerStars Zoom Hand #255445807759:  Hold'em No Limit ($0.05/$0.10) - 2025/03/25 15:26:00 CET [2025/03/25 10:26:00 ET]
Table 'Aludra' 6-max Seat #1 is the button
Seat 1: sergio199921 ($9.85 in chips) 
Seat 2: Mahu2021 ($6.46 in chips) 
Seat 3: piknikschet ($42.92 in chips) 
Seat 4: TheSoulTaker666 ($22.02 in chips) 
Seat 5: ciceron86 ($10 in chips) 
Seat 6: TheYoungWolf25 ($10.22 in chips) 
Mahu2021: posts small blind $0.05
piknikschet: posts big blind $0.10
*** HOLE CARDS ***
Dealt to Mahu2021 [9h Kc]
TheSoulTaker666: folds 
ciceron86: folds 
TheYoungWolf25: raises $0.20 to $0.30
sergio199921: folds 
Mahu2021: folds 
piknikschet: folds 
Uncalled bet ($0.20) returned to TheYoungWolf25
TheYoungWolf25 collected $0.25 from pot
TheYoungWolf25: doesn't show hand 
*** SUMMARY ***
Total pot $0.25 | Rake $0 
Seat 1: sergio199921 (button) folded before Flop (didn't bet)
Seat 2: Mahu2021 (small blind) folded before Flop
Seat 3: piknikschet (big blind) folded before Flop
Seat 4: TheSoulTaker666 folded before Flop (didn't bet)
Seat 5: ciceron86 folded before Flop (didn't bet)
Seat 6: TheYoungWolf25 collected ($0.25)



PokerStars Zoom Hand #255445808716:  Hold'em No Limit ($0.05/$0.10) - 2025/03/25 15:26:05 CET [2025/03/25 10:26:05 ET]
Table 'Aludra' 6-max Seat #1 is the button
Seat 1: tdedesgr ($10.20 in chips) 
Seat 2: killerita67 ($25.08 in chips) 
Seat 3: ElDelfin38 ($10.43 in chips) 
Seat 4: ALEKC6 ($10 in chips) 
Seat 5: Mahu2021 ($6.41 in chips) 
Seat 6: putzkedudu ($18.85 in chips) 
killerita67: posts small blind $0.05
ElDelfin38: posts big blind $0.10
*** HOLE CARDS ***
Dealt to Mahu2021 [Ac Js]
ALEKC6: folds 
Mahu2021: raises $0.14 to $0.24
putzkedudu: folds 
tdedesgr: folds 
killerita67: folds 
ElDelfin38: folds 
Uncalled bet ($0.14) returned to Mahu2021
Mahu2021 collected $0.25 from pot
Mahu2021: doesn't show hand 
*** SUMMARY ***
Total pot $0.25 | Rake $0 
Seat 1: tdedesgr (button) folded before Flop (didn't bet)
Seat 2: killerita67 (small blind) folded before Flop
Seat 3: ElDelfin38 (big blind) folded before Flop
Seat 4: ALEKC6 folded before Flop (didn't bet)
Seat 5: Mahu2021 collected ($0.25)
Seat 6: putzkedudu folded before Flop (didn't bet)



PokerStars Zoom Hand #255445812592:  Hold'em No Limit ($0.05/$0.10) - 2025/03/25 15:26:28 CET [2025/03/25 10:26:28 ET]
Table 'Aludra' 6-max Seat #1 is the button
Seat 1: ciceron86 ($10.15 in chips) 
Seat 2: Glaucou ($13.41 in chips) 
Seat 3: sergio199921 ($9.85 in chips) 
Seat 4: Mahu2021 ($6.56 in chips) 
Seat 5: decao-uchiha ($4.95 in chips) 
Seat 6: top4eto860 ($15.13 in chips) 
Glaucou: posts small blind $0.05
sergio199921: posts big blind $0.10
*** HOLE CARDS ***
Dealt to Mahu2021 [Td 9s]
Mahu2021: folds 
decao-uchiha: raises $0.10 to $0.20
top4eto860: folds 
ciceron86: folds 
Glaucou: folds 
sergio199921: folds 
Uncalled bet ($0.10) returned to decao-uchiha
decao-uchiha collected $0.25 from pot
decao-uchiha: doesn't show hand 
*** SUMMARY ***
Total pot $0.25 | Rake $0 
Seat 1: ciceron86 (button) folded before Flop (didn't bet)
Seat 2: Glaucou (small blind) folded before Flop
Seat 3: sergio199921 (big blind) folded before Flop
Seat 4: Mahu2021 folded before Flop (didn't bet)
Seat 5: decao-uchiha collected ($0.25)
Seat 6: top4eto860 folded before Flop (didn't bet)



PokerStars Zoom Hand #255445813334:  Hold'em No Limit ($0.05/$0.10) - 2025/03/25 15:26:32 CET [2025/03/25 10:26:32 ET]
Table 'Aludra' 6-max Seat #1 is the button
Seat 1: Thiguin9 ($33.78 in chips) 
Seat 2: EdgarYY ($11.10 in chips) 
Seat 3: Mahu2021 ($6.56 in chips) 
Seat 4: putzkedudu ($14.45 in chips) 
Seat 5: killerita67 ($25.03 in chips) 
Seat 6: T-Bird_Tom ($19.53 in chips) 
EdgarYY: posts small blind $0.05
Mahu2021: posts big blind $0.10
*** HOLE CARDS ***
Dealt to Mahu2021 [2d Ad]
putzkedudu: folds 
killerita67: folds 
T-Bird_Tom: raises $0.13 to $0.23
Thiguin9: folds 
EdgarYY: folds 
Mahu2021: calls $0.13
*** FLOP *** [7c 5d Qd]
Mahu2021: bets $0.49
T-Bird_Tom: calls $0.49
*** TURN *** [7c 5d Qd] [Jc]
Mahu2021: checks 
T-Bird_Tom: checks 
*** RIVER *** [7c 5d Qd Jc] [3d]
Mahu2021: bets $5.84 and is all-in
T-Bird_Tom: folds 
Uncalled bet ($5.84) returned to Mahu2021
Mahu2021 collected $1.42 from pot
Mahu2021: doesn't show hand 
*** SUMMARY ***
Total pot $1.49 | Rake $0.07 
Board [7c 5d Qd Jc 3d]
Seat 1: Thiguin9 (button) folded before Flop (didn't bet)
Seat 2: EdgarYY (small blind) folded before Flop
Seat 3: Mahu2021 (big blind) collected ($1.42)
Seat 4: putzkedudu folded before Flop (didn't bet)
Seat 5: killerita67 folded before Flop (didn't bet)
Seat 6: T-Bird_Tom folded on the River



PokerStars Zoom Hand #255445823794:  Hold'em No Limit ($0.05/$0.10) - 2025/03/25 15:27:32 CET [2025/03/25 10:27:32 ET]
Table 'Aludra' 6-max Seat #1 is the button
Seat 1: Leffe51 ($11.28 in chips) 
Seat 2: shwozzer ($17.38 in chips) 
Seat 3: zeti_dealer ($16.10 in chips) 
Seat 4: dreexxar ($17.30 in chips) 
Seat 5: Sailorliebe ($10.10 in chips) 
Seat 6: Mahu2021 ($7.26 in chips) 
shwozzer: posts small blind $0.05
zeti_dealer: posts big blind $0.10
*** HOLE CARDS ***
Dealt to Mahu2021 [Ac Ts]
dreexxar: folds 
Sailorliebe: folds 
Mahu2021: raises $0.13 to $0.23
Leffe51: folds 
shwozzer: folds 
zeti_dealer: folds 
Uncalled bet ($0.13) returned to Mahu2021
Mahu2021 collected $0.25 from pot
Mahu2021: doesn't show hand 
*** SUMMARY ***
Total pot $0.25 | Rake $0 
Seat 1: Leffe51 (button) folded before Flop (didn't bet)
Seat 2: shwozzer (small blind) folded before Flop
Seat 3: zeti_dealer (big blind) folded before Flop
Seat 4: dreexxar folded before Flop (didn't bet)
Seat 5: Sailorliebe folded before Flop (didn't bet)
Seat 6: Mahu2021 collected ($0.25)



PokerStars Zoom Hand #255445829730:  Hold'em No Limit ($0.05/$0.10) - 2025/03/25 15:28:06 CET [2025/03/25 10:28:06 ET]
Table 'Aludra' 6-max Seat #1 is the button
Seat 1: DrMisterSir ($25.50 in chips) 
Seat 2: killerita67 ($25.76 in chips) 
Seat 3: Die8 ($12.97 in chips) 
Seat 4: denis4250 ($8.20 in chips) 
Seat 5: Mahu2021 ($7.36 in chips) 
Seat 6: BluffsLord ($13.86 in chips) 
killerita67: posts small blind $0.05
Die8: posts big blind $0.10
*** HOLE CARDS ***
Dealt to Mahu2021 [Tc Jc]
denis4250: folds 
Mahu2021: raises $0.14 to $0.24
BluffsLord: folds 
DrMisterSir: folds 
killerita67: folds 
Die8: folds 
Uncalled bet ($0.14) returned to Mahu2021
Mahu2021 collected $0.25 from pot
Mahu2021: doesn't show hand 
*** SUMMARY ***
Total pot $0.25 | Rake $0 
Seat 1: DrMisterSir (button) folded before Flop (didn't bet)
Seat 2: killerita67 (small blind) folded before Flop
Seat 3: Die8 (big blind) folded before Flop
Seat 4: denis4250 folded before Flop (didn't bet)
Seat 5: Mahu2021 collected ($0.25)
Seat 6: BluffsLord folded before Flop (didn't bet)



PokerStars Zoom Hand #255445828999:  Hold'em No Limit ($0.05/$0.10) - 2025/03/25 15:28:02 CET [2025/03/25 10:28:02 ET]
Table 'Aludra' 6-max Seat #1 is the button
Seat 1: Lim 2589 ($21.25 in chips) 
Seat 2: Mahu2021 ($7.41 in chips) 
Seat 3: Smdpair77 ($24.28 in chips) 
Seat 4: TheSoulTaker666 ($48.13 in chips) 
Seat 5: Sn1p3rBR ($10 in chips) 
Seat 6: thekla76 ($11.42 in chips) 
Mahu2021: posts small blind $0.05
Smdpair77: posts big blind $0.10
*** HOLE CARDS ***
Dealt to Mahu2021 [7s 3c]
TheSoulTaker666: folds 
Sn1p3rBR: folds 
thekla76: folds 
Lim 2589: raises $0.15 to $0.25
Mahu2021: folds 
Smdpair77: folds 
Uncalled bet ($0.15) returned to Lim 2589
Lim 2589 collected $0.25 from pot
Lim 2589: doesn't show hand 
*** SUMMARY ***
Total pot $0.25 | Rake $0 
Seat 1: Lim 2589 (button) collected ($0.25)
Seat 2: Mahu2021 (small blind) folded before Flop
Seat 3: Smdpair77 (big blind) folded before Flop
Seat 4: TheSoulTaker666 folded before Flop (didn't bet)
Seat 5: Sn1p3rBR folded before Flop (didn't bet)
Seat 6: thekla76 folded before Flop (didn't bet)



PokerStars Zoom Hand #255445832995:  Hold'em No Limit ($0.05/$0.10) - 2025/03/25 15:28:24 CET [2025/03/25 10:28:24 ET]
Table 'Aludra' 6-max Seat #1 is the button
Seat 1: TheSoulTaker666 ($21.37 in chips) 
Seat 2: acebob999 ($9.81 in chips) 
Seat 3: Mahu2021 ($7.51 in chips) 
Seat 4: shwozzer ($17.23 in chips) 
Seat 5: HakuBD ($38.52 in chips) 
Seat 6: putzkedudu ($15.03 in chips) 
acebob999: posts small blind $0.05
Mahu2021: posts big blind $0.10
*** HOLE CARDS ***
Dealt to Mahu2021 [2h Ts]
shwozzer: folds 
HakuBD: folds 
putzkedudu: folds 
TheSoulTaker666: folds 
acebob999: folds 
Uncalled bet ($0.05) returned to Mahu2021
Mahu2021 collected $0.10 from pot
Mahu2021: doesn't show hand 
*** SUMMARY ***
Total pot $0.10 | Rake $0 
Seat 1: TheSoulTaker666 (button) folded before Flop (didn't bet)
Seat 2: acebob999 (small blind) folded before Flop
Seat 3: Mahu2021 (big blind) collected ($0.10)
Seat 4: shwozzer folded before Flop (didn't bet)
Seat 5: HakuBD folded before Flop (didn't bet)
Seat 6: putzkedudu folded before Flop (didn't bet)



PokerStars Zoom Hand #255445835485:  Hold'em No Limit ($0.05/$0.10) - 2025/03/25 15:28:39 CET [2025/03/25 10:28:39 ET]
Table 'Aludra' 6-max Seat #1 is the button
Seat 1: J.A. Thelot ($10.61 in chips) 
Seat 2: prettika ($9.76 in chips) 
Seat 3: 7stanbul ($12.79 in chips) 
Seat 4: Mahu2021 ($7.56 in chips) 
Seat 5: Bornin10 ($12.65 in chips) 
Seat 6: jamasterg ($5.43 in chips) 
prettika: posts small blind $0.05
7stanbul: posts big blind $0.10
*** HOLE CARDS ***
Dealt to Mahu2021 [Jh 6s]
Mahu2021: folds 
Bornin10: raises $0.10 to $0.20
jamasterg: folds 
J.A. Thelot: folds 
prettika: calls $0.15
7stanbul: folds 
*** FLOP *** [7s Ac 4d]
prettika: checks 
Bornin10: checks 
*** TURN *** [7s Ac 4d] [9d]
prettika: checks 
Bornin10: checks 
*** RIVER *** [7s Ac 4d 9d] [9c]
prettika: checks 
Bornin10: checks 
*** SHOW DOWN ***
prettika: shows [Qd Kc] (a pair of Nines)
Bornin10: shows [Qh Kh] (a pair of Nines)
prettika collected $0.24 from pot
Bornin10 collected $0.24 from pot
*** SUMMARY ***
Total pot $0.50 | Rake $0.02 
Board [7s Ac 4d 9d 9c]
Seat 1: J.A. Thelot (button) folded before Flop (didn't bet)
Seat 2: prettika (small blind) showed [Qd Kc] and won ($0.24) with a pair of Nines
Seat 3: 7stanbul (big blind) folded before Flop
Seat 4: Mahu2021 folded before Flop (didn't bet)
Seat 5: Bornin10 showed [Qh Kh] and won ($0.24) with a pair of Nines
Seat 6: jamasterg folded before Flop (didn't bet)



PokerStars Zoom Hand #255445837031:  Hold'em No Limit ($0.05/$0.10) - 2025/03/25 15:28:48 CET [2025/03/25 10:28:48 ET]
Table 'Aludra' 6-max Seat #1 is the button
Seat 1: PovilasX ($16.64 in chips) 
Seat 2: Lim 2589 ($10.05 in chips) 
Seat 3: coolio1984 ($10 in chips) 
Seat 4: HakuBD ($38.52 in chips) 
Seat 5: Die8 ($10.39 in chips) 
Seat 6: Mahu2021 ($7.56 in chips) 
Lim 2589: posts small blind $0.05
coolio1984: posts big blind $0.10
*** HOLE CARDS ***
Dealt to Mahu2021 [Kc 4c]
HakuBD: folds 
Die8: folds 
Mahu2021: folds 
PovilasX: raises $0.15 to $0.25
Lim 2589: folds 
coolio1984: raises $0.85 to $1.10
PovilasX: folds 
Uncalled bet ($0.85) returned to coolio1984
coolio1984 collected $0.55 from pot
coolio1984: doesn't show hand 
*** SUMMARY ***
Total pot $0.55 | Rake $0 
Seat 1: PovilasX (button) folded before Flop
Seat 2: Lim 2589 (small blind) folded before Flop
Seat 3: coolio1984 (big blind) collected ($0.55)
Seat 4: HakuBD folded before Flop (didn't bet)
Seat 5: Die8 folded before Flop (didn't bet)
Seat 6: Mahu2021 folded before Flop (didn't bet)



PokerStars Zoom Hand #255445837737:  Hold'em No Limit ($0.05/$0.10) - 2025/03/25 15:28:52 CET [2025/03/25 10:28:52 ET]
Table 'Aludra' 6-max Seat #1 is the button
Seat 1: Smailodon ($2.65 in chips) 
Seat 2: Yuck0811 ($10.50 in chips) 
Seat 3: Mahu2021 ($7.56 in chips) 
Seat 4: Smdpair77 ($24.13 in chips) 
Seat 5: xjuaccox ($16.99 in chips) 
Seat 6: ZacMacD500 ($11.12 in chips) 
Yuck0811: posts small blind $0.05
Mahu2021: posts big blind $0.10
*** HOLE CARDS ***
Dealt to Mahu2021 [Ts 7d]
Smdpair77: folds 
xjuaccox: raises $0.15 to $0.25
ZacMacD500: calls $0.25
Smailodon: folds 
Yuck0811: folds 
Mahu2021: folds 
*** FLOP *** [2s Kd 6c]
xjuaccox: bets $0.16
ZacMacD500: folds 
Uncalled bet ($0.16) returned to xjuaccox
xjuaccox collected $0.62 from pot
xjuaccox: doesn't show hand 
*** SUMMARY ***
Total pot $0.65 | Rake $0.03 
Board [2s Kd 6c]
Seat 1: Smailodon (button) folded before Flop (didn't bet)
Seat 2: Yuck0811 (small blind) folded before Flop
Seat 3: Mahu2021 (big blind) folded before Flop
Seat 4: Smdpair77 folded before Flop (didn't bet)
Seat 5: xjuaccox collected ($0.62)
Seat 6: ZacMacD500 folded on the Flop



PokerStars Zoom Hand #255445822754:  Hold'em No Limit ($0.05/$0.10) - 2025/03/25 15:27:26 CET [2025/03/25 10:27:26 ET]
Table 'Aludra' 6-max Seat #1 is the button
Seat 1: Mahu2021 ($7.26 in chips) 
Seat 2: denis4250 ($5.55 in chips) 
Seat 3: v4valter88 ($11.05 in chips) 
Seat 4: PovilasX ($16.99 in chips) 
Seat 5: HakuBD ($38.52 in chips) 
Seat 6: ElDelfin38 ($10.13 in chips) 
denis4250: posts small blind $0.05
v4valter88: posts big blind $0.10
*** HOLE CARDS ***
Dealt to Mahu2021 [3h Qh]
PovilasX: folds 
HakuBD: folds 
ElDelfin38: raises $0.15 to $0.25
Mahu2021: folds 
denis4250: calls $0.20
v4valter88: raises $1.15 to $1.40
ElDelfin38: raises $1.60 to $3
denis4250: folds 
v4valter88: calls $1.60
*** FLOP *** [8s Jc Js]
v4valter88: checks 
ElDelfin38: checks 
*** TURN *** [8s Jc Js] [2h]
v4valter88: checks 
ElDelfin38: checks 
*** RIVER *** [8s Jc Js 2h] [Kh]
v4valter88: checks 
ElDelfin38: bets $1.47
v4valter88: folds 
Uncalled bet ($1.47) returned to ElDelfin38
ElDelfin38 collected $5.97 from pot
ElDelfin38: doesn't show hand 
*** SUMMARY ***
Total pot $6.25 | Rake $0.28 
Board [8s Jc Js 2h Kh]
Seat 1: Mahu2021 (button) folded before Flop (didn't bet)
Seat 2: denis4250 (small blind) folded before Flop
Seat 3: v4valter88 (big blind) folded on the River
Seat 4: PovilasX folded before Flop (didn't bet)
Seat 5: HakuBD folded before Flop (didn't bet)
Seat 6: ElDelfin38 collected ($5.97)



PokerStars Zoom Hand #255445838950:  Hold'em No Limit ($0.05/$0.10) - 2025/03/25 15:28:59 CET [2025/03/25 10:28:59 ET]
Table 'Aludra' 6-max Seat #1 is the button
Seat 1: argmfran ($9.75 in chips) 
Seat 2: Mahu2021 ($7.46 in chips) 
Seat 3: minieto01 ($6.45 in chips) 
Seat 4: putzkedudu ($14.40 in chips) 
Seat 5: TheSoulTaker666 ($21.27 in chips) 
Seat 6: acebob999 ($9.66 in chips) 
Mahu2021: posts small blind $0.05
minieto01: posts big blind $0.10
*** HOLE CARDS ***
Dealt to Mahu2021 [Jc 3s]
putzkedudu: folds 
TheSoulTaker666: folds 
acebob999: raises $0.10 to $0.20
argmfran: calls $0.20
Mahu2021: folds 
minieto01: calls $0.10
*** FLOP *** [6s 7c Ad]
minieto01: checks 
acebob999: bets $0.31
argmfran: folds 
minieto01: folds 
Uncalled bet ($0.31) returned to acebob999
acebob999 collected $0.62 from pot
acebob999: doesn't show hand 
*** SUMMARY ***
Total pot $0.65 | Rake $0.03 
Board [6s 7c Ad]
Seat 1: argmfran (button) folded on the Flop
Seat 2: Mahu2021 (small blind) folded before Flop
Seat 3: minieto01 (big blind) folded on the Flop
Seat 4: putzkedudu folded before Flop (didn't bet)
Seat 5: TheSoulTaker666 folded before Flop (didn't bet)
Seat 6: acebob999 collected ($0.62)



PokerStars Zoom Hand #255445836196:  Hold'em No Limit ($0.05/$0.10) - 2025/03/25 15:28:43 CET [2025/03/25 10:28:43 ET]
Table 'Aludra' 6-max Seat #1 is the button
Seat 1: Mahu2021 ($7.56 in chips) 
Seat 2: 4etkiu ($2.72 in chips) 
Seat 3: jamasterg ($5.43 in chips) 
Seat 4: corape ($4.74 in chips) 
Seat 5: Die8 ($13.38 in chips) 
Seat 6: Luffy V ($11.14 in chips) 
4etkiu: posts small blind $0.05
jamasterg: posts big blind $0.10
*** HOLE CARDS ***
Dealt to Mahu2021 [Ah 6d]
corape: folds 
Die8: folds 
Luffy V: raises $0.15 to $0.25
Mahu2021: folds 
4etkiu: folds 
jamasterg: calls $0.15
*** FLOP *** [Jc 5s Kc]
jamasterg: checks 
Luffy V: bets $0.17
jamasterg: calls $0.17
*** TURN *** [Jc 5s Kc] [8c]
jamasterg: bets $0.47
Luffy V: folds 
Uncalled bet ($0.47) returned to jamasterg
jamasterg collected $0.85 from pot
jamasterg: doesn't show hand 
*** SUMMARY ***
Total pot $0.89 | Rake $0.04 
Board [Jc 5s Kc 8c]
Seat 1: Mahu2021 (button) folded before Flop (didn't bet)
Seat 2: 4etkiu (small blind) folded before Flop
Seat 3: jamasterg (big blind) collected ($0.85)
Seat 4: corape folded before Flop (didn't bet)
Seat 5: Die8 folded before Flop (didn't bet)
Seat 6: Luffy V folded on the Turn



PokerStars Zoom Hand #255445832007:  Hold'em No Limit ($0.05/$0.10) - 2025/03/25 15:28:19 CET [2025/03/25 10:28:19 ET]
Table 'Aludra' 6-max Seat #1 is the button
Seat 1: HakuBD ($10 in chips) 
Seat 2: killerita67 ($25.71 in chips) 
Seat 3: tdedesgr ($11.16 in chips) 
Seat 4: Mahu2021 ($7.51 in chips) 
Seat 5: Sn1p3rBR ($12.60 in chips) 
Seat 6: alexisabos3 ($10.37 in chips) 
killerita67: posts small blind $0.05
tdedesgr: posts big blind $0.10
*** HOLE CARDS ***
Dealt to Mahu2021 [7d 9s]
Mahu2021: folds 
Sn1p3rBR: folds 
alexisabos3: raises $0.10 to $0.20
HakuBD: folds 
killerita67: folds 
tdedesgr: raises $0.75 to $0.95
alexisabos3: calls $0.75
*** FLOP *** [2d 4h 5s]
tdedesgr: bets $0.61
alexisabos3: calls $0.61
*** TURN *** [2d 4h 5s] [Jh]
tdedesgr: bets $1
alexisabos3: calls $1
*** RIVER *** [2d 4h 5s Jh] [3s]
tdedesgr: bets $2.47
alexisabos3: folds 
Uncalled bet ($2.47) returned to tdedesgr
tdedesgr collected $4.94 from pot
tdedesgr: doesn't show hand 
*** SUMMARY ***
Total pot $5.17 | Rake $0.23 
Board [2d 4h 5s Jh 3s]
Seat 1: HakuBD (button) folded before Flop (didn't bet)
Seat 2: killerita67 (small blind) folded before Flop
Seat 3: tdedesgr (big blind) collected ($4.94)
Seat 4: Mahu2021 folded before Flop (didn't bet)
Seat 5: Sn1p3rBR folded before Flop (didn't bet)
Seat 6: alexisabos3 folded on the River



PokerStars Zoom Hand #255445839632:  Hold'em No Limit ($0.05/$0.10) - 2025/03/25 15:29:03 CET [2025/03/25 10:29:03 ET]
Table 'Aludra' 6-max Seat #1 is the button
Seat 1: Mahu2021 ($7.41 in chips) 
Seat 2: lefgr1 ($36.17 in chips) 
Seat 3: Smdpair77 ($24.13 in chips) 
Seat 4: ciceron86 ($19.30 in chips) 
Seat 5: HakuBD ($10 in chips) 
Seat 6: Lim 2589 ($15.60 in chips) 
lefgr1: posts small blind $0.05
Smdpair77: posts big blind $0.10
*** HOLE CARDS ***
Dealt to Mahu2021 [7c 8c]
ciceron86: raises $0.15 to $0.25
HakuBD: calls $0.25
Lim 2589: folds 
Mahu2021: calls $0.25
lefgr1: folds 
Smdpair77: calls $0.15
*** FLOP *** [Kc 6h 9s]
Smdpair77: checks 
ciceron86: checks 
HakuBD: checks 
Mahu2021: bets $2
Smdpair77: calls $2
ciceron86: folds 
HakuBD: folds 
*** TURN *** [Kc 6h 9s] [3d]
Smdpair77: checks 
Mahu2021: checks 
*** RIVER *** [Kc 6h 9s 3d] [3h]
Smdpair77: checks 
Mahu2021: checks 
*** SHOW DOWN ***
Smdpair77: shows [9c As] (two pair, Nines and Threes)
Mahu2021: mucks hand 
Smdpair77 collected $4.82 from pot
*** SUMMARY ***
Total pot $5.05 | Rake $0.23 
Board [Kc 6h 9s 3d 3h]
Seat 1: Mahu2021 (button) mucked [7c 8c]
Seat 2: lefgr1 (small blind) folded before Flop
Seat 3: Smdpair77 (big blind) showed [9c As] and won ($4.82) with two pair, Nines and Threes
Seat 4: ciceron86 folded on the Flop
Seat 5: HakuBD folded on the Flop
Seat 6: Lim 2589 folded before Flop (didn't bet)



