PokerStars Zoom Hand #255646721598:  Hold'em No Limit ($0.05/$0.10) - 2025/04/08 16:40:25 CET [2025/04/08 10:40:25 ET]
Table 'Aludra' 6-max Seat #1 is the button
Seat 1: Dutta666 ($10.82 in chips) 
Seat 2: MatuKovac ($12.56 in chips) 
Seat 3: A_Rommel ($21.42 in chips) 
Seat 4: GambledoreV ($13.93 in chips) 
Seat 5: Luffy V ($10.05 in chips) 
Seat 6: Mahu2021 ($9.85 in chips) 
MatuKovac: posts small blind $0.05
A_Rommel: posts big blind $0.10
*** HOLE CARDS ***
Dealt to Mahu2021 [Ts 5d]
GambledoreV: folds 
Luffy V: folds 
Mahu2021: folds 
Dutta666: folds 
MatuKovac: folds 
Uncalled bet ($0.05) returned to A_Rommel
A_Rommel collected $0.10 from pot
A_Rommel: doesn't show hand 
*** SUMMARY ***
Total pot $0.10 | Rake $0 
Seat 1: Dutta666 (button) folded before Flop (didn't bet)
Seat 2: MatuKovac (small blind) folded before Flop
Seat 3: A_Rommel (big blind) collected ($0.10)
Seat 4: GambledoreV folded before Flop (didn't bet)
Seat 5: Luffy V folded before Flop (didn't bet)
Seat 6: Mahu2021 folded before Flop (didn't bet)



PokerStars Zoom Hand #255646722368:  Hold'em No Limit ($0.05/$0.10) - 2025/04/08 16:40:29 CET [2025/04/08 10:40:29 ET]
Table 'Aludra' 6-max Seat #1 is the button
Seat 1: SevenDeuceSSuit ($17.54 in chips) 
Seat 2: denis4250 ($5.97 in chips) 
Seat 3: Mahu2021 ($9.85 in chips) 
Seat 4: Baratrum777 ($12 in chips) 
Seat 5: ioioasd123 ($10.24 in chips) 
Seat 6: jenshgj ($14.17 in chips) 
denis4250: posts small blind $0.05
Mahu2021: posts big blind $0.10
*** HOLE CARDS ***
Dealt to Mahu2021 [6s 4s]
Baratrum777: folds 
ioioasd123: folds 
jenshgj: folds 
SevenDeuceSSuit: folds 
denis4250: folds 
Uncalled bet ($0.05) returned to Mahu2021
Mahu2021 collected $0.10 from pot
Mahu2021: doesn't show hand 
*** SUMMARY ***
Total pot $0.10 | Rake $0 
Seat 1: SevenDeuceSSuit (button) folded before Flop (didn't bet)
Seat 2: denis4250 (small blind) folded before Flop
Seat 3: Mahu2021 (big blind) collected ($0.10)
Seat 4: Baratrum777 folded before Flop (didn't bet)
Seat 5: ioioasd123 folded before Flop (didn't bet)
Seat 6: jenshgj folded before Flop (didn't bet)



PokerStars Zoom Hand #255646720895:  Hold'em No Limit ($0.05/$0.10) - 2025/04/08 16:40:21 CET [2025/04/08 10:40:21 ET]
Table 'Aludra' 6-max Seat #1 is the button
Seat 1: Matzet1ka ($10.22 in chips) 
Seat 2: Mahu2021 ($9.90 in chips) 
Seat 3: bloodedesert ($10.10 in chips) 
Seat 4: augtoth ($14.10 in chips) 
Seat 5: GambledoreV ($13.93 in chips) 
Seat 6: hogatto3 ($42.30 in chips) 
Mahu2021: posts small blind $0.05
bloodedesert: posts big blind $0.10
*** HOLE CARDS ***
Dealt to Mahu2021 [7c 2s]
augtoth: folds 
GambledoreV: folds 
hogatto3: folds 
Matzet1ka: raises $0.15 to $0.25
Mahu2021: folds 
bloodedesert: raises $0.95 to $1.20
Matzet1ka: folds 
Uncalled bet ($0.95) returned to bloodedesert
bloodedesert collected $0.55 from pot
bloodedesert: doesn't show hand 
*** SUMMARY ***
Total pot $0.55 | Rake $0 
Seat 1: Matzet1ka (button) folded before Flop
Seat 2: Mahu2021 (small blind) folded before Flop
Seat 3: bloodedesert (big blind) collected ($0.55)
Seat 4: augtoth folded before Flop (didn't bet)
Seat 5: GambledoreV folded before Flop (didn't bet)
Seat 6: hogatto3 folded before Flop (didn't bet)



PokerStars Zoom Hand #255646718035:  Hold'em No Limit ($0.05/$0.10) - 2025/04/08 16:40:05 CET [2025/04/08 10:40:05 ET]
Table 'Aludra' 6-max Seat #1 is the button
Seat 1: Die8 ($14.33 in chips) 
Seat 2: Sn1p3rBR ($13.08 in chips) 
Seat 3: Mahu2021 ($10 in chips) 
Seat 4: BluffsLord ($10 in chips) 
Seat 5: jenshgj ($36.93 in chips) 
Seat 6: StrongMercedes ($12.66 in chips) 
Sn1p3rBR: posts small blind $0.05
Mahu2021: posts big blind $0.10
*** HOLE CARDS ***
Dealt to Mahu2021 [6h Th]
BluffsLord: folds 
jenshgj: raises $0.10 to $0.20
StrongMercedes: folds 
Die8: raises $0.50 to $0.70
Sn1p3rBR: folds 
Mahu2021: folds 
jenshgj: calls $0.50
*** FLOP *** [Jh 2c 2h]
jenshgj: checks 
Die8: checks 
*** TURN *** [Jh 2c 2h] [Jd]
jenshgj: checks 
Die8: bets $0.99
jenshgj: folds 
Uncalled bet ($0.99) returned to Die8
Die8 collected $1.48 from pot
Die8: doesn't show hand 
*** SUMMARY ***
Total pot $1.55 | Rake $0.07 
Board [Jh 2c 2h Jd]
Seat 1: Die8 (button) collected ($1.48)
Seat 2: Sn1p3rBR (small blind) folded before Flop
Seat 3: Mahu2021 (big blind) folded before Flop
Seat 4: BluffsLord folded before Flop (didn't bet)
Seat 5: jenshgj folded on the Turn
Seat 6: StrongMercedes folded before Flop (didn't bet)



PokerStars Zoom Hand #255646723704:  Hold'em No Limit ($0.05/$0.10) - 2025/04/08 16:40:36 CET [2025/04/08 10:40:36 ET]
Table 'Aludra' 6-max Seat #1 is the button
Seat 1: Mahu2021 ($9.90 in chips) 
Seat 2: raik611 ($10 in chips) 
Seat 3: AceWise ($11.27 in chips) 
Seat 4: StrongMercedes ($12.71 in chips) 
Seat 5: MatuKovac ($12.51 in chips) 
Seat 6: Luffy V ($10 in chips) 
raik611: posts small blind $0.05
AceWise: posts big blind $0.10
*** HOLE CARDS ***
Dealt to Mahu2021 [Kh Ah]
StrongMercedes: folds 
MatuKovac: folds 
Luffy V: folds 
Mahu2021: raises $0.20 to $0.30
raik611: folds 
AceWise: folds 
Uncalled bet ($0.20) returned to Mahu2021
Mahu2021 collected $0.25 from pot
Mahu2021: doesn't show hand 
*** SUMMARY ***
Total pot $0.25 | Rake $0 
Seat 1: Mahu2021 (button) collected ($0.25)
Seat 2: raik611 (small blind) folded before Flop
Seat 3: AceWise (big blind) folded before Flop
Seat 4: StrongMercedes folded before Flop (didn't bet)
Seat 5: MatuKovac folded before Flop (didn't bet)
Seat 6: Luffy V folded before Flop (didn't bet)



PokerStars Zoom Hand #255646726361:  Hold'em No Limit ($0.05/$0.10) - 2025/04/08 16:40:51 CET [2025/04/08 10:40:51 ET]
Table 'Aludra' 6-max Seat #1 is the button
Seat 1: Mahu2021 ($10.05 in chips) 
Seat 2: AceWise ($13.66 in chips) 
Seat 3: GSKG987 ($10 in chips) 
Seat 4: v4valter88 ($10.96 in chips) 
Seat 5: hogatto3 ($20.04 in chips) 
Seat 6: Matzet1ka ($10 in chips) 
AceWise: posts small blind $0.05
GSKG987: posts big blind $0.10
*** HOLE CARDS ***
Dealt to Mahu2021 [Jh 9s]
v4valter88: folds 
hogatto3: folds 
Matzet1ka: folds 
Mahu2021: folds 
AceWise: folds 
Uncalled bet ($0.05) returned to GSKG987
GSKG987 collected $0.10 from pot
GSKG987: doesn't show hand 
*** SUMMARY ***
Total pot $0.10 | Rake $0 
Seat 1: Mahu2021 (button) folded before Flop (didn't bet)
Seat 2: AceWise (small blind) folded before Flop
Seat 3: GSKG987 (big blind) collected ($0.10)
Seat 4: v4valter88 folded before Flop (didn't bet)
Seat 5: hogatto3 folded before Flop (didn't bet)
Seat 6: Matzet1ka folded before Flop (didn't bet)



PokerStars Zoom Hand #255646727242:  Hold'em No Limit ($0.05/$0.10) - 2025/04/08 16:40:56 CET [2025/04/08 10:40:56 ET]
Table 'Aludra' 6-max Seat #1 is the button
Seat 1: StrongMercedes ($12.66 in chips) 
Seat 2: Mahu2021 ($10.05 in chips) 
Seat 3: arongraham100 ($14.51 in chips) 
Seat 4: Swiss_Delight ($10.66 in chips) 
Seat 5: Tanimotc ($6.28 in chips) 
Seat 6: hogatto3 ($20.04 in chips) 
Mahu2021: posts small blind $0.05
arongraham100: posts big blind $0.10
*** HOLE CARDS ***
Dealt to Mahu2021 [Jc Qh]
Swiss_Delight: folds 
Tanimotc: folds 
hogatto3: folds 
StrongMercedes: folds 
Mahu2021: raises $0.20 to $0.30
arongraham100: folds 
Uncalled bet ($0.20) returned to Mahu2021
Mahu2021 collected $0.20 from pot
Mahu2021: doesn't show hand 
*** SUMMARY ***
Total pot $0.20 | Rake $0 
Seat 1: StrongMercedes (button) folded before Flop (didn't bet)
Seat 2: Mahu2021 (small blind) collected ($0.20)
Seat 3: arongraham100 (big blind) folded before Flop
Seat 4: Swiss_Delight folded before Flop (didn't bet)
Seat 5: Tanimotc folded before Flop (didn't bet)
Seat 6: hogatto3 folded before Flop (didn't bet)



PokerStars Zoom Hand #255646729438:  Hold'em No Limit ($0.05/$0.10) - 2025/04/08 16:41:08 CET [2025/04/08 10:41:08 ET]
Table 'Aludra' 6-max Seat #1 is the button
Seat 1: akeno1987 ($14.92 in chips) 
Seat 2: Baratrum777 ($11.95 in chips) 
Seat 3: keirin459 ($10.89 in chips) 
Seat 4: dsanchez11 ($16.23 in chips) 
Seat 5: Mahu2021 ($10.15 in chips) 
Seat 6: grekozeus ($5.52 in chips) 
Baratrum777: posts small blind $0.05
keirin459: posts big blind $0.10
*** HOLE CARDS ***
Dealt to Mahu2021 [5h Th]
dsanchez11: folds 
Mahu2021: folds 
grekozeus: folds 
akeno1987: folds 
Baratrum777: folds 
Uncalled bet ($0.05) returned to keirin459
keirin459 collected $0.10 from pot
keirin459: doesn't show hand 
*** SUMMARY ***
Total pot $0.10 | Rake $0 
Seat 1: akeno1987 (button) folded before Flop (didn't bet)
Seat 2: Baratrum777 (small blind) folded before Flop
Seat 3: keirin459 (big blind) collected ($0.10)
Seat 4: dsanchez11 folded before Flop (didn't bet)
Seat 5: Mahu2021 folded before Flop (didn't bet)
Seat 6: grekozeus folded before Flop (didn't bet)



PokerStars Zoom Hand #255646731914:  Hold'em No Limit ($0.05/$0.10) - 2025/04/08 16:41:22 CET [2025/04/08 10:41:22 ET]
Table 'Aludra' 6-max Seat #1 is the button
Seat 1: hogatto3 ($20.04 in chips) 
Seat 2: keirin459 ($10.94 in chips) 
Seat 3: Mahu2021 ($10.15 in chips) 
Seat 4: 15lawrencea ($16.57 in chips) 
Seat 5: dsanchez11 ($13.97 in chips) 
Seat 6: augtoth ($12.38 in chips) 
keirin459: posts small blind $0.05
Mahu2021: posts big blind $0.10
*** HOLE CARDS ***
Dealt to Mahu2021 [Js 8d]
15lawrencea: folds 
dsanchez11: folds 
augtoth: folds 
hogatto3: folds 
keirin459: folds 
Uncalled bet ($0.05) returned to Mahu2021
Mahu2021 collected $0.10 from pot
Mahu2021: doesn't show hand 
*** SUMMARY ***
Total pot $0.10 | Rake $0 
Seat 1: hogatto3 (button) folded before Flop (didn't bet)
Seat 2: keirin459 (small blind) folded before Flop
Seat 3: Mahu2021 (big blind) collected ($0.10)
Seat 4: 15lawrencea folded before Flop (didn't bet)
Seat 5: dsanchez11 folded before Flop (didn't bet)
Seat 6: augtoth folded before Flop (didn't bet)



PokerStars Zoom Hand #255646730628:  Hold'em No Limit ($0.05/$0.10) - 2025/04/08 16:41:14 CET [2025/04/08 10:41:14 ET]
Table 'Aludra' 6-max Seat #1 is the button
Seat 1: aki52857 ($11.32 in chips) 
Seat 2: niallC1234 ($3.79 in chips) 
Seat 3: Die8 ($16.31 in chips) 
Seat 4: willpea2 ($17.25 in chips) 
Seat 5: Mahu2021 ($10.15 in chips) 
Seat 6: arongraham100 ($9.61 in chips) 
niallC1234: posts small blind $0.05
Die8: posts big blind $0.10
*** HOLE CARDS ***
Dealt to Mahu2021 [9h 6s]
willpea2: folds 
Mahu2021: folds 
arongraham100: folds 
aki52857: folds 
niallC1234: raises $0.20 to $0.30
Die8: folds 
Uncalled bet ($0.20) returned to niallC1234
niallC1234 collected $0.20 from pot
niallC1234: doesn't show hand 
*** SUMMARY ***
Total pot $0.20 | Rake $0 
Seat 1: aki52857 (button) folded before Flop (didn't bet)
Seat 2: niallC1234 (small blind) collected ($0.20)
Seat 3: Die8 (big blind) folded before Flop
Seat 4: willpea2 folded before Flop (didn't bet)
Seat 5: Mahu2021 folded before Flop (didn't bet)
Seat 6: arongraham100 folded before Flop (didn't bet)



PokerStars Zoom Hand #255646730142:  Hold'em No Limit ($0.05/$0.10) - 2025/04/08 16:41:12 CET [2025/04/08 10:41:12 ET]
Table 'Aludra' 6-max Seat #1 is the button
Seat 1: StrongMercedes ($10.15 in chips) 
Seat 2: raik611 ($10 in chips) 
Seat 3: Swiss_Delight ($10.61 in chips) 
Seat 4: Ktjiing ($9.79 in chips) 
Seat 5: dsanchez11 ($13.97 in chips) 
Seat 6: Mahu2021 ($10.15 in chips) 
raik611: posts small blind $0.05
Swiss_Delight: posts big blind $0.10
*** HOLE CARDS ***
Dealt to Mahu2021 [3d 7s]
Ktjiing: folds 
dsanchez11: folds 
Mahu2021: folds 
StrongMercedes: folds 
raik611: raises $0.20 to $0.30
Swiss_Delight: folds 
Uncalled bet ($0.20) returned to raik611
raik611 collected $0.20 from pot
raik611: doesn't show hand 
*** SUMMARY ***
Total pot $0.20 | Rake $0 
Seat 1: StrongMercedes (button) folded before Flop (didn't bet)
Seat 2: raik611 (small blind) collected ($0.20)
Seat 3: Swiss_Delight (big blind) folded before Flop
Seat 4: Ktjiing folded before Flop (didn't bet)
Seat 5: dsanchez11 folded before Flop (didn't bet)
Seat 6: Mahu2021 folded before Flop (didn't bet)



PokerStars Zoom Hand #255646735401:  Hold'em No Limit ($0.05/$0.10) - 2025/04/08 16:41:41 CET [2025/04/08 10:41:41 ET]
Table 'Aludra' 6-max Seat #1 is the button
Seat 1: patopatan999 ($10 in chips) 
Seat 2: I_am_Carlinho ($17.85 in chips) 
Seat 3: keirin459 ($10.46 in chips) 
Seat 4: Swiss_Delight ($10.51 in chips) 
Seat 5: umdolasieja ($10.15 in chips) 
Seat 6: Mahu2021 ($10.15 in chips) 
I_am_Carlinho: posts small blind $0.05
keirin459: posts big blind $0.10
*** HOLE CARDS ***
Dealt to Mahu2021 [3d 5c]
Swiss_Delight: folds 
umdolasieja: folds 
Mahu2021: folds 
patopatan999: folds 
I_am_Carlinho: folds 
Uncalled bet ($0.05) returned to keirin459
keirin459 collected $0.10 from pot
keirin459: doesn't show hand 
*** SUMMARY ***
Total pot $0.10 | Rake $0 
Seat 1: patopatan999 (button) folded before Flop (didn't bet)
Seat 2: I_am_Carlinho (small blind) folded before Flop
Seat 3: keirin459 (big blind) collected ($0.10)
Seat 4: Swiss_Delight folded before Flop (didn't bet)
Seat 5: umdolasieja folded before Flop (didn't bet)
Seat 6: Mahu2021 folded before Flop (didn't bet)



PokerStars Zoom Hand #255646736834:  Hold'em No Limit ($0.05/$0.10) - 2025/04/08 16:41:49 CET [2025/04/08 10:41:49 ET]
Table 'Aludra' 6-max Seat #1 is the button
Seat 1: Rafael lig ($12.90 in chips) 
Seat 2: 15lawrencea ($42.21 in chips) 
Seat 3: GambledoreV ($13.58 in chips) 
Seat 4: Mahu2021 ($10.15 in chips) 
Seat 5: Luffy V ($10 in chips) 
Seat 6: downsynjerome ($15.53 in chips) 
15lawrencea: posts small blind $0.05
GambledoreV: posts big blind $0.10
*** HOLE CARDS ***
Dealt to Mahu2021 [Qs 9c]
Mahu2021: folds 
Luffy V: raises $0.15 to $0.25
downsynjerome: folds 
Rafael lig: folds 
15lawrencea: folds 
GambledoreV: folds 
Uncalled bet ($0.15) returned to Luffy V
Luffy V collected $0.25 from pot
Luffy V: doesn't show hand 
*** SUMMARY ***
Total pot $0.25 | Rake $0 
Seat 1: Rafael lig (button) folded before Flop (didn't bet)
Seat 2: 15lawrencea (small blind) folded before Flop
Seat 3: GambledoreV (big blind) folded before Flop
Seat 4: Mahu2021 folded before Flop (didn't bet)
Seat 5: Luffy V collected ($0.25)
Seat 6: downsynjerome folded before Flop (didn't bet)



PokerStars Zoom Hand #255646736284:  Hold'em No Limit ($0.05/$0.10) - 2025/04/08 16:41:46 CET [2025/04/08 10:41:46 ET]
Table 'Aludra' 6-max Seat #1 is the button
Seat 1: Mallardz ($14.06 in chips) 
Seat 2: hogatto3 ($12.08 in chips) 
Seat 3: prettika ($12.42 in chips) 
Seat 4: Hokazono Iroha ($16.36 in chips) 
Seat 5: Mahu2021 ($10.15 in chips) 
Seat 6: denis4250 ($6.42 in chips) 
hogatto3: posts small blind $0.05
prettika: posts big blind $0.10
*** HOLE CARDS ***
Dealt to Mahu2021 [3s Qh]
Hokazono Iroha: folds 
Mahu2021: folds 
denis4250: folds 
Mallardz: raises $0.15 to $0.25
hogatto3: folds 
prettika: folds 
Uncalled bet ($0.15) returned to Mallardz
Mallardz collected $0.25 from pot
Mallardz: doesn't show hand 
*** SUMMARY ***
Total pot $0.25 | Rake $0 
Seat 1: Mallardz (button) collected ($0.25)
Seat 2: hogatto3 (small blind) folded before Flop
Seat 3: prettika (big blind) folded before Flop
Seat 4: Hokazono Iroha folded before Flop (didn't bet)
Seat 5: Mahu2021 folded before Flop (didn't bet)
Seat 6: denis4250 folded before Flop (didn't bet)



PokerStars Zoom Hand #255646734489:  Hold'em No Limit ($0.05/$0.10) - 2025/04/08 16:41:36 CET [2025/04/08 10:41:36 ET]
Table 'Aludra' 6-max Seat #1 is the button
Seat 1: umdolasieja ($20.15 in chips) 
Seat 2: Tanimotc ($6.43 in chips) 
Seat 3: WoozyFace ($9.65 in chips) 
Seat 4: Mahu2021 ($10.15 in chips) 
Seat 5: Hokazono Iroha ($16.36 in chips) 
Seat 6: Sn1p3rBR ($12.88 in chips) 
Tanimotc: posts small blind $0.05
WoozyFace: posts big blind $0.10
*** HOLE CARDS ***
Dealt to Mahu2021 [7d As]
Mahu2021: folds 
Hokazono Iroha: folds 
Sn1p3rBR: raises $0.12 to $0.22
umdolasieja: folds 
Tanimotc: folds 
WoozyFace: folds 
Uncalled bet ($0.12) returned to Sn1p3rBR
Sn1p3rBR collected $0.25 from pot
Sn1p3rBR: doesn't show hand 
*** SUMMARY ***
Total pot $0.25 | Rake $0 
Seat 1: umdolasieja (button) folded before Flop (didn't bet)
Seat 2: Tanimotc (small blind) folded before Flop
Seat 3: WoozyFace (big blind) folded before Flop
Seat 4: Mahu2021 folded before Flop (didn't bet)
Seat 5: Hokazono Iroha folded before Flop (didn't bet)
Seat 6: Sn1p3rBR collected ($0.25)



PokerStars Zoom Hand #255646731257:  Hold'em No Limit ($0.05/$0.10) - 2025/04/08 16:41:18 CET [2025/04/08 10:41:18 ET]
Table 'Aludra' 6-max Seat #1 is the button
Seat 1: Mahu2021 ($10.15 in chips) 
Seat 2: Baratrum777 ($10.40 in chips) 
Seat 3: citizen6e ($10 in chips) 
Seat 4: keirin459 ($10.94 in chips) 
Seat 5: GODR2 ($10 in chips) 
Seat 6: v4valter88 ($11.65 in chips) 
Baratrum777: posts small blind $0.05
citizen6e: posts big blind $0.10
*** HOLE CARDS ***
Dealt to Mahu2021 [3d Td]
keirin459: folds 
GODR2: folds 
v4valter88: folds 
Mahu2021: folds 
Baratrum777: raises $0.20 to $0.30
citizen6e: calls $0.20
*** FLOP *** [3c Ks Jh]
Baratrum777: checks 
citizen6e: checks 
*** TURN *** [3c Ks Jh] [Kd]
Baratrum777: checks 
citizen6e: bets $0.40
Baratrum777: folds 
Uncalled bet ($0.40) returned to citizen6e
citizen6e collected $0.57 from pot
citizen6e: doesn't show hand 
*** SUMMARY ***
Total pot $0.60 | Rake $0.03 
Board [3c Ks Jh Kd]
Seat 1: Mahu2021 (button) folded before Flop (didn't bet)
Seat 2: Baratrum777 (small blind) folded on the Turn
Seat 3: citizen6e (big blind) collected ($0.57)
Seat 4: keirin459 folded before Flop (didn't bet)
Seat 5: GODR2 folded before Flop (didn't bet)
Seat 6: v4valter88 folded before Flop (didn't bet)



PokerStars Zoom Hand #255646737382:  Hold'em No Limit ($0.05/$0.10) - 2025/04/08 16:41:52 CET [2025/04/08 10:41:52 ET]
Table 'Aludra' 6-max Seat #1 is the button
Seat 1: Glaucou ($19.28 in chips) 
Seat 2: citizen6e ($10 in chips) 
Seat 3: StrongMercedes ($10.50 in chips) 
Seat 4: Mahu2021 ($10.15 in chips) 
Seat 5: hogatto3 ($20.04 in chips) 
Seat 6: umdolasieja ($10.15 in chips) 
citizen6e: posts small blind $0.05
StrongMercedes: posts big blind $0.10
*** HOLE CARDS ***
Dealt to Mahu2021 [4c 4s]
Mahu2021: raises $0.15 to $0.25
hogatto3: folds 
umdolasieja: folds 
Glaucou: folds 
citizen6e: folds 
StrongMercedes: folds 
Uncalled bet ($0.15) returned to Mahu2021
Mahu2021 collected $0.25 from pot
Mahu2021: doesn't show hand 
*** SUMMARY ***
Total pot $0.25 | Rake $0 
Seat 1: Glaucou (button) folded before Flop (didn't bet)
Seat 2: citizen6e (small blind) folded before Flop
Seat 3: StrongMercedes (big blind) folded before Flop
Seat 4: Mahu2021 collected ($0.25)
Seat 5: hogatto3 folded before Flop (didn't bet)
Seat 6: umdolasieja folded before Flop (didn't bet)



PokerStars Zoom Hand #255646733579:  Hold'em No Limit ($0.05/$0.10) - 2025/04/08 16:41:31 CET [2025/04/08 10:41:31 ET]
Table 'Aludra' 6-max Seat #1 is the button
Seat 1: luckyviale ($12.66 in chips) 
Seat 2: Mahu2021 ($10.20 in chips) 
Seat 3: serotonine91 ($11.74 in chips) 
Seat 4: v4valter88 ($11.65 in chips) 
Seat 5: Luffy V ($12.01 in chips) 
Seat 6: hogatto3 ($12.08 in chips) 
Mahu2021: posts small blind $0.05
serotonine91: posts big blind $0.10
*** HOLE CARDS ***
Dealt to Mahu2021 [9d 5c]
v4valter88: folds 
Luffy V: raises $0.15 to $0.25
hogatto3: folds 
luckyviale: calls $0.25
Mahu2021: folds 
serotonine91: folds 
*** FLOP *** [5d Js 7d]
Luffy V: checks 
luckyviale: checks 
*** TURN *** [5d Js 7d] [6d]
Luffy V: bets $0.47
luckyviale: folds 
Uncalled bet ($0.47) returned to Luffy V
Luffy V collected $0.62 from pot
Luffy V: doesn't show hand 
*** SUMMARY ***
Total pot $0.65 | Rake $0.03 
Board [5d Js 7d 6d]
Seat 1: luckyviale (button) folded on the Turn
Seat 2: Mahu2021 (small blind) folded before Flop
Seat 3: serotonine91 (big blind) folded before Flop
Seat 4: v4valter88 folded before Flop (didn't bet)
Seat 5: Luffy V collected ($0.62)
Seat 6: hogatto3 folded before Flop (didn't bet)



PokerStars Zoom Hand #255646740619:  Hold'em No Limit ($0.05/$0.10) - 2025/04/08 16:42:10 CET [2025/04/08 10:42:10 ET]
Table 'Aludra' 6-max Seat #1 is the button
Seat 1: Frankenjura ($12.74 in chips) 
Seat 2: mickmoe ($3.71 in chips) 
Seat 3: Mahu2021 ($10.30 in chips) 
Seat 4: hogatto3 ($41.55 in chips) 
Seat 5: Baratrum777 ($10 in chips) 
Seat 6: jenshgj ($14.12 in chips) 
mickmoe: posts small blind $0.05
Mahu2021: posts big blind $0.10
*** HOLE CARDS ***
Dealt to Mahu2021 [2s 5s]
hogatto3: raises $0.12 to $0.22
Baratrum777: folds 
jenshgj: calls $0.22
Frankenjura: folds 
mickmoe: folds 
Mahu2021: folds 
*** FLOP *** [2h Ac 3c]
hogatto3: bets $0.18
jenshgj: calls $0.18
*** TURN *** [2h Ac 3c] [2d]
hogatto3: checks 
jenshgj: checks 
*** RIVER *** [2h Ac 3c 2d] [Jc]
hogatto3: checks 
jenshgj: checks 
*** SHOW DOWN ***
hogatto3: shows [Qh Jd] (two pair, Jacks and Deuces)
jenshgj: mucks hand 
hogatto3 collected $0.91 from pot
*** SUMMARY ***
Total pot $0.95 | Rake $0.04 
Board [2h Ac 3c 2d Jc]
Seat 1: Frankenjura (button) folded before Flop (didn't bet)
Seat 2: mickmoe (small blind) folded before Flop
Seat 3: Mahu2021 (big blind) folded before Flop
Seat 4: hogatto3 showed [Qh Jd] and won ($0.91) with two pair, Jacks and Deuces
Seat 5: Baratrum777 folded before Flop (didn't bet)
Seat 6: jenshgj mucked [4h 4s]



PokerStars Zoom Hand #255646742715:  Hold'em No Limit ($0.05/$0.10) - 2025/04/08 16:42:22 CET [2025/04/08 10:42:22 ET]
Table 'Aludra' 6-max Seat #1 is the button
Seat 1: augtoth ($13.98 in chips) 
Seat 2: Mahu2021 ($10.20 in chips) 
Seat 3: WoozyFace ($9.10 in chips) 
Seat 4: Orstednyan ($12.15 in chips) 
Seat 5: putzkedudu ($10 in chips) 
Seat 6: bloodedesert ($13.97 in chips) 
Mahu2021: posts small blind $0.05
WoozyFace: posts big blind $0.10
*** HOLE CARDS ***
Dealt to Mahu2021 [7s As]
Orstednyan: folds 
putzkedudu: raises $0.10 to $0.20
bloodedesert: folds 
augtoth: raises $0.45 to $0.65
Mahu2021: calls $0.60
WoozyFace: raises $2.15 to $2.80
putzkedudu: folds 
augtoth: folds 
Mahu2021: folds 
Uncalled bet ($2.15) returned to WoozyFace
WoozyFace collected $2.15 from pot
WoozyFace: doesn't show hand 
*** SUMMARY ***
Total pot $2.15 | Rake $0 
Seat 1: augtoth (button) folded before Flop
Seat 2: Mahu2021 (small blind) folded before Flop
Seat 3: WoozyFace (big blind) collected ($2.15)
Seat 4: Orstednyan folded before Flop (didn't bet)
Seat 5: putzkedudu folded before Flop
Seat 6: bloodedesert folded before Flop (didn't bet)



PokerStars Zoom Hand #255646749886:  Hold'em No Limit ($0.05/$0.10) - 2025/04/08 16:43:02 CET [2025/04/08 10:43:02 ET]
Table 'Aludra' 6-max Seat #1 is the button
Seat 1: Mahu2021 ($9.55 in chips) 
Seat 2: keirin459 ($10.76 in chips) 
Seat 3: bloodedesert ($13.50 in chips) 
Seat 4: AceWise ($12.92 in chips) 
Seat 5: Luffy V ($10.46 in chips) 
Seat 6: StrongMercedes ($10 in chips) 
keirin459: posts small blind $0.05
bloodedesert: posts big blind $0.10
*** HOLE CARDS ***
Dealt to Mahu2021 [Ah 3c]
AceWise: folds 
Luffy V: folds 
StrongMercedes: folds 
Mahu2021: folds 
keirin459: folds 
Uncalled bet ($0.05) returned to bloodedesert
bloodedesert collected $0.10 from pot
bloodedesert: doesn't show hand 
*** SUMMARY ***
Total pot $0.10 | Rake $0 
Seat 1: Mahu2021 (button) folded before Flop (didn't bet)
Seat 2: keirin459 (small blind) folded before Flop
Seat 3: bloodedesert (big blind) collected ($0.10)
Seat 4: AceWise folded before Flop (didn't bet)
Seat 5: Luffy V folded before Flop (didn't bet)
Seat 6: StrongMercedes folded before Flop (didn't bet)



PokerStars Zoom Hand #255646751120:  Hold'em No Limit ($0.05/$0.10) - 2025/04/08 16:43:09 CET [2025/04/08 10:43:09 ET]
Table 'Aludra' 6-max Seat #1 is the button
Seat 1: adelcio70 ($8.54 in chips) 
Seat 2: arongraham100 ($12.71 in chips) 
Seat 3: Mahu2021 ($9.55 in chips) 
Seat 4: hogatto3 ($19.79 in chips) 
Seat 5: willpea2 ($14.67 in chips) 
Seat 6: Luffy V ($10.43 in chips) 
arongraham100: posts small blind $0.05
Mahu2021: posts big blind $0.10
*** HOLE CARDS ***
Dealt to Mahu2021 [3h 9d]
hogatto3: folds 
willpea2: folds 
Luffy V: raises $0.15 to $0.25
adelcio70: folds 
arongraham100: folds 
Mahu2021: folds 
Uncalled bet ($0.15) returned to Luffy V
Luffy V collected $0.25 from pot
Luffy V: doesn't show hand 
*** SUMMARY ***
Total pot $0.25 | Rake $0 
Seat 1: adelcio70 (button) folded before Flop (didn't bet)
Seat 2: arongraham100 (small blind) folded before Flop
Seat 3: Mahu2021 (big blind) folded before Flop
Seat 4: hogatto3 folded before Flop (didn't bet)
Seat 5: willpea2 folded before Flop (didn't bet)
Seat 6: Luffy V collected ($0.25)



PokerStars Zoom Hand #255646750518:  Hold'em No Limit ($0.05/$0.10) - 2025/04/08 16:43:06 CET [2025/04/08 10:43:06 ET]
Table 'Aludra' 6-max Seat #1 is the button
Seat 1: patopatan999 ($10.75 in chips) 
Seat 2: Swiss_Delight ($12.12 in chips) 
Seat 3: PRace13 ($10 in chips) 
Seat 4: prettika ($12.89 in chips) 
Seat 5: Mahu2021 ($9.55 in chips) 
Seat 6: citizen6e ($10.55 in chips) 
Swiss_Delight: posts small blind $0.05
PRace13: posts big blind $0.10
*** HOLE CARDS ***
Dealt to Mahu2021 [2c Js]
prettika: calls $0.10
Mahu2021: folds 
citizen6e: folds 
patopatan999: folds 
Swiss_Delight: folds 
PRace13: checks 
*** FLOP *** [6h Kd 7h]
PRace13: checks 
prettika: checks 
*** TURN *** [6h Kd 7h] [5d]
PRace13: checks 
prettika: checks 
*** RIVER *** [6h Kd 7h 5d] [Ks]
PRace13: checks 
prettika: checks 
*** SHOW DOWN ***
PRace13: shows [8s Qd] (a pair of Kings)
prettika: shows [As Tc] (a pair of Kings - Ace kicker)
prettika collected $0.24 from pot
*** SUMMARY ***
Total pot $0.25 | Rake $0.01 
Board [6h Kd 7h 5d Ks]
Seat 1: patopatan999 (button) folded before Flop (didn't bet)
Seat 2: Swiss_Delight (small blind) folded before Flop
Seat 3: PRace13 (big blind) showed [8s Qd] and lost with a pair of Kings
Seat 4: prettika showed [As Tc] and won ($0.24) with a pair of Kings
Seat 5: Mahu2021 folded before Flop (didn't bet)
Seat 6: citizen6e folded before Flop (didn't bet)



PokerStars Zoom Hand #255646754708:  Hold'em No Limit ($0.05/$0.10) - 2025/04/08 16:43:29 CET [2025/04/08 10:43:29 ET]
Table 'Aludra' 6-max Seat #1 is the button
Seat 1: putzkedudu ($11.19 in chips) 
Seat 2: Mahu2021 ($9.45 in chips) 
Seat 3: dsanchez11 ($19.22 in chips) 
Seat 4: Sn1p3rBR ($13.21 in chips) 
Seat 5: Matzet1ka ($10.45 in chips) 
Seat 6: franz Z750 ($10.47 in chips) 
Mahu2021: posts small blind $0.05
dsanchez11: posts big blind $0.10
*** HOLE CARDS ***
Dealt to Mahu2021 [6s 8s]
Sn1p3rBR: folds 
Matzet1ka: raises $0.15 to $0.25
franz Z750: raises $0.50 to $0.75
putzkedudu: folds 
Mahu2021: folds 
dsanchez11: folds 
Matzet1ka: folds 
Uncalled bet ($0.50) returned to franz Z750
franz Z750 collected $0.65 from pot
franz Z750: doesn't show hand 
*** SUMMARY ***
Total pot $0.65 | Rake $0 
Seat 1: putzkedudu (button) folded before Flop (didn't bet)
Seat 2: Mahu2021 (small blind) folded before Flop
Seat 3: dsanchez11 (big blind) folded before Flop
Seat 4: Sn1p3rBR folded before Flop (didn't bet)
Seat 5: Matzet1ka folded before Flop
Seat 6: franz Z750 collected ($0.65)



PokerStars Zoom Hand #255646753963:  Hold'em No Limit ($0.05/$0.10) - 2025/04/08 16:43:25 CET [2025/04/08 10:43:25 ET]
Table 'Aludra' 6-max Seat #1 is the button
Seat 1: StrongMercedes ($22.42 in chips) 
Seat 2: Yuck0811 ($11.17 in chips) 
Seat 3: citizen6e ($10.65 in chips) 
Seat 4: bloodedesert ($10.25 in chips) 
Seat 5: Matzet1ka ($10 in chips) 
Seat 6: Mahu2021 ($9.45 in chips) 
Yuck0811: posts small blind $0.05
citizen6e: posts big blind $0.10
*** HOLE CARDS ***
Dealt to Mahu2021 [Qc 4h]
bloodedesert: folds 
Matzet1ka: folds 
Mahu2021: folds 
StrongMercedes: raises $0.12 to $0.22
Yuck0811: folds 
citizen6e: calls $0.12
*** FLOP *** [9s 5h 3d]
citizen6e: checks 
StrongMercedes: bets $0.24
citizen6e: folds 
Uncalled bet ($0.24) returned to StrongMercedes
StrongMercedes collected $0.47 from pot
StrongMercedes: doesn't show hand 
*** SUMMARY ***
Total pot $0.49 | Rake $0.02 
Board [9s 5h 3d]
Seat 1: StrongMercedes (button) collected ($0.47)
Seat 2: Yuck0811 (small blind) folded before Flop
Seat 3: citizen6e (big blind) folded on the Flop
Seat 4: bloodedesert folded before Flop (didn't bet)
Seat 5: Matzet1ka folded before Flop (didn't bet)
Seat 6: Mahu2021 folded before Flop (didn't bet)



PokerStars Zoom Hand #255646756830:  Hold'em No Limit ($0.05/$0.10) - 2025/04/08 16:43:41 CET [2025/04/08 10:43:41 ET]
Table 'Aludra' 6-max Seat #1 is the button
Seat 1: sabrisodre ($9.97 in chips) 
Seat 2: kakaka194 ($12.86 in chips) 
Seat 3: Yuck0811 ($10.48 in chips) 
Seat 4: arongraham100 ($12.66 in chips) 
Seat 5: Dutta666 ($9.74 in chips) 
Seat 6: Mahu2021 ($9.40 in chips) 
kakaka194: posts small blind $0.05
Yuck0811: posts big blind $0.10
*** HOLE CARDS ***
Dealt to Mahu2021 [Ts Jh]
arongraham100: folds 
Dutta666: folds 
Mahu2021: raises $0.20 to $0.30
sabrisodre: folds 
kakaka194: folds 
Yuck0811: calls $0.20
*** FLOP *** [Jc Ah Kc]
Yuck0811: checks 
Mahu2021: bets $0.30
Yuck0811: folds 
Uncalled bet ($0.30) returned to Mahu2021
Mahu2021 collected $0.62 from pot
Mahu2021: doesn't show hand 
*** SUMMARY ***
Total pot $0.65 | Rake $0.03 
Board [Jc Ah Kc]
Seat 1: sabrisodre (button) folded before Flop (didn't bet)
Seat 2: kakaka194 (small blind) folded before Flop
Seat 3: Yuck0811 (big blind) folded on the Flop
Seat 4: arongraham100 folded before Flop (didn't bet)
Seat 5: Dutta666 folded before Flop (didn't bet)
Seat 6: Mahu2021 collected ($0.62)



PokerStars Zoom Hand #255646763314:  Hold'em No Limit ($0.05/$0.10) - 2025/04/08 16:44:17 CET [2025/04/08 10:44:17 ET]
Table 'Aludra' 6-max Seat #1 is the button
Seat 1: keirin459 ($10.71 in chips) 
Seat 2: Swiss_Delight ($10.21 in chips) 
Seat 3: Mahu2021 ($9.67 in chips) 
Seat 4: Mallardz ($17.42 in chips) 
Seat 5: Luffy V ($10.83 in chips) 
Seat 6: sabrisodre ($10.02 in chips) 
Swiss_Delight: posts small blind $0.05
Mahu2021: posts big blind $0.10
*** HOLE CARDS ***
Dealt to Mahu2021 [5s Js]
Mallardz: folds 
Luffy V: raises $0.15 to $0.25
sabrisodre: folds 
keirin459: folds 
Swiss_Delight: folds 
Mahu2021: folds 
Uncalled bet ($0.15) returned to Luffy V
Luffy V collected $0.25 from pot
Luffy V: doesn't show hand 
*** SUMMARY ***
Total pot $0.25 | Rake $0 
Seat 1: keirin459 (button) folded before Flop (didn't bet)
Seat 2: Swiss_Delight (small blind) folded before Flop
Seat 3: Mahu2021 (big blind) folded before Flop
Seat 4: Mallardz folded before Flop (didn't bet)
Seat 5: Luffy V collected ($0.25)
Seat 6: sabrisodre folded before Flop (didn't bet)



PokerStars Zoom Hand #255646756251:  Hold'em No Limit ($0.05/$0.10) - 2025/04/08 16:43:38 CET [2025/04/08 10:43:38 ET]
Table 'Aludra' 6-max Seat #1 is the button
Seat 1: Mahu2021 ($9.40 in chips) 
Seat 2: 15lawrencea ($16.82 in chips) 
Seat 3: StrongMercedes ($10.15 in chips) 
Seat 4: willpea2 ($15.04 in chips) 
Seat 5: Winik810 ($10.45 in chips) 
Seat 6: GODR2 ($10.15 in chips) 
15lawrencea: posts small blind $0.05
StrongMercedes: posts big blind $0.10
*** HOLE CARDS ***
Dealt to Mahu2021 [8s 3s]
willpea2: folds 
Winik810: folds 
GODR2: raises $0.20 to $0.30
Mahu2021: folds 
15lawrencea: raises $0.80 to $1.10
StrongMercedes: folds 
GODR2: raises $1.60 to $2.70
15lawrencea: calls $1.60
*** FLOP *** [5h Qd 7s]
15lawrencea: checks 
GODR2: bets $1.73
15lawrencea: calls $1.73
*** TURN *** [5h Qd 7s] [9h]
15lawrencea: checks 
GODR2: checks 
*** RIVER *** [5h Qd 7s 9h] [7h]
15lawrencea: checks 
GODR2: bets $5.72 and is all-in
15lawrencea: calls $5.72
*** SHOW DOWN ***
GODR2: shows [Jd Ah] (a pair of Sevens)
15lawrencea: shows [Qh Jh] (a flush, Queen high)
15lawrencea collected $19.48 from pot
*** SUMMARY ***
Total pot $20.40 | Rake $0.92 
Board [5h Qd 7s 9h 7h]
Seat 1: Mahu2021 (button) folded before Flop (didn't bet)
Seat 2: 15lawrencea (small blind) showed [Qh Jh] and won ($19.48) with a flush, Queen high
Seat 3: StrongMercedes (big blind) folded before Flop
Seat 4: willpea2 folded before Flop (didn't bet)
Seat 5: Winik810 folded before Flop (didn't bet)
Seat 6: GODR2 showed [Jd Ah] and lost with a pair of Sevens



PokerStars Zoom Hand #255646766212:  Hold'em No Limit ($0.05/$0.10) - 2025/04/08 16:44:34 CET [2025/04/08 10:44:34 ET]
Table 'Aludra' 6-max Seat #1 is the button
Seat 1: BluffsLord ($10.22 in chips) 
Seat 2: StrongMercedes ($11.81 in chips) 
Seat 3: I_am_Carlinho ($17.32 in chips) 
Seat 4: Mahu2021 ($9.57 in chips) 
Seat 5: citizen6e ($10.38 in chips) 
Seat 6: willpea2 ($32.18 in chips) 
StrongMercedes: posts small blind $0.05
I_am_Carlinho: posts big blind $0.10
*** HOLE CARDS ***
Dealt to Mahu2021 [5d 6c]
Mahu2021: folds 
citizen6e: raises $0.20 to $0.30
willpea2: folds 
BluffsLord: folds 
StrongMercedes: folds 
I_am_Carlinho: folds 
Uncalled bet ($0.20) returned to citizen6e
citizen6e collected $0.25 from pot
citizen6e: doesn't show hand 
*** SUMMARY ***
Total pot $0.25 | Rake $0 
Seat 1: BluffsLord (button) folded before Flop (didn't bet)
Seat 2: StrongMercedes (small blind) folded before Flop
Seat 3: I_am_Carlinho (big blind) folded before Flop
Seat 4: Mahu2021 folded before Flop (didn't bet)
Seat 5: citizen6e collected ($0.25)
Seat 6: willpea2 folded before Flop (didn't bet)



PokerStars Zoom Hand #255646765593:  Hold'em No Limit ($0.05/$0.10) - 2025/04/08 16:44:30 CET [2025/04/08 10:44:30 ET]
Table 'Aludra' 6-max Seat #1 is the button
Seat 1: Windows 21xp ($10 in chips) 
Seat 2: dsanchez11 ($19.22 in chips) 
Seat 3: -FilippaT- ($11.31 in chips) 
Seat 4: Mahu2021 ($9.57 in chips) 
Seat 5: Winik810 ($10 in chips) 
Seat 6: Shari RD ($3.57 in chips) 
dsanchez11: posts small blind $0.05
-FilippaT-: posts big blind $0.10
*** HOLE CARDS ***
Dealt to Mahu2021 [Kc 5c]
Mahu2021: folds 
Winik810: folds 
Shari RD: folds 
Windows 21xp: folds 
dsanchez11: raises $0.20 to $0.30
-FilippaT-: folds 
Uncalled bet ($0.20) returned to dsanchez11
dsanchez11 collected $0.20 from pot
dsanchez11: doesn't show hand 
*** SUMMARY ***
Total pot $0.20 | Rake $0 
Seat 1: Windows 21xp (button) folded before Flop (didn't bet)
Seat 2: dsanchez11 (small blind) collected ($0.20)
Seat 3: -FilippaT- (big blind) folded before Flop
Seat 4: Mahu2021 folded before Flop (didn't bet)
Seat 5: Winik810 folded before Flop (didn't bet)
Seat 6: Shari RD folded before Flop (didn't bet)



PokerStars Zoom Hand #255646766803:  Hold'em No Limit ($0.05/$0.10) - 2025/04/08 16:44:37 CET [2025/04/08 10:44:37 ET]
Table 'Aludra' 6-max Seat #1 is the button
Seat 1: Mahu2021 ($9.57 in chips) 
Seat 2: willpea2 ($14.79 in chips) 
Seat 3: Winik810 ($11.50 in chips) 
Seat 4: hogatto3 ($42.01 in chips) 
Seat 5: keirin459 ($10.61 in chips) 
Seat 6: Matzet1ka ($10 in chips) 
willpea2: posts small blind $0.05
Winik810: posts big blind $0.10
*** HOLE CARDS ***
Dealt to Mahu2021 [6h Tc]
hogatto3: folds 
keirin459: folds 
Matzet1ka: folds 
Mahu2021: folds 
willpea2: raises $0.20 to $0.30
Winik810: folds 
Uncalled bet ($0.20) returned to willpea2
willpea2 collected $0.20 from pot
willpea2: doesn't show hand 
*** SUMMARY ***
Total pot $0.20 | Rake $0 
Seat 1: Mahu2021 (button) folded before Flop (didn't bet)
Seat 2: willpea2 (small blind) collected ($0.20)
Seat 3: Winik810 (big blind) folded before Flop
Seat 4: hogatto3 folded before Flop (didn't bet)
Seat 5: keirin459 folded before Flop (didn't bet)
Seat 6: Matzet1ka folded before Flop (didn't bet)



PokerStars Zoom Hand #255646761705:  Hold'em No Limit ($0.05/$0.10) - 2025/04/08 16:44:08 CET [2025/04/08 10:44:08 ET]
Table 'Aludra' 6-max Seat #1 is the button
Seat 1: prettika ($12.88 in chips) 
Seat 2: Hokazono Iroha ($11.37 in chips) 
Seat 3: Windows 21xp ($12.98 in chips) 
Seat 4: FECM27 ($7.94 in chips) 
Seat 5: Mahu2021 ($9.72 in chips) 
Seat 6: putzkedudu ($10 in chips) 
Hokazono Iroha: posts small blind $0.05
Windows 21xp: posts big blind $0.10
*** HOLE CARDS ***
Dealt to Mahu2021 [4s Qs]
FECM27: calls $0.10
Mahu2021: folds 
putzkedudu: folds 
prettika: folds 
Hokazono Iroha: folds 
Windows 21xp: checks 
*** FLOP *** [Qc 2d As]
Windows 21xp: checks 
FECM27: bets $0.10
Windows 21xp: calls $0.10
*** TURN *** [Qc 2d As] [2c]
Windows 21xp: checks 
FECM27: bets $0.20
Windows 21xp: calls $0.20
*** RIVER *** [Qc 2d As 2c] [8h]
Windows 21xp: checks 
FECM27: checks 
*** SHOW DOWN ***
Windows 21xp: shows [Ah 7s] (two pair, Aces and Deuces)
FECM27: mucks hand 
Windows 21xp collected $0.81 from pot
*** SUMMARY ***
Total pot $0.85 | Rake $0.04 
Board [Qc 2d As 2c 8h]
Seat 1: prettika (button) folded before Flop (didn't bet)
Seat 2: Hokazono Iroha (small blind) folded before Flop
Seat 3: Windows 21xp (big blind) showed [Ah 7s] and won ($0.81) with two pair, Aces and Deuces
Seat 4: FECM27 mucked [6c Tc]
Seat 5: Mahu2021 folded before Flop (didn't bet)
Seat 6: putzkedudu folded before Flop (didn't bet)



PokerStars Zoom Hand #255646762436:  Hold'em No Limit ($0.05/$0.10) - 2025/04/08 16:44:12 CET [2025/04/08 10:44:12 ET]
Table 'Aludra' 6-max Seat #1 is the button
Seat 1: Die8 ($10.84 in chips) 
Seat 2: Mahu2021 ($9.72 in chips) 
Seat 3: Frankenjura ($23.75 in chips) 
Seat 4: Baratrum777 ($10.05 in chips) 
Seat 5: coolDadJimbo ($11.48 in chips) 
Seat 6: prettika ($12.88 in chips) 
Mahu2021: posts small blind $0.05
Frankenjura: posts big blind $0.10
*** HOLE CARDS ***
Dealt to Mahu2021 [Ts 8c]
Baratrum777: folds 
coolDadJimbo: folds 
prettika: raises $0.10 to $0.20
Die8: raises $0.55 to $0.75
Mahu2021: folds 
Frankenjura: folds 
prettika: raises $1.65 to $2.40
Die8: folds 
Uncalled bet ($1.65) returned to prettika
prettika collected $1.65 from pot
prettika: doesn't show hand 
*** SUMMARY ***
Total pot $1.65 | Rake $0 
Seat 1: Die8 (button) folded before Flop
Seat 2: Mahu2021 (small blind) folded before Flop
Seat 3: Frankenjura (big blind) folded before Flop
Seat 4: Baratrum777 folded before Flop (didn't bet)
Seat 5: coolDadJimbo folded before Flop (didn't bet)
Seat 6: prettika collected ($1.65)



PokerStars Zoom Hand #255646768015:  Hold'em No Limit ($0.05/$0.10) - 2025/04/08 16:44:44 CET [2025/04/08 10:44:44 ET]
Table 'Aludra' 6-max Seat #1 is the button
Seat 1: MTziiinn ($10 in chips) 
Seat 2: jenshgj ($13.51 in chips) 
Seat 3: Mahu2021 ($9.57 in chips) 
Seat 4: biffbiffer ($10.05 in chips) 
Seat 5: niallC1234 ($6.16 in chips) 
Seat 6: Swiss_Delight ($12.22 in chips) 
jenshgj: posts small blind $0.05
Mahu2021: posts big blind $0.10
*** HOLE CARDS ***
Dealt to Mahu2021 [9d Ad]
biffbiffer: folds 
niallC1234: raises $0.15 to $0.25
Swiss_Delight: folds 
MTziiinn: folds 
jenshgj: folds 
Mahu2021: calls $0.15
*** FLOP *** [Jd Ks Qd]
Mahu2021: checks 
niallC1234: bets $0.30
Mahu2021: calls $0.30
*** TURN *** [Jd Ks Qd] [2c]
Mahu2021: checks 
niallC1234: bets $0.46
Mahu2021: calls $0.46
*** RIVER *** [Jd Ks Qd 2c] [2d]
Mahu2021: bets $0.70
niallC1234: raises $1.62 to $2.32
Mahu2021: raises $6.24 to $8.56 and is all-in
niallC1234: folds 
Uncalled bet ($6.24) returned to Mahu2021
Mahu2021 collected $6.41 from pot
Mahu2021: doesn't show hand 
*** SUMMARY ***
Total pot $6.71 | Rake $0.30 
Board [Jd Ks Qd 2c 2d]
Seat 1: MTziiinn (button) folded before Flop (didn't bet)
Seat 2: jenshgj (small blind) folded before Flop
Seat 3: Mahu2021 (big blind) collected ($6.41)
Seat 4: biffbiffer folded before Flop (didn't bet)
Seat 5: niallC1234 folded on the River
Seat 6: Swiss_Delight folded before Flop (didn't bet)



PokerStars Zoom Hand #255646767518:  Hold'em No Limit ($0.05/$0.10) - 2025/04/08 16:44:41 CET [2025/04/08 10:44:41 ET]
Table 'Aludra' 6-max Seat #1 is the button
Seat 1: GODR2 ($10 in chips) 
Seat 2: vananej ($10 in chips) 
Seat 3: citizen6e ($10.90 in chips) 
Seat 4: Yuck0811 ($11.52 in chips) 
Seat 5: Ktjiing ($8.74 in chips) 
Seat 6: Mahu2021 ($9.57 in chips) 
vananej: posts small blind $0.05
citizen6e: posts big blind $0.10
*** HOLE CARDS ***
Dealt to Mahu2021 [4s Ts]
Yuck0811: raises $0.20 to $0.30
Ktjiing: calls $0.30
Mahu2021: folds 
GODR2: folds 
vananej: folds 
citizen6e: folds 
*** FLOP *** [3s 2s 3c]
Yuck0811: checks 
Ktjiing: checks 
*** TURN *** [3s 2s 3c] [4c]
Yuck0811: bets $0.54
Ktjiing: calls $0.54
*** RIVER *** [3s 2s 3c 4c] [Jc]
Yuck0811: checks 
Ktjiing: checks 
*** SHOW DOWN ***
Yuck0811: shows [Ad Qc] (a pair of Threes)
Ktjiing: shows [Jd As] (two pair, Jacks and Threes)
Ktjiing collected $1.75 from pot
*** SUMMARY ***
Total pot $1.83 | Rake $0.08 
Board [3s 2s 3c 4c Jc]
Seat 1: GODR2 (button) folded before Flop (didn't bet)
Seat 2: vananej (small blind) folded before Flop
Seat 3: citizen6e (big blind) folded before Flop
Seat 4: Yuck0811 showed [Ad Qc] and lost with a pair of Threes
Seat 5: Ktjiing showed [Jd As] and won ($1.75) with two pair, Jacks and Threes
Seat 6: Mahu2021 folded before Flop (didn't bet)



