PokerStars Zoom Hand #255415701909:  Hold'em No Limit ($0.05/$0.10) - 2025/03/23 16:52:32 CET [2025/03/23 11:52:32 ET]
Table 'Aludra' 6-max Seat #1 is the button
Seat 1: Smdpair77 ($27.44 in chips) 
Seat 2: P$alim93 ($10.42 in chips) 
Seat 3: Mahu2021 ($10 in chips) 
Seat 4: vgiourou ($10.40 in chips) 
Seat 5: Zutuzutu_90 ($13.89 in chips) 
Seat 6: DamnLuck89 ($26.12 in chips) 
P$alim93: posts small blind $0.05
Mahu2021: posts big blind $0.10
*** HOLE CARDS ***
Dealt to Mahu2021 [Jc Ad]
vgiourou: folds 
Zutuzutu_90: folds 
DamnLuck89: folds 
Smdpair77: raises $0.25 to $0.35
P$alim93: folds 
Mahu2021: calls $0.25
*** FLOP *** [8d 6c Qc]
Mahu2021: checks 
Smdpair77: bets $0.54
Mahu2021: folds 
Uncalled bet ($0.54) returned to Smdpair77
Smdpair77 collected $0.72 from pot
Smdpair77: doesn't show hand 
*** SUMMARY ***
Total pot $0.75 | Rake $0.03 
Board [8d 6c Qc]
Seat 1: Smdpair77 (button) collected ($0.72)
Seat 2: P$alim93 (small blind) folded before Flop
Seat 3: Mahu2021 (big blind) folded on the Flop
Seat 4: vgiourou folded before Flop (didn't bet)
Seat 5: Zutuzutu_90 folded before Flop (didn't bet)
Seat 6: DamnLuck89 folded before Flop (didn't bet)



PokerStars Zoom Hand #255415707256:  Hold'em No Limit ($0.05/$0.10) - 2025/03/23 16:52:53 CET [2025/03/23 11:52:53 ET]
Table 'Aludra' 6-max Seat #1 is the button
Seat 1: guizzo77 ($10 in chips) 
Seat 2: Mahu2021 ($9.65 in chips) 
Seat 3: sohan585 ($19.20 in chips) 
Seat 4: Gioovanni_99 ($9.85 in chips) 
Seat 5: Luckb0xb1ll ($10.64 in chips) 
Seat 6: B00KSY ($31.01 in chips) 
Mahu2021: posts small blind $0.05
sohan585: posts big blind $0.10
*** HOLE CARDS ***
Dealt to Mahu2021 [9d 2h]
Gioovanni_99: folds 
Luckb0xb1ll: folds 
B00KSY: folds 
guizzo77: raises $0.14 to $0.24
Mahu2021: folds 
sohan585: calls $0.14
*** FLOP *** [8h 3h Qd]
sohan585: checks 
guizzo77: checks 
*** TURN *** [8h 3h Qd] [7s]
sohan585: bets $0.26
guizzo77: calls $0.26
*** RIVER *** [8h 3h Qd 7s] [Ks]
sohan585: checks 
guizzo77: checks 
*** SHOW DOWN ***
sohan585: shows [Qc 2c] (a pair of Queens)
guizzo77: mucks hand 
sohan585 collected $1 from pot
*** SUMMARY ***
Total pot $1.05 | Rake $0.05 
Board [8h 3h Qd 7s Ks]
Seat 1: guizzo77 (button) mucked [Th Ts]
Seat 2: Mahu2021 (small blind) folded before Flop
Seat 3: sohan585 (big blind) showed [Qc 2c] and won ($1) with a pair of Queens
Seat 4: Gioovanni_99 folded before Flop (didn't bet)
Seat 5: Luckb0xb1ll folded before Flop (didn't bet)
Seat 6: B00KSY folded before Flop (didn't bet)



PokerStars Zoom Hand #255415711750:  Hold'em No Limit ($0.05/$0.10) - 2025/03/23 16:53:11 CET [2025/03/23 11:53:11 ET]
Table 'Aludra' 6-max Seat #1 is the button
Seat 1: Mahu2021 ($9.60 in chips) 
Seat 2: albatros9945 ($8.98 in chips) 
Seat 3: adelcio70 ($21.71 in chips) 
Seat 4: kingfisher898 ($12.84 in chips) 
Seat 5: vgiourou ($6.56 in chips) 
Seat 6: Yuck0811 ($10.31 in chips) 
albatros9945: posts small blind $0.05
adelcio70: posts big blind $0.10
*** HOLE CARDS ***
Dealt to Mahu2021 [2d 8c]
kingfisher898: folds 
vgiourou: raises $0.10 to $0.20
Yuck0811: folds 
Mahu2021: folds 
albatros9945: folds 
adelcio70: folds 
Uncalled bet ($0.10) returned to vgiourou
vgiourou collected $0.25 from pot
vgiourou: doesn't show hand 
*** SUMMARY ***
Total pot $0.25 | Rake $0 
Seat 1: Mahu2021 (button) folded before Flop (didn't bet)
Seat 2: albatros9945 (small blind) folded before Flop
Seat 3: adelcio70 (big blind) folded before Flop
Seat 4: kingfisher898 folded before Flop (didn't bet)
Seat 5: vgiourou collected ($0.25)
Seat 6: Yuck0811 folded before Flop (didn't bet)



PokerStars Zoom Hand #255415709976:  Hold'em No Limit ($0.05/$0.10) - 2025/03/23 16:53:04 CET [2025/03/23 11:53:04 ET]
Table 'Aludra' 6-max Seat #1 is the button
Seat 1: COVEIROANCAP ($12.12 in chips) 
Seat 2: vgiourou ($6.61 in chips) 
Seat 3: Mozart440 ($19.21 in chips) 
Seat 4: soulfly2145 ($14.09 in chips) 
Seat 5: FrankMoniz ($37.61 in chips) 
Seat 6: Mahu2021 ($9.60 in chips) 
vgiourou: posts small blind $0.05
Mozart440: posts big blind $0.10
*** HOLE CARDS ***
Dealt to Mahu2021 [Th Js]
soulfly2145: folds 
FrankMoniz: folds 
Mahu2021: folds 
COVEIROANCAP: raises $0.15 to $0.25
vgiourou: folds 
Mozart440: calls $0.15
*** FLOP *** [8c Td 2h]
Mozart440: checks 
COVEIROANCAP: bets $0.17
Mozart440: folds 
Uncalled bet ($0.17) returned to COVEIROANCAP
COVEIROANCAP collected $0.53 from pot
COVEIROANCAP: doesn't show hand 
*** SUMMARY ***
Total pot $0.55 | Rake $0.02 
Board [8c Td 2h]
Seat 1: COVEIROANCAP (button) collected ($0.53)
Seat 2: vgiourou (small blind) folded before Flop
Seat 3: Mozart440 (big blind) folded on the Flop
Seat 4: soulfly2145 folded before Flop (didn't bet)
Seat 5: FrankMoniz folded before Flop (didn't bet)
Seat 6: Mahu2021 folded before Flop (didn't bet)



PokerStars Zoom Hand #255415717808:  Hold'em No Limit ($0.05/$0.10) - 2025/03/23 16:53:36 CET [2025/03/23 11:53:36 ET]
Table 'Aludra' 6-max Seat #1 is the button
Seat 1: soulfly2145 ($13.94 in chips) 
Seat 2: Rassty1983 ($11.49 in chips) 
Seat 3: COVEIROANCAP ($20.20 in chips) 
Seat 4: Don Patato's ($12.93 in chips) 
Seat 5: Mahu2021 ($9.60 in chips) 
Seat 6: DAVEDOUGHNUT ($18.04 in chips) 
Rassty1983: posts small blind $0.05
COVEIROANCAP: posts big blind $0.10
*** HOLE CARDS ***
Dealt to Mahu2021 [4c 3s]
Don Patato's: folds 
Mahu2021: folds 
DAVEDOUGHNUT: folds 
soulfly2145: folds 
Rassty1983: folds 
Uncalled bet ($0.05) returned to COVEIROANCAP
COVEIROANCAP collected $0.10 from pot
COVEIROANCAP: doesn't show hand 
*** SUMMARY ***
Total pot $0.10 | Rake $0 
Seat 1: soulfly2145 (button) folded before Flop (didn't bet)
Seat 2: Rassty1983 (small blind) folded before Flop
Seat 3: COVEIROANCAP (big blind) collected ($0.10)
Seat 4: Don Patato's folded before Flop (didn't bet)
Seat 5: Mahu2021 folded before Flop (didn't bet)
Seat 6: DAVEDOUGHNUT folded before Flop (didn't bet)



PokerStars Zoom Hand #255415720584:  Hold'em No Limit ($0.05/$0.10) - 2025/03/23 16:53:47 CET [2025/03/23 11:53:47 ET]
Table 'Aludra' 6-max Seat #1 is the button
Seat 1: DaveH456 ($9.91 in chips) 
Seat 2: ClubDiggy97 ($10.84 in chips) 
Seat 3: COVEIROANCAP ($12.40 in chips) 
Seat 4: Mahu2021 ($9.60 in chips) 
Seat 5: boris31.03 ($11.52 in chips) 
Seat 6: LUBOSF99 ($9.79 in chips) 
ClubDiggy97: posts small blind $0.05
COVEIROANCAP: posts big blind $0.10
*** HOLE CARDS ***
Dealt to Mahu2021 [6c 7d]
Mahu2021: folds 
boris31.03: folds 
LUBOSF99: folds 
DaveH456: folds 
ClubDiggy97: folds 
Uncalled bet ($0.05) returned to COVEIROANCAP
COVEIROANCAP collected $0.10 from pot
COVEIROANCAP: doesn't show hand 
*** SUMMARY ***
Total pot $0.10 | Rake $0 
Seat 1: DaveH456 (button) folded before Flop (didn't bet)
Seat 2: ClubDiggy97 (small blind) folded before Flop
Seat 3: COVEIROANCAP (big blind) collected ($0.10)
Seat 4: Mahu2021 folded before Flop (didn't bet)
Seat 5: boris31.03 folded before Flop (didn't bet)
Seat 6: LUBOSF99 folded before Flop (didn't bet)



PokerStars Zoom Hand #255415715692:  Hold'em No Limit ($0.05/$0.10) - 2025/03/23 16:53:27 CET [2025/03/23 11:53:27 ET]
Table 'Aludra' 6-max Seat #1 is the button
Seat 1: otttin ($13.71 in chips) 
Seat 2: strashilisht ($13.17 in chips) 
Seat 3: fulcrum247 ($16.65 in chips) 
Seat 4: NoBigDeal000 ($12.37 in chips) 
Seat 5: Mahu2021 ($9.60 in chips) 
Seat 6: Yash1ch ($9.85 in chips) 
strashilisht: posts small blind $0.05
fulcrum247: posts big blind $0.10
*** HOLE CARDS ***
Dealt to Mahu2021 [7d 3h]
NoBigDeal000: raises $0.10 to $0.20
Mahu2021: folds 
Yash1ch: calls $0.20
otttin: folds 
strashilisht: calls $0.15
fulcrum247: calls $0.10
*** FLOP *** [4s 7h 6s]
strashilisht: checks 
fulcrum247: bets $0.38
NoBigDeal000: folds 
Yash1ch: calls $0.38
strashilisht: folds 
*** TURN *** [4s 7h 6s] [8d]
fulcrum247: bets $0.75
Yash1ch: calls $0.75
*** RIVER *** [4s 7h 6s 8d] [2h]
fulcrum247: bets $1.46
Yash1ch: calls $1.46
*** SHOW DOWN ***
fulcrum247: shows [5h 4h] (a straight, Four to Eight)
Yash1ch: mucks hand 
fulcrum247 collected $5.71 from pot
*** SUMMARY ***
Total pot $5.98 | Rake $0.27 
Board [4s 7h 6s 8d 2h]
Seat 1: otttin (button) folded before Flop (didn't bet)
Seat 2: strashilisht (small blind) folded on the Flop
Seat 3: fulcrum247 (big blind) showed [5h 4h] and won ($5.71) with a straight, Four to Eight
Seat 4: NoBigDeal000 folded on the Flop
Seat 5: Mahu2021 folded before Flop (didn't bet)
Seat 6: Yash1ch mucked [6d 6c]



PokerStars Zoom Hand #255415722360:  Hold'em No Limit ($0.05/$0.10) - 2025/03/23 16:53:54 CET [2025/03/23 11:53:54 ET]
Table 'Aludra' 6-max Seat #1 is the button
Seat 1: Mahu2021 ($9.55 in chips) 
Seat 2: ASENNA76 ($10.15 in chips) 
Seat 3: bigpebble1234 ($10 in chips) 
Seat 4: DaveH456 ($9.91 in chips) 
Seat 5: BluffsLord ($16.86 in chips) 
Seat 6: Gioovanni_99 ($9.65 in chips) 
ASENNA76: posts small blind $0.05
bigpebble1234: posts big blind $0.10
*** HOLE CARDS ***
Dealt to Mahu2021 [9c Kd]
DaveH456: folds 
BluffsLord: folds 
Gioovanni_99: folds 
Mahu2021: folds 
ASENNA76: raises $0.20 to $0.30
bigpebble1234: folds 
Uncalled bet ($0.20) returned to ASENNA76
ASENNA76 collected $0.20 from pot
ASENNA76: doesn't show hand 
*** SUMMARY ***
Total pot $0.20 | Rake $0 
Seat 1: Mahu2021 (button) folded before Flop (didn't bet)
Seat 2: ASENNA76 (small blind) collected ($0.20)
Seat 3: bigpebble1234 (big blind) folded before Flop
Seat 4: DaveH456 folded before Flop (didn't bet)
Seat 5: BluffsLord folded before Flop (didn't bet)
Seat 6: Gioovanni_99 folded before Flop (didn't bet)



PokerStars Zoom Hand #255415721523:  Hold'em No Limit ($0.05/$0.10) - 2025/03/23 16:53:50 CET [2025/03/23 11:53:50 ET]
Table 'Aludra' 6-max Seat #1 is the button
Seat 1: Hash88754 ($15.35 in chips) 
Seat 2: Mahu2021 ($9.60 in chips) 
Seat 3: OliTheGoalie84 ($10 in chips) 
Seat 4: LUBOSF99 ($9.79 in chips) 
Seat 5: SiyahKugu ($16.55 in chips) 
Seat 6: PovilasX ($10.38 in chips) 
Mahu2021: posts small blind $0.05
OliTheGoalie84: posts big blind $0.10
*** HOLE CARDS ***
Dealt to Mahu2021 [3d 7d]
LUBOSF99: folds 
SiyahKugu: folds 
PovilasX: folds 
Hash88754: raises $0.20 to $0.30
Mahu2021: folds 
OliTheGoalie84: raises $0.90 to $1.20
Hash88754: calls $0.90
*** FLOP *** [9s 5d Ah]
OliTheGoalie84: bets $1.20
Hash88754: folds 
Uncalled bet ($1.20) returned to OliTheGoalie84
OliTheGoalie84 collected $2.34 from pot
OliTheGoalie84: doesn't show hand 
*** SUMMARY ***
Total pot $2.45 | Rake $0.11 
Board [9s 5d Ah]
Seat 1: Hash88754 (button) folded on the Flop
Seat 2: Mahu2021 (small blind) folded before Flop
Seat 3: OliTheGoalie84 (big blind) collected ($2.34)
Seat 4: LUBOSF99 folded before Flop (didn't bet)
Seat 5: SiyahKugu folded before Flop (didn't bet)
Seat 6: PovilasX folded before Flop (didn't bet)



PokerStars Zoom Hand #255415725529:  Hold'em No Limit ($0.05/$0.10) - 2025/03/23 16:54:06 CET [2025/03/23 11:54:06 ET]
Table 'Aludra' 6-max Seat #1 is the button
Seat 1: rafaelboito ($10 in chips) 
Seat 2: ASENNA76 ($10 in chips) 
Seat 3: Mahu2021 ($9.55 in chips) 
Seat 4: denis4250 ($22.53 in chips) 
Seat 5: DamnLuck89 ($10 in chips) 
Seat 6: COVEIROANCAP ($12.40 in chips) 
ASENNA76: posts small blind $0.05
Mahu2021: posts big blind $0.10
*** HOLE CARDS ***
Dealt to Mahu2021 [4c 4s]
denis4250: raises $0.20 to $0.30
DamnLuck89: folds 
COVEIROANCAP: folds 
rafaelboito: folds 
ASENNA76: folds 
Mahu2021: calls $0.20
*** FLOP *** [6s 7s Kh]
Mahu2021: checks 
denis4250: bets $0.21
Mahu2021: calls $0.21
*** TURN *** [6s 7s Kh] [Ac]
Mahu2021: checks 
denis4250: bets $0.80
Mahu2021: folds 
Uncalled bet ($0.80) returned to denis4250
denis4250 collected $1.02 from pot
denis4250: doesn't show hand 
*** SUMMARY ***
Total pot $1.07 | Rake $0.05 
Board [6s 7s Kh Ac]
Seat 1: rafaelboito (button) folded before Flop (didn't bet)
Seat 2: ASENNA76 (small blind) folded before Flop
Seat 3: Mahu2021 (big blind) folded on the Turn
Seat 4: denis4250 collected ($1.02)
Seat 5: DamnLuck89 folded before Flop (didn't bet)
Seat 6: COVEIROANCAP folded before Flop (didn't bet)



PokerStars Zoom Hand #255415742536:  Hold'em No Limit ($0.05/$0.10) - 2025/03/23 16:55:13 CET [2025/03/23 11:55:13 ET]
Table 'Aludra' 6-max Seat #1 is the button
Seat 1: Gto_gtfo ($11.03 in chips) 
Seat 2: fusermx ($9.90 in chips) 
Seat 3: Zutuzutu_90 ($16 in chips) 
Seat 4: Mahu2021 ($9.04 in chips) 
Seat 5: SirBrown ($10 in chips) 
Seat 6: RA1010 ($12.13 in chips) 
fusermx: posts small blind $0.05
Zutuzutu_90: posts big blind $0.10
*** HOLE CARDS ***
Dealt to Mahu2021 [Qc 2d]
Mahu2021: folds 
SirBrown: folds 
RA1010: folds 
Gto_gtfo: raises $0.15 to $0.25
fusermx: folds 
Zutuzutu_90: folds 
Uncalled bet ($0.15) returned to Gto_gtfo
Gto_gtfo collected $0.25 from pot
Gto_gtfo: doesn't show hand 
*** SUMMARY ***
Total pot $0.25 | Rake $0 
Seat 1: Gto_gtfo (button) collected ($0.25)
Seat 2: fusermx (small blind) folded before Flop
Seat 3: Zutuzutu_90 (big blind) folded before Flop
Seat 4: Mahu2021 folded before Flop (didn't bet)
Seat 5: SirBrown folded before Flop (didn't bet)
Seat 6: RA1010 folded before Flop (didn't bet)



PokerStars Zoom Hand #255415744363:  Hold'em No Limit ($0.05/$0.10) - 2025/03/23 16:55:24 CET [2025/03/23 11:55:24 ET]
Table 'Aludra' 6-max Seat #1 is the button
Seat 1: Rassty1983 ($10.45 in chips) 
Seat 2: DamnLuck89 ($20 in chips) 
Seat 3: Mahu2021 ($8.99 in chips) 
Seat 4: Zutuzutu_90 ($10.47 in chips) 
Seat 5: COVEIROANCAP ($10.83 in chips) 
Seat 6: OeTen101 ($22.36 in chips) 
DamnLuck89: posts small blind $0.05
Mahu2021: posts big blind $0.10
*** HOLE CARDS ***
Dealt to Mahu2021 [Ah 5s]
Zutuzutu_90: folds 
COVEIROANCAP: folds 
OeTen101: folds 
Rassty1983: folds 
DamnLuck89: raises $0.21 to $0.31
Mahu2021: calls $0.21
*** FLOP *** [4c Jh 5h]
DamnLuck89: checks 
Mahu2021: bets $0.30
DamnLuck89: folds 
Uncalled bet ($0.30) returned to Mahu2021
Mahu2021 collected $0.59 from pot
Mahu2021: doesn't show hand 
*** SUMMARY ***
Total pot $0.62 | Rake $0.03 
Board [4c Jh 5h]
Seat 1: Rassty1983 (button) folded before Flop (didn't bet)
Seat 2: DamnLuck89 (small blind) folded on the Flop
Seat 3: Mahu2021 (big blind) collected ($0.59)
Seat 4: Zutuzutu_90 folded before Flop (didn't bet)
Seat 5: COVEIROANCAP folded before Flop (didn't bet)
Seat 6: OeTen101 folded before Flop (didn't bet)



PokerStars Zoom Hand #255415743819:  Hold'em No Limit ($0.05/$0.10) - 2025/03/23 16:55:20 CET [2025/03/23 11:55:20 ET]
Table 'Aludra' 6-max Seat #1 is the button
Seat 1: boris191919 ($3.41 in chips) 
Seat 2: Mahu2021 ($9.04 in chips) 
Seat 3: Luckb0xb1ll ($3.01 in chips) 
Seat 4: RA1010 ($12.13 in chips) 
Seat 5: ASENNA76 ($10.52 in chips) 
Seat 6: mateo vivas ($9.70 in chips) 
Mahu2021: posts small blind $0.05
Luckb0xb1ll: posts big blind $0.10
*** HOLE CARDS ***
Dealt to Mahu2021 [2s 3h]
RA1010: folds 
ASENNA76: raises $0.20 to $0.30
mateo vivas: calls $0.30
boris191919: calls $0.30
Mahu2021: folds 
Luckb0xb1ll: folds 
*** FLOP *** [Jh Kc 3d]
ASENNA76: bets $0.70
mateo vivas: folds 
boris191919: raises $2.41 to $3.11 and is all-in
ASENNA76: calls $2.41
*** TURN *** [Jh Kc 3d] [As]
*** RIVER *** [Jh Kc 3d As] [Js]
*** SHOW DOWN ***
ASENNA76: shows [Ks Qh] (two pair, Kings and Jacks)
boris191919: shows [5d Jd] (three of a kind, Jacks)
boris191919 collected $6.94 from pot
*** SUMMARY ***
Total pot $7.27 | Rake $0.33 
Board [Jh Kc 3d As Js]
Seat 1: boris191919 (button) showed [5d Jd] and won ($6.94) with three of a kind, Jacks
Seat 2: Mahu2021 (small blind) folded before Flop
Seat 3: Luckb0xb1ll (big blind) folded before Flop
Seat 4: RA1010 folded before Flop (didn't bet)
Seat 5: ASENNA76 showed [Ks Qh] and lost with two pair, Kings and Jacks
Seat 6: mateo vivas folded on the Flop



PokerStars Zoom Hand #255415747989:  Hold'em No Limit ($0.05/$0.10) - 2025/03/23 16:55:45 CET [2025/03/23 11:55:45 ET]
Table 'Aludra' 6-max Seat #1 is the button
Seat 1: Mahu2021 ($9.27 in chips) 
Seat 2: Al Fr€d 69 ($30.57 in chips) 
Seat 3: DamnLuck89 ($19.69 in chips) 
Seat 4: rafaelboito ($11.81 in chips) 
Seat 5: ThomasJ76 ($10 in chips) 
Seat 6: CFCLampard ($4.55 in chips) 
Al Fr€d 69: posts small blind $0.05
DamnLuck89: posts big blind $0.10
*** HOLE CARDS ***
Dealt to Mahu2021 [8c 7d]
rafaelboito: folds 
ThomasJ76: raises $0.20 to $0.30
CFCLampard: folds 
Mahu2021: folds 
Al Fr€d 69: folds 
DamnLuck89: folds 
Uncalled bet ($0.20) returned to ThomasJ76
ThomasJ76 collected $0.25 from pot
ThomasJ76: doesn't show hand 
*** SUMMARY ***
Total pot $0.25 | Rake $0 
Seat 1: Mahu2021 (button) folded before Flop (didn't bet)
Seat 2: Al Fr€d 69 (small blind) folded before Flop
Seat 3: DamnLuck89 (big blind) folded before Flop
Seat 4: rafaelboito folded before Flop (didn't bet)
Seat 5: ThomasJ76 collected ($0.25)
Seat 6: CFCLampard folded before Flop (didn't bet)



PokerStars Zoom Hand #255415743312:  Hold'em No Limit ($0.05/$0.10) - 2025/03/23 16:55:17 CET [2025/03/23 11:55:17 ET]
Table 'Aludra' 6-max Seat #1 is the button
Seat 1: Smdpair77 ($27.47 in chips) 
Seat 2: Riphawam ($14.64 in chips) 
Seat 3: soulfly2145 ($10.16 in chips) 
Seat 4: BluffsLord ($15.81 in chips) 
Seat 5: deejaydmc ($1.60 in chips) 
Seat 6: Mahu2021 ($9.04 in chips) 
Riphawam: posts small blind $0.05
soulfly2145: posts big blind $0.10
*** HOLE CARDS ***
Dealt to Mahu2021 [Tc 2h]
BluffsLord: folds 
deejaydmc: folds 
Mahu2021: folds 
Smdpair77: raises $0.20 to $0.30
Riphawam: folds 
soulfly2145: calls $0.20
*** FLOP *** [5d Qd 7h]
soulfly2145: checks 
Smdpair77: bets $0.47
soulfly2145: calls $0.47
*** TURN *** [5d Qd 7h] [6d]
soulfly2145: checks 
Smdpair77: bets $0.84
soulfly2145: calls $0.84
*** RIVER *** [5d Qd 7h 6d] [4c]
soulfly2145: checks 
Smdpair77: checks 
*** SHOW DOWN ***
soulfly2145: shows [9c 9h] (a pair of Nines)
Smdpair77: shows [Jh Qc] (a pair of Queens)
Smdpair77 collected $3.12 from pot
*** SUMMARY ***
Total pot $3.27 | Rake $0.15 
Board [5d Qd 7h 6d 4c]
Seat 1: Smdpair77 (button) showed [Jh Qc] and won ($3.12) with a pair of Queens
Seat 2: Riphawam (small blind) folded before Flop
Seat 3: soulfly2145 (big blind) showed [9c 9h] and lost with a pair of Nines
Seat 4: BluffsLord folded before Flop (didn't bet)
Seat 5: deejaydmc folded before Flop (didn't bet)
Seat 6: Mahu2021 folded before Flop (didn't bet)



PokerStars Zoom Hand #255415748932:  Hold'em No Limit ($0.05/$0.10) - 2025/03/23 16:55:51 CET [2025/03/23 11:55:51 ET]
Table 'Aludra' 6-max Seat #1 is the button
Seat 1: vgiourou ($7.59 in chips) 
Seat 2: Rassty1983 ($10 in chips) 
Seat 3: Luckb0xb1ll ($10.63 in chips) 
Seat 4: sigu0540 ($27.60 in chips) 
Seat 5: Gto_gtfo ($12.08 in chips) 
Seat 6: Mahu2021 ($9.27 in chips) 
Rassty1983: posts small blind $0.05
Luckb0xb1ll: posts big blind $0.10
*** HOLE CARDS ***
Dealt to Mahu2021 [Ts 9s]
sigu0540: folds 
Gto_gtfo: folds 
Mahu2021: raises $0.14 to $0.24
vgiourou: folds 
Rassty1983: folds 
Luckb0xb1ll: calls $0.14
*** FLOP *** [5s 9h Qc]
Luckb0xb1ll: checks 
Mahu2021: bets $0.30
Luckb0xb1ll: calls $0.30
*** TURN *** [5s 9h Qc] [7c]
Luckb0xb1ll: checks 
Mahu2021: bets $0.30
Luckb0xb1ll: folds 
Uncalled bet ($0.30) returned to Mahu2021
Mahu2021 collected $1.08 from pot
Mahu2021: doesn't show hand 
*** SUMMARY ***
Total pot $1.13 | Rake $0.05 
Board [5s 9h Qc 7c]
Seat 1: vgiourou (button) folded before Flop (didn't bet)
Seat 2: Rassty1983 (small blind) folded before Flop
Seat 3: Luckb0xb1ll (big blind) folded on the Turn
Seat 4: sigu0540 folded before Flop (didn't bet)
Seat 5: Gto_gtfo folded before Flop (didn't bet)
Seat 6: Mahu2021 collected ($1.08)



PokerStars Zoom Hand #255415757384:  Hold'em No Limit ($0.05/$0.10) - 2025/03/23 16:56:42 CET [2025/03/23 11:56:42 ET]
Table 'Aludra' 6-max Seat #1 is the button
Seat 1: piknikschet ($14.11 in chips) 
Seat 2: Mahu2021 ($9.81 in chips) 
Seat 3: albatros9945 ($7.80 in chips) 
Seat 4: LUBOSF99 ($9.19 in chips) 
Seat 5: rafaelboito ($12.06 in chips) 
Seat 6: calum101 ($10 in chips) 
Mahu2021: posts small blind $0.05
albatros9945: posts big blind $0.10
*** HOLE CARDS ***
Dealt to Mahu2021 [7c 2h]
LUBOSF99: folds 
rafaelboito: folds 
calum101: raises $0.15 to $0.25
piknikschet: folds 
Mahu2021: folds 
albatros9945: folds 
Uncalled bet ($0.15) returned to calum101
calum101 collected $0.25 from pot
calum101: doesn't show hand 
*** SUMMARY ***
Total pot $0.25 | Rake $0 
Seat 1: piknikschet (button) folded before Flop (didn't bet)
Seat 2: Mahu2021 (small blind) folded before Flop
Seat 3: albatros9945 (big blind) folded before Flop
Seat 4: LUBOSF99 folded before Flop (didn't bet)
Seat 5: rafaelboito folded before Flop (didn't bet)
Seat 6: calum101 collected ($0.25)



PokerStars Zoom Hand #255415756367:  Hold'em No Limit ($0.05/$0.10) - 2025/03/23 16:56:36 CET [2025/03/23 11:56:36 ET]
Table 'Aludra' 6-max Seat #1 is the button
Seat 1: Rhymer82 ($10 in chips) 
Seat 2: calum101 ($10.05 in chips) 
Seat 3: Mozart440 ($10 in chips) 
Seat 4: Mahu2021 ($9.81 in chips) 
Seat 5: P$alim93 ($10.15 in chips) 
Seat 6: ASENNA76 ($10 in chips) 
calum101: posts small blind $0.05
Mozart440: posts big blind $0.10
*** HOLE CARDS ***
Dealt to Mahu2021 [3d 9d]
Mahu2021: folds 
P$alim93: raises $0.15 to $0.25
ASENNA76: folds 
Rhymer82: folds 
calum101: folds 
Mozart440: calls $0.15
*** FLOP *** [8c 5d Ad]
Mozart440: checks 
P$alim93: bets $0.17
Mozart440: folds 
Uncalled bet ($0.17) returned to P$alim93
P$alim93 collected $0.53 from pot
P$alim93: doesn't show hand 
*** SUMMARY ***
Total pot $0.55 | Rake $0.02 
Board [8c 5d Ad]
Seat 1: Rhymer82 (button) folded before Flop (didn't bet)
Seat 2: calum101 (small blind) folded before Flop
Seat 3: Mozart440 (big blind) folded on the Flop
Seat 4: Mahu2021 folded before Flop (didn't bet)
Seat 5: P$alim93 collected ($0.53)
Seat 6: ASENNA76 folded before Flop (didn't bet)



PokerStars Zoom Hand #255415758868:  Hold'em No Limit ($0.05/$0.10) - 2025/03/23 16:56:51 CET [2025/03/23 11:56:51 ET]
Table 'Aludra' 6-max Seat #1 is the button
Seat 1: Mahu2021 ($9.76 in chips) 
Seat 2: royacht ($10.18 in chips) 
Seat 3: DamnLuck89 ($19.69 in chips) 
Seat 4: COVEIROANCAP ($11.85 in chips) 
Seat 5: piknikschet ($12.33 in chips) 
Seat 6: PovilasX ($18.01 in chips) 
royacht: posts small blind $0.05
DamnLuck89: posts big blind $0.10
*** HOLE CARDS ***
Dealt to Mahu2021 [6d 6h]
COVEIROANCAP: folds 
piknikschet: folds 
PovilasX: folds 
Mahu2021: raises $0.20 to $0.30
royacht: folds 
DamnLuck89: raises $0.70 to $1
Mahu2021: folds 
Uncalled bet ($0.70) returned to DamnLuck89
DamnLuck89 collected $0.65 from pot
DamnLuck89: doesn't show hand 
*** SUMMARY ***
Total pot $0.65 | Rake $0 
Seat 1: Mahu2021 (button) folded before Flop
Seat 2: royacht (small blind) folded before Flop
Seat 3: DamnLuck89 (big blind) collected ($0.65)
Seat 4: COVEIROANCAP folded before Flop (didn't bet)
Seat 5: piknikschet folded before Flop (didn't bet)
Seat 6: PovilasX folded before Flop (didn't bet)



PokerStars Zoom Hand #255415762066:  Hold'em No Limit ($0.05/$0.10) - 2025/03/23 16:57:10 CET [2025/03/23 11:57:10 ET]
Table 'Aludra' 6-max Seat #1 is the button
Seat 1: Gto_gtfo ($10 in chips) 
Seat 2: fulcrum247 ($18.15 in chips) 
Seat 3: Mahu2021 ($9.46 in chips) 
Seat 4: sohan585 ($20.30 in chips) 
Seat 5: jorneboyke ($19.34 in chips) 
Seat 6: Hash88754 ($14.57 in chips) 
fulcrum247: posts small blind $0.05
Mahu2021: posts big blind $0.10
*** HOLE CARDS ***
Dealt to Mahu2021 [Th 6h]
sohan585: folds 
jorneboyke: folds 
Hash88754: folds 
Gto_gtfo: folds 
fulcrum247: folds 
Uncalled bet ($0.05) returned to Mahu2021
Mahu2021 collected $0.10 from pot
Mahu2021: doesn't show hand 
*** SUMMARY ***
Total pot $0.10 | Rake $0 
Seat 1: Gto_gtfo (button) folded before Flop (didn't bet)
Seat 2: fulcrum247 (small blind) folded before Flop
Seat 3: Mahu2021 (big blind) collected ($0.10)
Seat 4: sohan585 folded before Flop (didn't bet)
Seat 5: jorneboyke folded before Flop (didn't bet)
Seat 6: Hash88754 folded before Flop (didn't bet)



PokerStars Zoom Hand #255415757912:  Hold'em No Limit ($0.05/$0.10) - 2025/03/23 16:56:45 CET [2025/03/23 11:56:45 ET]
Table 'Aludra' 6-max Seat #1 is the button
Seat 1: Rassty1983 ($10 in chips) 
Seat 2: pokeripuikko ($27.41 in chips) 
Seat 3: denis4250 ($19.03 in chips) 
Seat 4: looser00091 ($14.28 in chips) 
Seat 5: Mahu2021 ($9.76 in chips) 
Seat 6: Yash1ch ($8.75 in chips) 
pokeripuikko: posts small blind $0.05
denis4250: posts big blind $0.10
*** HOLE CARDS ***
Dealt to Mahu2021 [3d Ac]
looser00091: folds 
Mahu2021: folds 
Yash1ch: raises $0.15 to $0.25
Rassty1983: folds 
pokeripuikko: folds 
denis4250: raises $0.65 to $0.90
Yash1ch: calls $0.65
*** FLOP *** [6c Ad 6h]
denis4250: checks 
Yash1ch: bets $0.89
denis4250: calls $0.89
*** TURN *** [6c Ad 6h] [7h]
denis4250: checks 
Yash1ch: bets $1.34
denis4250: folds 
Uncalled bet ($1.34) returned to Yash1ch
Yash1ch collected $3.43 from pot
Yash1ch: doesn't show hand 
*** SUMMARY ***
Total pot $3.63 | Rake $0.20 
Board [6c Ad 6h 7h]
Seat 1: Rassty1983 (button) folded before Flop (didn't bet)
Seat 2: pokeripuikko (small blind) folded before Flop
Seat 3: denis4250 (big blind) folded on the Turn
Seat 4: looser00091 folded before Flop (didn't bet)
Seat 5: Mahu2021 folded before Flop (didn't bet)
Seat 6: Yash1ch collected ($3.43)



PokerStars Zoom Hand #255415765006:  Hold'em No Limit ($0.05/$0.10) - 2025/03/23 16:57:27 CET [2025/03/23 11:57:27 ET]
Table 'Aludra' 6-max Seat #1 is the button
Seat 1: Rassty1983 ($10.28 in chips) 
Seat 2: albatros9945 ($7.95 in chips) 
Seat 3: krienas333 ($54.89 in chips) 
Seat 4: Mahu2021 ($9.51 in chips) 
Seat 5: Atosz_990 ($3.65 in chips) 
Seat 6: ASENNA76 ($10 in chips) 
albatros9945: posts small blind $0.05
krienas333: posts big blind $0.10
*** HOLE CARDS ***
Dealt to Mahu2021 [9h Ac]
Mahu2021: folds 
Atosz_990: folds 
ASENNA76: folds 
Rassty1983: folds 
albatros9945: raises $0.20 to $0.30
krienas333: folds 
Uncalled bet ($0.20) returned to albatros9945
albatros9945 collected $0.20 from pot
albatros9945: doesn't show hand 
*** SUMMARY ***
Total pot $0.20 | Rake $0 
Seat 1: Rassty1983 (button) folded before Flop (didn't bet)
Seat 2: albatros9945 (small blind) collected ($0.20)
Seat 3: krienas333 (big blind) folded before Flop
Seat 4: Mahu2021 folded before Flop (didn't bet)
Seat 5: Atosz_990 folded before Flop (didn't bet)
Seat 6: ASENNA76 folded before Flop (didn't bet)



PokerStars Zoom Hand #255415765783:  Hold'em No Limit ($0.05/$0.10) - 2025/03/23 16:57:32 CET [2025/03/23 11:57:32 ET]
Table 'Aludra' 6-max Seat #1 is the button
Seat 1: jorneboyke ($19.57 in chips) 
Seat 2: soulfly2145 ($10.05 in chips) 
Seat 3: Ryan_Sheckler92 ($44.06 in chips) 
Seat 4: Mahu2021 ($9.51 in chips) 
Seat 5: Bolsachian ($29.50 in chips) 
Seat 6: pokeripuikko ($12.26 in chips) 
soulfly2145: posts small blind $0.05
Ryan_Sheckler92: posts big blind $0.10
*** HOLE CARDS ***
Dealt to Mahu2021 [Th 9c]
Mahu2021: folds 
Bolsachian: folds 
pokeripuikko: raises $0.15 to $0.25
jorneboyke: folds 
soulfly2145: folds 
Ryan_Sheckler92: folds 
Uncalled bet ($0.15) returned to pokeripuikko
pokeripuikko collected $0.25 from pot
pokeripuikko: doesn't show hand 
*** SUMMARY ***
Total pot $0.25 | Rake $0 
Seat 1: jorneboyke (button) folded before Flop (didn't bet)
Seat 2: soulfly2145 (small blind) folded before Flop
Seat 3: Ryan_Sheckler92 (big blind) folded before Flop
Seat 4: Mahu2021 folded before Flop (didn't bet)
Seat 5: Bolsachian folded before Flop (didn't bet)
Seat 6: pokeripuikko collected ($0.25)



PokerStars Zoom Hand #255415764153:  Hold'em No Limit ($0.05/$0.10) - 2025/03/23 16:57:22 CET [2025/03/23 11:57:22 ET]
Table 'Aludra' 6-max Seat #1 is the button
Seat 1: pokeripuikko ($28.39 in chips) 
Seat 2: boris191919 ($10.13 in chips) 
Seat 3: fusermx ($10.10 in chips) 
Seat 4: OeTen101 ($16.67 in chips) 
Seat 5: Luckb0xb1ll ($10.75 in chips) 
Seat 6: Mahu2021 ($9.51 in chips) 
boris191919: posts small blind $0.05
fusermx: posts big blind $0.10
*** HOLE CARDS ***
Dealt to Mahu2021 [6c 5s]
OeTen101: folds 
Luckb0xb1ll: folds 
Mahu2021: folds 
pokeripuikko: folds 
boris191919: raises $0.10 to $0.20
fusermx: calls $0.10
*** FLOP *** [Ad Ac 8c]
boris191919: bets $0.19
fusermx: calls $0.19
*** TURN *** [Ad Ac 8c] [2s]
boris191919: checks 
fusermx: bets $0.37
boris191919: folds 
Uncalled bet ($0.37) returned to fusermx
fusermx collected $0.74 from pot
fusermx: doesn't show hand 
*** SUMMARY ***
Total pot $0.78 | Rake $0.04 
Board [Ad Ac 8c 2s]
Seat 1: pokeripuikko (button) folded before Flop (didn't bet)
Seat 2: boris191919 (small blind) folded on the Turn
Seat 3: fusermx (big blind) collected ($0.74)
Seat 4: OeTen101 folded before Flop (didn't bet)
Seat 5: Luckb0xb1ll folded before Flop (didn't bet)
Seat 6: Mahu2021 folded before Flop (didn't bet)



PokerStars Zoom Hand #255415766162:  Hold'em No Limit ($0.05/$0.10) - 2025/03/23 16:57:34 CET [2025/03/23 11:57:34 ET]
Table 'Aludra' 6-max Seat #1 is the button
Seat 1: Hash88754 ($14.52 in chips) 
Seat 2: Gimme63 ($9.36 in chips) 
Seat 3: Mahu2021 ($9.51 in chips) 
Seat 4: Zutuzutu_90 ($16.06 in chips) 
Seat 5: SiyahKugu ($18.95 in chips) 
Seat 6: SirBrown ($10 in chips) 
Gimme63: posts small blind $0.05
Mahu2021: posts big blind $0.10
*** HOLE CARDS ***
Dealt to Mahu2021 [7h 7d]
Zutuzutu_90: folds 
SiyahKugu: calls $0.10
SirBrown: calls $0.10
Hash88754: raises $0.20 to $0.30
Gimme63: folds 
Mahu2021: calls $0.20
SiyahKugu: calls $0.20
SirBrown: calls $0.20
*** FLOP *** [2c 5c Qs]
Mahu2021: bets $0.30
SiyahKugu: calls $0.30
SirBrown: folds 
Hash88754: folds 
*** TURN *** [2c 5c Qs] [Ad]
Mahu2021: checks 
SiyahKugu: checks 
*** RIVER *** [2c 5c Qs Ad] [3d]
Mahu2021: checks 
SiyahKugu: checks 
*** SHOW DOWN ***
Mahu2021: shows [7h 7d] (a pair of Sevens)
SiyahKugu: shows [Qh Tc] (a pair of Queens)
SiyahKugu collected $1.77 from pot
*** SUMMARY ***
Total pot $1.85 | Rake $0.08 
Board [2c 5c Qs Ad 3d]
Seat 1: Hash88754 (button) folded on the Flop
Seat 2: Gimme63 (small blind) folded before Flop
Seat 3: Mahu2021 (big blind) showed [7h 7d] and lost with a pair of Sevens
Seat 4: Zutuzutu_90 folded before Flop (didn't bet)
Seat 5: SiyahKugu showed [Qh Tc] and won ($1.77) with a pair of Queens
Seat 6: SirBrown folded on the Flop



PokerStars Zoom Hand #255415774224:  Hold'em No Limit ($0.05/$0.10) - 2025/03/23 16:58:22 CET [2025/03/23 11:58:22 ET]
Table 'Aludra' 6-max Seat #1 is the button
Seat 1: Mahu2021 ($8.86 in chips) 
Seat 2: sigu0540 ($53.47 in chips) 
Seat 3: Rassty1983 ($10.13 in chips) 
Seat 4: kaitekiz ($10.15 in chips) 
Seat 5: LUBOSF99 ($10.90 in chips) 
Seat 6: guizzo77 ($9.76 in chips) 
sigu0540: posts small blind $0.05
Rassty1983: posts big blind $0.10
*** HOLE CARDS ***
Dealt to Mahu2021 [Qd 7s]
kaitekiz: folds 
LUBOSF99: folds 
guizzo77: raises $0.14 to $0.24
Mahu2021: folds 
sigu0540: folds 
Rassty1983: folds 
Uncalled bet ($0.14) returned to guizzo77
guizzo77 collected $0.25 from pot
guizzo77: doesn't show hand 
*** SUMMARY ***
Total pot $0.25 | Rake $0 
Seat 1: Mahu2021 (button) folded before Flop (didn't bet)
Seat 2: sigu0540 (small blind) folded before Flop
Seat 3: Rassty1983 (big blind) folded before Flop
Seat 4: kaitekiz folded before Flop (didn't bet)
Seat 5: LUBOSF99 folded before Flop (didn't bet)
Seat 6: guizzo77 collected ($0.25)



PokerStars Zoom Hand #255415774939:  Hold'em No Limit ($0.05/$0.10) - 2025/03/23 16:58:26 CET [2025/03/23 11:58:26 ET]
Table 'Aludra' 6-max Seat #1 is the button
Seat 1: DAVEDOUGHNUT ($17.46 in chips) 
Seat 2: bigpebble1234 ($16.19 in chips) 
Seat 3: DamnLuck89 ($21.56 in chips) 
Seat 4: Hash88754 ($14.12 in chips) 
Seat 5: sigu0540 ($53.42 in chips) 
Seat 6: Mahu2021 ($8.86 in chips) 
bigpebble1234: posts small blind $0.05
DamnLuck89: posts big blind $0.10
*** HOLE CARDS ***
Dealt to Mahu2021 [Qd 4s]
Hash88754: folds 
sigu0540: folds 
Mahu2021: folds 
DAVEDOUGHNUT: folds 
bigpebble1234: folds 
Uncalled bet ($0.05) returned to DamnLuck89
DamnLuck89 collected $0.10 from pot
DamnLuck89: doesn't show hand 
*** SUMMARY ***
Total pot $0.10 | Rake $0 
Seat 1: DAVEDOUGHNUT (button) folded before Flop (didn't bet)
Seat 2: bigpebble1234 (small blind) folded before Flop
Seat 3: DamnLuck89 (big blind) collected ($0.10)
Seat 4: Hash88754 folded before Flop (didn't bet)
Seat 5: sigu0540 folded before Flop (didn't bet)
Seat 6: Mahu2021 folded before Flop (didn't bet)



PokerStars Zoom Hand #255415775742:  Hold'em No Limit ($0.05/$0.10) - 2025/03/23 16:58:31 CET [2025/03/23 11:58:31 ET]
Table 'Aludra' 6-max Seat #1 is the button
Seat 1: sigu0540 ($53.42 in chips) 
Seat 2: COVEIROANCAP ($11.75 in chips) 
Seat 3: denis4250 ($15.93 in chips) 
Seat 4: albatros9945 ($7.75 in chips) 
Seat 5: Mahu2021 ($8.86 in chips) 
Seat 6: SirBrown ($17.48 in chips) 
COVEIROANCAP: posts small blind $0.05
denis4250: posts big blind $0.10
*** HOLE CARDS ***
Dealt to Mahu2021 [Td 9c]
albatros9945: folds 
Mahu2021: folds 
SirBrown: folds 
sigu0540: folds 
COVEIROANCAP: folds 
Uncalled bet ($0.05) returned to denis4250
denis4250 collected $0.10 from pot
denis4250: doesn't show hand 
*** SUMMARY ***
Total pot $0.10 | Rake $0 
Seat 1: sigu0540 (button) folded before Flop (didn't bet)
Seat 2: COVEIROANCAP (small blind) folded before Flop
Seat 3: denis4250 (big blind) collected ($0.10)
Seat 4: albatros9945 folded before Flop (didn't bet)
Seat 5: Mahu2021 folded before Flop (didn't bet)
Seat 6: SirBrown folded before Flop (didn't bet)



PokerStars Zoom Hand #255415776982:  Hold'em No Limit ($0.05/$0.10) - 2025/03/23 16:58:38 CET [2025/03/23 11:58:38 ET]
Table 'Aludra' 6-max Seat #1 is the button
Seat 1: dark mevlin ($9.13 in chips) 
Seat 2: Mahu2021 ($8.86 in chips) 
Seat 3: BluffsLord ($18.11 in chips) 
Seat 4: Strelets.UA ($10 in chips) 
Seat 5: Rob3rt000 ($13.37 in chips) 
Seat 6: DamnLuck89 ($10 in chips) 
Mahu2021: posts small blind $0.05
BluffsLord: posts big blind $0.10
*** HOLE CARDS ***
Dealt to Mahu2021 [Kc Ks]
Strelets.UA: folds 
Rob3rt000: folds 
DamnLuck89: folds 
dark mevlin: raises $0.25 to $0.35
Mahu2021: raises $8.51 to $8.86 and is all-in
BluffsLord: folds 
dark mevlin: folds 
Uncalled bet ($8.51) returned to Mahu2021
Mahu2021 collected $0.80 from pot
Mahu2021: doesn't show hand 
*** SUMMARY ***
Total pot $0.80 | Rake $0 
Seat 1: dark mevlin (button) folded before Flop
Seat 2: Mahu2021 (small blind) collected ($0.80)
Seat 3: BluffsLord (big blind) folded before Flop
Seat 4: Strelets.UA folded before Flop (didn't bet)
Seat 5: Rob3rt000 folded before Flop (didn't bet)
Seat 6: DamnLuck89 folded before Flop (didn't bet)



PokerStars Zoom Hand #255415776431:  Hold'em No Limit ($0.05/$0.10) - 2025/03/23 16:58:35 CET [2025/03/23 11:58:35 ET]
Table 'Aludra' 6-max Seat #1 is the button
Seat 1: DamnLuck89 ($26.49 in chips) 
Seat 2: Hash88754 ($14.12 in chips) 
Seat 3: Gto_gtfo ($14.60 in chips) 
Seat 4: Mahu2021 ($8.86 in chips) 
Seat 5: Rassty1983 ($10.01 in chips) 
Seat 6: SirBrown ($17.48 in chips) 
Hash88754: posts small blind $0.05
Gto_gtfo: posts big blind $0.10
*** HOLE CARDS ***
Dealt to Mahu2021 [Ad 7s]
Mahu2021: folds 
Rassty1983: folds 
SirBrown: raises $0.11 to $0.21
DamnLuck89: folds 
Hash88754: folds 
Gto_gtfo: calls $0.11
*** FLOP *** [7h Td Kc]
Gto_gtfo: checks 
SirBrown: checks 
*** TURN *** [7h Td Kc] [2d]
Gto_gtfo: bets $0.32
SirBrown: folds 
Uncalled bet ($0.32) returned to Gto_gtfo
Gto_gtfo collected $0.45 from pot
Gto_gtfo: doesn't show hand 
*** SUMMARY ***
Total pot $0.47 | Rake $0.02 
Board [7h Td Kc 2d]
Seat 1: DamnLuck89 (button) folded before Flop (didn't bet)
Seat 2: Hash88754 (small blind) folded before Flop
Seat 3: Gto_gtfo (big blind) collected ($0.45)
Seat 4: Mahu2021 folded before Flop (didn't bet)
Seat 5: Rassty1983 folded before Flop (didn't bet)
Seat 6: SirBrown folded on the Turn



PokerStars Zoom Hand #255415773405:  Hold'em No Limit ($0.05/$0.10) - 2025/03/23 16:58:17 CET [2025/03/23 11:58:17 ET]
Table 'Aludra' 6-max Seat #1 is the button
Seat 1: Ryan_Sheckler92 ($43.76 in chips) 
Seat 2: Mahu2021 ($8.91 in chips) 
Seat 3: rafaelboito ($11.64 in chips) 
Seat 4: Mozart440 ($18.88 in chips) 
Seat 5: Gioovanni_99 ($18.49 in chips) 
Seat 6: dmaap1 ($10 in chips) 
Mahu2021: posts small blind $0.05
rafaelboito: posts big blind $0.10
*** HOLE CARDS ***
Dealt to Mahu2021 [5h 9s]
Mozart440: folds 
Gioovanni_99: folds 
dmaap1: raises $0.10 to $0.20
Ryan_Sheckler92: calls $0.20
Mahu2021: folds 
rafaelboito: calls $0.10
*** FLOP *** [2h Jd 5d]
rafaelboito: checks 
dmaap1: checks 
Ryan_Sheckler92: checks 
*** TURN *** [2h Jd 5d] [Kh]
rafaelboito: checks 
dmaap1: checks 
Ryan_Sheckler92: checks 
*** RIVER *** [2h Jd 5d Kh] [4h]
rafaelboito: checks 
dmaap1: checks 
Ryan_Sheckler92: checks 
*** SHOW DOWN ***
rafaelboito: shows [3s Qs] (high card King)
dmaap1: shows [7h 7c] (a pair of Sevens)
Ryan_Sheckler92: mucks hand 
dmaap1 collected $0.62 from pot
*** SUMMARY ***
Total pot $0.65 | Rake $0.03 
Board [2h Jd 5d Kh 4h]
Seat 1: Ryan_Sheckler92 (button) mucked [7s As]
Seat 2: Mahu2021 (small blind) folded before Flop
Seat 3: rafaelboito (big blind) showed [3s Qs] and lost with high card King
Seat 4: Mozart440 folded before Flop (didn't bet)
Seat 5: Gioovanni_99 folded before Flop (didn't bet)
Seat 6: dmaap1 showed [7h 7c] and won ($0.62) with a pair of Sevens



PokerStars Zoom Hand #255415781366:  Hold'em No Limit ($0.05/$0.10) - 2025/03/23 16:59:04 CET [2025/03/23 11:59:04 ET]
Table 'Aludra' 6-max Seat #1 is the button
Seat 1: Gto_gtfo ($14.78 in chips) 
Seat 2: PovilasX ($18.84 in chips) 
Seat 3: Mahu2021 ($9.31 in chips) 
Seat 4: maxjenics ($16.35 in chips) 
Seat 5: Hash88754 ($14.07 in chips) 
Seat 6: Amb8463 ($9.43 in chips) 
PovilasX: posts small blind $0.05
Mahu2021: posts big blind $0.10
*** HOLE CARDS ***
Dealt to Mahu2021 [As 3s]
maxjenics: folds 
Hash88754: folds 
Amb8463: folds 
Gto_gtfo: folds 
PovilasX: raises $0.20 to $0.30
Mahu2021: calls $0.20
*** FLOP *** [Td Kh 5d]
PovilasX: bets $0.38
Mahu2021: folds 
Uncalled bet ($0.38) returned to PovilasX
PovilasX collected $0.57 from pot
PovilasX: doesn't show hand 
*** SUMMARY ***
Total pot $0.60 | Rake $0.03 
Board [Td Kh 5d]
Seat 1: Gto_gtfo (button) folded before Flop (didn't bet)
Seat 2: PovilasX (small blind) collected ($0.57)
Seat 3: Mahu2021 (big blind) folded on the Flop
Seat 4: maxjenics folded before Flop (didn't bet)
Seat 5: Hash88754 folded before Flop (didn't bet)
Seat 6: Amb8463 folded before Flop (didn't bet)



PokerStars Zoom Hand #255415780847:  Hold'em No Limit ($0.05/$0.10) - 2025/03/23 16:59:01 CET [2025/03/23 11:59:01 ET]
Table 'Aludra' 6-max Seat #1 is the button
Seat 1: Mahu2021 ($9.31 in chips) 
Seat 2: looser00091 ($10.22 in chips) 
Seat 3: Yuck0811 ($10.30 in chips) 
Seat 4: piknikschet ($15.26 in chips) 
Seat 5: lxxl81 ($10.43 in chips) 
Seat 6: soulfly2145 ($10.85 in chips) 
looser00091: posts small blind $0.05
Yuck0811: posts big blind $0.10
*** HOLE CARDS ***
Dealt to Mahu2021 [2h 6c]
piknikschet: folds 
lxxl81: folds 
soulfly2145: raises $0.15 to $0.25
Mahu2021: folds 
looser00091: folds 
Yuck0811: calls $0.15
*** FLOP *** [Qc 2d 9h]
Yuck0811: checks 
soulfly2145: bets $0.17
Yuck0811: folds 
Uncalled bet ($0.17) returned to soulfly2145
soulfly2145 collected $0.53 from pot
soulfly2145: doesn't show hand 
*** SUMMARY ***
Total pot $0.55 | Rake $0.02 
Board [Qc 2d 9h]
Seat 1: Mahu2021 (button) folded before Flop (didn't bet)
Seat 2: looser00091 (small blind) folded before Flop
Seat 3: Yuck0811 (big blind) folded on the Flop
Seat 4: piknikschet folded before Flop (didn't bet)
Seat 5: lxxl81 folded before Flop (didn't bet)
Seat 6: soulfly2145 collected ($0.53)



PokerStars Zoom Hand #255415784625:  Hold'em No Limit ($0.05/$0.10) - 2025/03/23 16:59:23 CET [2025/03/23 11:59:23 ET]
Table 'Aludra' 6-max Seat #1 is the button
Seat 1: ThomasJ76 ($10 in chips) 
Seat 2: Tranqville ($10.37 in chips) 
Seat 3: Rob3rt000 ($13.90 in chips) 
Seat 4: Rhymer82 ($10 in chips) 
Seat 5: SirBrown ($17.17 in chips) 
Seat 6: Mahu2021 ($9.01 in chips) 
Tranqville: posts small blind $0.05
Rob3rt000: posts big blind $0.10
*** HOLE CARDS ***
Dealt to Mahu2021 [Jd Ts]
Rhymer82: raises $0.10 to $0.20
SirBrown: folds 
Mahu2021: folds 
ThomasJ76: folds 
Tranqville: raises $0.90 to $1.10
Rob3rt000: folds 
Rhymer82: folds 
Uncalled bet ($0.90) returned to Tranqville
Tranqville collected $0.50 from pot
Tranqville: doesn't show hand 
*** SUMMARY ***
Total pot $0.50 | Rake $0 
Seat 1: ThomasJ76 (button) folded before Flop (didn't bet)
Seat 2: Tranqville (small blind) collected ($0.50)
Seat 3: Rob3rt000 (big blind) folded before Flop
Seat 4: Rhymer82 folded before Flop
Seat 5: SirBrown folded before Flop (didn't bet)
Seat 6: Mahu2021 folded before Flop (didn't bet)



PokerStars Zoom Hand #255415787252:  Hold'em No Limit ($0.05/$0.10) - 2025/03/23 16:59:38 CET [2025/03/23 11:59:38 ET]
Table 'Aludra' 6-max Seat #1 is the button
Seat 1: sigu0540 ($9.80 in chips) 
Seat 2: fusermx ($12.05 in chips) 
Seat 3: Mahu2021 ($8.96 in chips) 
Seat 4: Yuck0811 ($10.05 in chips) 
Seat 5: mateo vivas ($10.20 in chips) 
Seat 6: Rassty1983 ($10.36 in chips) 
fusermx: posts small blind $0.05
Mahu2021: posts big blind $0.10
*** HOLE CARDS ***
Dealt to Mahu2021 [8h Qd]
Yuck0811: folds 
mateo vivas: folds 
Rassty1983: folds 
sigu0540: raises $0.20 to $0.30
fusermx: folds 
Mahu2021: folds 
Uncalled bet ($0.20) returned to sigu0540
sigu0540 collected $0.25 from pot
sigu0540: doesn't show hand 
*** SUMMARY ***
Total pot $0.25 | Rake $0 
Seat 1: sigu0540 (button) collected ($0.25)
Seat 2: fusermx (small blind) folded before Flop
Seat 3: Mahu2021 (big blind) folded before Flop
Seat 4: Yuck0811 folded before Flop (didn't bet)
Seat 5: mateo vivas folded before Flop (didn't bet)
Seat 6: Rassty1983 folded before Flop (didn't bet)



PokerStars Zoom Hand #255415785971:  Hold'em No Limit ($0.05/$0.10) - 2025/03/23 16:59:31 CET [2025/03/23 11:59:31 ET]
Table 'Aludra' 6-max Seat #1 is the button
Seat 1: fusermx ($9.52 in chips) 
Seat 2: Mahu2021 ($9.01 in chips) 
Seat 3: calum101 ($10.58 in chips) 
Seat 4: royacht ($9.28 in chips) 
Seat 5: Amb8463 ($9.38 in chips) 
Seat 6: Gto_gtfo ($10.28 in chips) 
Mahu2021: posts small blind $0.05
calum101: posts big blind $0.10
*** HOLE CARDS ***
Dealt to Mahu2021 [Kh 7c]
royacht: calls $0.10
Amb8463: folds 
Gto_gtfo: folds 
fusermx: folds 
Mahu2021: folds 
calum101: checks 
*** FLOP *** [3h Tc 6d]
calum101: checks 
royacht: checks 
*** TURN *** [3h Tc 6d] [As]
calum101: checks 
royacht: checks 
*** RIVER *** [3h Tc 6d As] [5s]
calum101: checks 
royacht: bets $0.24
calum101: folds 
Uncalled bet ($0.24) returned to royacht
royacht collected $0.24 from pot
royacht: doesn't show hand 
*** SUMMARY ***
Total pot $0.25 | Rake $0.01 
Board [3h Tc 6d As 5s]
Seat 1: fusermx (button) folded before Flop (didn't bet)
Seat 2: Mahu2021 (small blind) folded before Flop
Seat 3: calum101 (big blind) folded on the River
Seat 4: royacht collected ($0.24)
Seat 5: Amb8463 folded before Flop (didn't bet)
Seat 6: Gto_gtfo folded before Flop (didn't bet)



PokerStars Zoom Hand #255415790705:  Hold'em No Limit ($0.05/$0.10) - 2025/03/23 16:59:57 CET [2025/03/23 11:59:57 ET]
Table 'Aludra' 6-max Seat #1 is the button
Seat 1: dmaap1 ($10.38 in chips) 
Seat 2: Mahu2021 ($8.86 in chips) 
Seat 3: sigu0540 ($10 in chips) 
Seat 4: deejaydmc ($1.50 in chips) 
Seat 5: bigpebble1234 ($16.89 in chips) 
Seat 6: amardreng ($19.82 in chips) 
Mahu2021: posts small blind $0.05
sigu0540: posts big blind $0.10
*** HOLE CARDS ***
Dealt to Mahu2021 [Kc 9h]
deejaydmc: folds 
bigpebble1234: folds 
amardreng: raises $0.25 to $0.35
dmaap1: folds 
Mahu2021: folds 
sigu0540: folds 
Uncalled bet ($0.25) returned to amardreng
amardreng collected $0.25 from pot
amardreng: doesn't show hand 
*** SUMMARY ***
Total pot $0.25 | Rake $0 
Seat 1: dmaap1 (button) folded before Flop (didn't bet)
Seat 2: Mahu2021 (small blind) folded before Flop
Seat 3: sigu0540 (big blind) folded before Flop
Seat 4: deejaydmc folded before Flop (didn't bet)
Seat 5: bigpebble1234 folded before Flop (didn't bet)
Seat 6: amardreng collected ($0.25)



PokerStars Zoom Hand #255415790218:  Hold'em No Limit ($0.05/$0.10) - 2025/03/23 16:59:54 CET [2025/03/23 11:59:54 ET]
Table 'Aludra' 6-max Seat #1 is the button
Seat 1: adelcio70 ($23.67 in chips) 
Seat 2: Rob3rt000 ($13.80 in chips) 
Seat 3: Lobo ll ($10.14 in chips) 
Seat 4: Hash88754 ($14.07 in chips) 
Seat 5: Smdpair77 ($16.31 in chips) 
Seat 6: Mahu2021 ($8.86 in chips) 
Rob3rt000: posts small blind $0.05
Lobo ll: posts big blind $0.10
*** HOLE CARDS ***
Dealt to Mahu2021 [6h Ks]
Hash88754: folds 
Smdpair77: folds 
Mahu2021: folds 
adelcio70: raises $0.10 to $0.20
Rob3rt000: folds 
Lobo ll: folds 
Uncalled bet ($0.10) returned to adelcio70
adelcio70 collected $0.25 from pot
adelcio70: doesn't show hand 
*** SUMMARY ***
Total pot $0.25 | Rake $0 
Seat 1: adelcio70 (button) collected ($0.25)
Seat 2: Rob3rt000 (small blind) folded before Flop
Seat 3: Lobo ll (big blind) folded before Flop
Seat 4: Hash88754 folded before Flop (didn't bet)
Seat 5: Smdpair77 folded before Flop (didn't bet)
Seat 6: Mahu2021 folded before Flop (didn't bet)



PokerStars Zoom Hand #255415788270:  Hold'em No Limit ($0.05/$0.10) - 2025/03/23 16:59:44 CET [2025/03/23 11:59:44 ET]
Table 'Aludra' 6-max Seat #1 is the button
Seat 1: Luckb0xb1ll ($11.94 in chips) 
Seat 2: Rassty1983 ($10 in chips) 
Seat 3: strashilisht ($12.21 in chips) 
Seat 4: DAVEDOUGHNUT ($17.21 in chips) 
Seat 5: Mahu2021 ($8.86 in chips) 
Seat 6: Don Patato's ($11.01 in chips) 
Rassty1983: posts small blind $0.05
strashilisht: posts big blind $0.10
*** HOLE CARDS ***
Dealt to Mahu2021 [7c 6h]
DAVEDOUGHNUT: folds 
Mahu2021: folds 
Don Patato's: folds 
Luckb0xb1ll: raises $0.11 to $0.21
Rassty1983: calls $0.16
strashilisht: folds 
*** FLOP *** [Kd Th 8h]
Rassty1983: checks 
Luckb0xb1ll: bets $0.25
Rassty1983: folds 
Uncalled bet ($0.25) returned to Luckb0xb1ll
Luckb0xb1ll collected $0.50 from pot
Luckb0xb1ll: doesn't show hand 
*** SUMMARY ***
Total pot $0.52 | Rake $0.02 
Board [Kd Th 8h]
Seat 1: Luckb0xb1ll (button) collected ($0.50)
Seat 2: Rassty1983 (small blind) folded on the Flop
Seat 3: strashilisht (big blind) folded before Flop
Seat 4: DAVEDOUGHNUT folded before Flop (didn't bet)
Seat 5: Mahu2021 folded before Flop (didn't bet)
Seat 6: Don Patato's folded before Flop (didn't bet)



PokerStars Zoom Hand #255415789388:  Hold'em No Limit ($0.05/$0.10) - 2025/03/23 16:59:51 CET [2025/03/23 11:59:51 ET]
Table 'Aludra' 6-max Seat #1 is the button
Seat 1: Mahu2021 ($8.86 in chips) 
Seat 2: DAVEDOUGHNUT ($17.21 in chips) 
Seat 3: Gto_gtfo ($14.79 in chips) 
Seat 4: sherlost ($10.42 in chips) 
Seat 5: vgiourou ($17.01 in chips) 
Seat 6: ThomasJ76 ($10 in chips) 
DAVEDOUGHNUT: posts small blind $0.05
Gto_gtfo: posts big blind $0.10
*** HOLE CARDS ***
Dealt to Mahu2021 [Jc 6c]
sherlost: raises $0.15 to $0.25
vgiourou: folds 
ThomasJ76: folds 
Mahu2021: folds 
DAVEDOUGHNUT: calls $0.20
Gto_gtfo: folds 
*** FLOP *** [Js Jh As]
DAVEDOUGHNUT: checks 
sherlost: checks 
*** TURN *** [Js Jh As] [Jd]
DAVEDOUGHNUT: bets $0.10
sherlost: calls $0.10
*** RIVER *** [Js Jh As Jd] [Ad]
DAVEDOUGHNUT: checks 
sherlost: checks 
*** SHOW DOWN ***
DAVEDOUGHNUT: shows [9d Qd] (a full house, Jacks full of Aces)
sherlost: shows [3s 3d] (a full house, Jacks full of Aces)
DAVEDOUGHNUT collected $0.38 from pot
sherlost collected $0.38 from pot
*** SUMMARY ***
Total pot $0.80 | Rake $0.04 
Board [Js Jh As Jd Ad]
Seat 1: Mahu2021 (button) folded before Flop (didn't bet)
Seat 2: DAVEDOUGHNUT (small blind) showed [9d Qd] and won ($0.38) with a full house, Jacks full of Aces
Seat 3: Gto_gtfo (big blind) folded before Flop
Seat 4: sherlost showed [3s 3d] and won ($0.38) with a full house, Jacks full of Aces
Seat 5: vgiourou folded before Flop (didn't bet)
Seat 6: ThomasJ76 folded before Flop (didn't bet)



PokerStars Zoom Hand #255415792731:  Hold'em No Limit ($0.05/$0.10) - 2025/03/23 17:00:09 CET [2025/03/23 12:00:09 ET]
Table 'Aludra' 6-max Seat #1 is the button
Seat 1: pokeripuikko ($26.81 in chips) 
Seat 2: royacht ($9.42 in chips) 
Seat 3: Smdpair77 ($16.26 in chips) 
Seat 4: deejaydmc ($1.50 in chips) 
Seat 5: Mahu2021 ($8.81 in chips) 
Seat 6: AllMenMstSrv ($10.50 in chips) 
royacht: posts small blind $0.05
Smdpair77: posts big blind $0.10
*** HOLE CARDS ***
Dealt to Mahu2021 [7h Js]
deejaydmc: folds 
Mahu2021: folds 
AllMenMstSrv: raises $0.15 to $0.25
pokeripuikko: raises $0.50 to $0.75
royacht: folds 
Smdpair77: folds 
AllMenMstSrv: folds 
Uncalled bet ($0.50) returned to pokeripuikko
pokeripuikko collected $0.65 from pot
pokeripuikko: doesn't show hand 
*** SUMMARY ***
Total pot $0.65 | Rake $0 
Seat 1: pokeripuikko (button) collected ($0.65)
Seat 2: royacht (small blind) folded before Flop
Seat 3: Smdpair77 (big blind) folded before Flop
Seat 4: deejaydmc folded before Flop (didn't bet)
Seat 5: Mahu2021 folded before Flop (didn't bet)
Seat 6: AllMenMstSrv folded before Flop



PokerStars Zoom Hand #255415785548:  Hold'em No Limit ($0.05/$0.10) - 2025/03/23 16:59:28 CET [2025/03/23 11:59:28 ET]
Table 'Aludra' 6-max Seat #1 is the button
Seat 1: kaitekiz ($12.36 in chips) 
Seat 2: BluffsLord ($17.07 in chips) 
Seat 3: mikkelangel0 ($11.80 in chips) 
Seat 4: OeTen101 ($15.15 in chips) 
Seat 5: Mahu2021 ($9.01 in chips) 
Seat 6: Mozart440 ($10 in chips) 
BluffsLord: posts small blind $0.05
mikkelangel0: posts big blind $0.10
*** HOLE CARDS ***
Dealt to Mahu2021 [Qs 8h]
OeTen101: raises $0.10 to $0.20
Mahu2021: folds 
Mozart440: folds 
kaitekiz: folds 
BluffsLord: folds 
mikkelangel0: calls $0.10
*** FLOP *** [5s 3s 9h]
mikkelangel0: checks 
OeTen101: bets $0.13
mikkelangel0: calls $0.13
*** TURN *** [5s 3s 9h] [9d]
mikkelangel0: checks 
OeTen101: checks 
*** RIVER *** [5s 3s 9h 9d] [Tc]
mikkelangel0: checks 
OeTen101: bets $0.34
mikkelangel0: folds 
Uncalled bet ($0.34) returned to OeTen101
OeTen101 collected $0.67 from pot
OeTen101: doesn't show hand 
*** SUMMARY ***
Total pot $0.71 | Rake $0.04 
Board [5s 3s 9h 9d Tc]
Seat 1: kaitekiz (button) folded before Flop (didn't bet)
Seat 2: BluffsLord (small blind) folded before Flop
Seat 3: mikkelangel0 (big blind) folded on the River
Seat 4: OeTen101 collected ($0.67)
Seat 5: Mahu2021 folded before Flop (didn't bet)
Seat 6: Mozart440 folded before Flop (didn't bet)



PokerStars Zoom Hand #255415793475:  Hold'em No Limit ($0.05/$0.10) - 2025/03/23 17:00:13 CET [2025/03/23 12:00:13 ET]
Table 'Aludra' 6-max Seat #1 is the button
Seat 1: sigu0540 ($9.85 in chips) 
Seat 2: calum101 ($10.35 in chips) 
Seat 3: COVEIROANCAP ($11.55 in chips) 
Seat 4: Mahu2021 ($8.81 in chips) 
Seat 5: deejaydmc ($1.50 in chips) 
Seat 6: RA1010 ($12.25 in chips) 
calum101: posts small blind $0.05
COVEIROANCAP: posts big blind $0.10
*** HOLE CARDS ***
Dealt to Mahu2021 [Td 7s]
Mahu2021: folds 
deejaydmc: raises $0.15 to $0.25
RA1010: folds 
sigu0540: folds 
calum101: raises $0.50 to $0.75
COVEIROANCAP: folds 
deejaydmc: raises $0.75 to $1.50 and is all-in
calum101: calls $0.75
*** FLOP *** [Qs 9s 4d]
*** TURN *** [Qs 9s 4d] [Tc]
*** RIVER *** [Qs 9s 4d Tc] [Kc]
*** SHOW DOWN ***
calum101: shows [Kd Ac] (a pair of Kings)
deejaydmc: shows [3d 3c] (a pair of Threes)
calum101 collected $2.96 from pot
*** SUMMARY ***
Total pot $3.10 | Rake $0.14 
Board [Qs 9s 4d Tc Kc]
Seat 1: sigu0540 (button) folded before Flop (didn't bet)
Seat 2: calum101 (small blind) showed [Kd Ac] and won ($2.96) with a pair of Kings
Seat 3: COVEIROANCAP (big blind) folded before Flop
Seat 4: Mahu2021 folded before Flop (didn't bet)
Seat 5: deejaydmc showed [3d 3c] and lost with a pair of Threes
Seat 6: RA1010 folded before Flop (didn't bet)



PokerStars Zoom Hand #255415794351:  Hold'em No Limit ($0.05/$0.10) - 2025/03/23 17:00:18 CET [2025/03/23 12:00:18 ET]
Table 'Aludra' 6-max Seat #1 is the button
Seat 1: DamnLuck89 ($19.94 in chips) 
Seat 2: wil_e_84 ($10 in chips) 
Seat 3: Mahu2021 ($8.81 in chips) 
Seat 4: TzunnyNIB ($19.10 in chips) 
Seat 5: Luckb0xb1ll ($12.23 in chips) 
Seat 6: AllMenMstSrv ($11.91 in chips) 
wil_e_84: posts small blind $0.05
Mahu2021: posts big blind $0.10
*** HOLE CARDS ***
Dealt to Mahu2021 [Ah Qs]
TzunnyNIB: folds 
Luckb0xb1ll: folds 
AllMenMstSrv: raises $0.15 to $0.25
DamnLuck89: folds 
wil_e_84: folds 
Mahu2021: raises $0.85 to $1.10
AllMenMstSrv: folds 
Uncalled bet ($0.85) returned to Mahu2021
Mahu2021 collected $0.55 from pot
Mahu2021: doesn't show hand 
*** SUMMARY ***
Total pot $0.55 | Rake $0 
Seat 1: DamnLuck89 (button) folded before Flop (didn't bet)
Seat 2: wil_e_84 (small blind) folded before Flop
Seat 3: Mahu2021 (big blind) collected ($0.55)
Seat 4: TzunnyNIB folded before Flop (didn't bet)
Seat 5: Luckb0xb1ll folded before Flop (didn't bet)
Seat 6: AllMenMstSrv folded before Flop



PokerStars Zoom Hand #255415799718:  Hold'em No Limit ($0.05/$0.10) - 2025/03/23 17:00:47 CET [2025/03/23 12:00:47 ET]
Table 'Aludra' 6-max Seat #1 is the button
Seat 1: Mahu2021 ($9.11 in chips) 
Seat 2: Braghinn ($28.25 in chips) 
Seat 3: Mozart440 ($14.37 in chips) 
Seat 4: calum101 ($13.64 in chips) 
Seat 5: DAVEDOUGHNUT ($17.14 in chips) 
Seat 6: piknikschet ($12.96 in chips) 
Braghinn: posts small blind $0.05
Mozart440: posts big blind $0.10
*** HOLE CARDS ***
Dealt to Mahu2021 [6s 3d]
calum101: folds 
DAVEDOUGHNUT: folds 
piknikschet: folds 
Mahu2021: folds 
Braghinn: folds 
Uncalled bet ($0.05) returned to Mozart440
Mozart440 collected $0.10 from pot
Mozart440: doesn't show hand 
*** SUMMARY ***
Total pot $0.10 | Rake $0 
Seat 1: Mahu2021 (button) folded before Flop (didn't bet)
Seat 2: Braghinn (small blind) folded before Flop
Seat 3: Mozart440 (big blind) collected ($0.10)
Seat 4: calum101 folded before Flop (didn't bet)
Seat 5: DAVEDOUGHNUT folded before Flop (didn't bet)
Seat 6: piknikschet folded before Flop (didn't bet)



PokerStars Zoom Hand #255415800576:  Hold'em No Limit ($0.05/$0.10) - 2025/03/23 17:00:52 CET [2025/03/23 12:00:52 ET]
Table 'Aludra' 6-max Seat #1 is the button
Seat 1: dreexxar ($10 in chips) 
Seat 2: RA1010 ($12.55 in chips) 
Seat 3: calum101 ($11.81 in chips) 
Seat 4: Mahu2021 ($9.11 in chips) 
Seat 5: gini777gini ($11.30 in chips) 
Seat 6: Rassty1983 ($10 in chips) 
RA1010: posts small blind $0.05
calum101: posts big blind $0.10
*** HOLE CARDS ***
Dealt to Mahu2021 [Qs 7s]
Mahu2021: folds 
gini777gini: folds 
Rassty1983: folds 
dreexxar: raises $0.13 to $0.23
RA1010: folds 
calum101: folds 
Uncalled bet ($0.13) returned to dreexxar
dreexxar collected $0.25 from pot
dreexxar: doesn't show hand 
*** SUMMARY ***
Total pot $0.25 | Rake $0 
Seat 1: dreexxar (button) collected ($0.25)
Seat 2: RA1010 (small blind) folded before Flop
Seat 3: calum101 (big blind) folded before Flop
Seat 4: Mahu2021 folded before Flop (didn't bet)
Seat 5: gini777gini folded before Flop (didn't bet)
Seat 6: Rassty1983 folded before Flop (didn't bet)



PokerStars Zoom Hand #255415801737:  Hold'em No Limit ($0.05/$0.10) - 2025/03/23 17:00:57 CET [2025/03/23 12:00:57 ET]
Table 'Aludra' 6-max Seat #1 is the button
Seat 1: P$alim93 ($10.53 in chips) 
Seat 2: fusermx ($14.41 in chips) 
Seat 3: Rassty1983 ($10.06 in chips) 
Seat 4: Grim Creepr ($18.30 in chips) 
Seat 5: Mahu2021 ($9.11 in chips) 
Seat 6: pokeripuikko ($20.62 in chips) 
fusermx: posts small blind $0.05
Rassty1983: posts big blind $0.10
*** HOLE CARDS ***
Dealt to Mahu2021 [Qd Qh]
Grim Creepr: folds 
Mahu2021: raises $0.20 to $0.30
pokeripuikko: folds 
P$alim93: raises $0.60 to $0.90
fusermx: folds 
Rassty1983: calls $0.80
Mahu2021: calls $0.60
*** FLOP *** [8h 9c 8s]
Rassty1983: checks 
Mahu2021: bets $0.90
P$alim93: folds 
Rassty1983: calls $0.90
*** TURN *** [8h 9c 8s] [Jh]
Rassty1983: checks 
Mahu2021: bets $2.10
Rassty1983: raises $2.10 to $4.20
Mahu2021: calls $2.10
*** RIVER *** [8h 9c 8s Jh] [Jc]
Rassty1983: bets $4.06 and is all-in
Mahu2021: calls $3.11 and is all-in
Uncalled bet ($0.95) returned to Rassty1983
*** SHOW DOWN ***
Rassty1983: shows [9d 9s] (a full house, Nines full of Jacks)
Mahu2021: shows [Qd Qh] (two pair, Queens and Jacks)
Rassty1983 collected $18.31 from pot
*** SUMMARY ***
Total pot $19.17 | Rake $0.86 
Board [8h 9c 8s Jh Jc]
Seat 1: P$alim93 (button) folded on the Flop
Seat 2: fusermx (small blind) folded before Flop
Seat 3: Rassty1983 (big blind) showed [9d 9s] and won ($18.31) with a full house, Nines full of Jacks
Seat 4: Grim Creepr folded before Flop (didn't bet)
Seat 5: Mahu2021 showed [Qd Qh] and lost with two pair, Queens and Jacks
Seat 6: pokeripuikko folded before Flop (didn't bet)



PokerStars Zoom Hand #255415843038:  Hold'em No Limit ($0.05/$0.10) - 2025/03/23 17:03:47 CET [2025/03/23 12:03:47 ET]
Table 'Aludra' 6-max Seat #1 is the button
Seat 1: Mahu2021 ($10 in chips) 
Seat 2: OeTen101 ($16.36 in chips) 
Seat 3: fulcrum247 ($13.70 in chips) 
Seat 4: sherlost ($8 in chips) 
Seat 5: kaitekiz ($13.06 in chips) 
Seat 6: lxxl81 ($10.51 in chips) 
OeTen101: posts small blind $0.05
fulcrum247: posts big blind $0.10
*** HOLE CARDS ***
Dealt to Mahu2021 [Kh 3c]
sherlost: folds 
kaitekiz: folds 
lxxl81: folds 
Mahu2021: folds 
OeTen101: raises $0.20 to $0.30
fulcrum247: calls $0.20
*** FLOP *** [Qh 2h 2c]
OeTen101: checks 
fulcrum247: bets $0.29
OeTen101: folds 
Uncalled bet ($0.29) returned to fulcrum247
fulcrum247 collected $0.57 from pot
fulcrum247: doesn't show hand 
*** SUMMARY ***
Total pot $0.60 | Rake $0.03 
Board [Qh 2h 2c]
Seat 1: Mahu2021 (button) folded before Flop (didn't bet)
Seat 2: OeTen101 (small blind) folded on the Flop
Seat 3: fulcrum247 (big blind) collected ($0.57)
Seat 4: sherlost folded before Flop (didn't bet)
Seat 5: kaitekiz folded before Flop (didn't bet)
Seat 6: lxxl81 folded before Flop (didn't bet)



PokerStars Zoom Hand #255415844594:  Hold'em No Limit ($0.05/$0.10) - 2025/03/23 17:03:53 CET [2025/03/23 12:03:53 ET]
Table 'Aludra' 6-max Seat #1 is the button
Seat 1: OliTheGoalie84 ($15.91 in chips) 
Seat 2: Mahu2021 ($10 in chips) 
Seat 3: guizzo77 ($10 in chips) 
Seat 4: Gto_gtfo ($11.40 in chips) 
Seat 5: vgiourou ($22.20 in chips) 
Seat 6: royacht ($9.95 in chips) 
Mahu2021: posts small blind $0.05
guizzo77: posts big blind $0.10
*** HOLE CARDS ***
Dealt to Mahu2021 [8s 8h]
Gto_gtfo: folds 
vgiourou: raises $0.10 to $0.20
royacht: folds 
OliTheGoalie84: folds 
Mahu2021: calls $0.15
guizzo77: calls $0.10
*** FLOP *** [6c Jh Kd]
Mahu2021: checks 
guizzo77: checks 
vgiourou: checks 
*** TURN *** [6c Jh Kd] [9d]
Mahu2021: checks 
guizzo77: bets $0.20
vgiourou: folds 
Mahu2021: folds 
Uncalled bet ($0.20) returned to guizzo77
guizzo77 collected $0.57 from pot
guizzo77: doesn't show hand 
*** SUMMARY ***
Total pot $0.60 | Rake $0.03 
Board [6c Jh Kd 9d]
Seat 1: OliTheGoalie84 (button) folded before Flop (didn't bet)
Seat 2: Mahu2021 (small blind) folded on the Turn
Seat 3: guizzo77 (big blind) collected ($0.57)
Seat 4: Gto_gtfo folded before Flop (didn't bet)
Seat 5: vgiourou folded on the Turn
Seat 6: royacht folded before Flop (didn't bet)



PokerStars Zoom Hand #255415851508:  Hold'em No Limit ($0.05/$0.10) - 2025/03/23 17:04:20 CET [2025/03/23 12:04:20 ET]
Table 'Aludra' 6-max Seat #1 is the button
Seat 1: pokeripuikko ($15.78 in chips) 
Seat 2: Luckb0xb1ll ($10.75 in chips) 
Seat 3: Braghinn ($28.30 in chips) 
Seat 4: DamnLuck89 ($10.35 in chips) 
Seat 5: P$alim93 ($10 in chips) 
Seat 6: Mahu2021 ($9.80 in chips) 
Luckb0xb1ll: posts small blind $0.05
Braghinn: posts big blind $0.10
*** HOLE CARDS ***
Dealt to Mahu2021 [Ad Kd]
DamnLuck89: folds 
P$alim93: folds 
Mahu2021: raises $0.14 to $0.24
pokeripuikko: folds 
Luckb0xb1ll: folds 
Braghinn: calls $0.14
*** FLOP *** [3h 4d Kc]
Braghinn: checks 
Mahu2021: bets $0.30
Braghinn: folds 
Uncalled bet ($0.30) returned to Mahu2021
Mahu2021 collected $0.51 from pot
Mahu2021: doesn't show hand 
*** SUMMARY ***
Total pot $0.53 | Rake $0.02 
Board [3h 4d Kc]
Seat 1: pokeripuikko (button) folded before Flop (didn't bet)
Seat 2: Luckb0xb1ll (small blind) folded before Flop
Seat 3: Braghinn (big blind) folded on the Flop
Seat 4: DamnLuck89 folded before Flop (didn't bet)
Seat 5: P$alim93 folded before Flop (didn't bet)
Seat 6: Mahu2021 collected ($0.51)



PokerStars Zoom Hand #255415883272:  Hold'em No Limit ($0.05/$0.10) - 2025/03/23 17:06:19 CET [2025/03/23 12:06:19 ET]
Table 'Aludra' 6-max Seat #1 is the button
Seat 1: Mozart440 ($13.24 in chips) 
Seat 2: Lobo ll ($8.81 in chips) 
Seat 3: Mahu2021 ($10.07 in chips) 
Seat 4: slownoris ($17.71 in chips) 
Seat 5: vgiourou ($4.67 in chips) 
Seat 6: pokeripuikko ($27.68 in chips) 
Lobo ll: posts small blind $0.05
Mahu2021: posts big blind $0.10
*** HOLE CARDS ***
Dealt to Mahu2021 [8d Jh]
slownoris: folds 
vgiourou: folds 
pokeripuikko: folds 
Mozart440: folds 
Lobo ll: folds 
Uncalled bet ($0.05) returned to Mahu2021
Mahu2021 collected $0.10 from pot
Mahu2021: doesn't show hand 
*** SUMMARY ***
Total pot $0.10 | Rake $0 
Seat 1: Mozart440 (button) folded before Flop (didn't bet)
Seat 2: Lobo ll (small blind) folded before Flop
Seat 3: Mahu2021 (big blind) collected ($0.10)
Seat 4: slownoris folded before Flop (didn't bet)
Seat 5: vgiourou folded before Flop (didn't bet)
Seat 6: pokeripuikko folded before Flop (didn't bet)



PokerStars Zoom Hand #255415886717:  Hold'em No Limit ($0.05/$0.10) - 2025/03/23 17:06:32 CET [2025/03/23 12:06:32 ET]
Table 'Aludra' 6-max Seat #1 is the button
Seat 1: guizzo77 ($10.40 in chips) 
Seat 2: DamnLuck89 ($27.42 in chips) 
Seat 3: masi1951 ($3.41 in chips) 
Seat 4: Gimme63 ($10.65 in chips) 
Seat 5: billdobs ($8.15 in chips) 
Seat 6: Mahu2021 ($10.12 in chips) 
DamnLuck89: posts small blind $0.05
masi1951: posts big blind $0.10
*** HOLE CARDS ***
Dealt to Mahu2021 [6c 7d]
Gimme63: folds 
billdobs: folds 
Mahu2021: folds 
guizzo77: folds 
DamnLuck89: folds 
Uncalled bet ($0.05) returned to masi1951
masi1951 collected $0.10 from pot
masi1951: doesn't show hand 
*** SUMMARY ***
Total pot $0.10 | Rake $0 
Seat 1: guizzo77 (button) folded before Flop (didn't bet)
Seat 2: DamnLuck89 (small blind) folded before Flop
Seat 3: masi1951 (big blind) collected ($0.10)
Seat 4: Gimme63 folded before Flop (didn't bet)
Seat 5: billdobs folded before Flop (didn't bet)
Seat 6: Mahu2021 folded before Flop (didn't bet)



PokerStars Zoom Hand #255415887572:  Hold'em No Limit ($0.05/$0.10) - 2025/03/23 17:06:35 CET [2025/03/23 12:06:35 ET]
Table 'Aludra' 6-max Seat #1 is the button
Seat 1: Hash88754 ($7.44 in chips) 
Seat 2: sigu0540 ($9.90 in chips) 
Seat 3: pokeripuikko ($15.65 in chips) 
Seat 4: Bolsachian ($33.12 in chips) 
Seat 5: Mahu2021 ($10.12 in chips) 
Seat 6: P$alim93 ($11.33 in chips) 
sigu0540: posts small blind $0.05
pokeripuikko: posts big blind $0.10
*** HOLE CARDS ***
Dealt to Mahu2021 [Qs Jc]
Bolsachian: raises $0.20 to $0.30
Mahu2021: folds 
P$alim93: folds 
Hash88754: folds 
sigu0540: folds 
pokeripuikko: folds 
Uncalled bet ($0.20) returned to Bolsachian
Bolsachian collected $0.25 from pot
Bolsachian: doesn't show hand 
*** SUMMARY ***
Total pot $0.25 | Rake $0 
Seat 1: Hash88754 (button) folded before Flop (didn't bet)
Seat 2: sigu0540 (small blind) folded before Flop
Seat 3: pokeripuikko (big blind) folded before Flop
Seat 4: Bolsachian collected ($0.25)
Seat 5: Mahu2021 folded before Flop (didn't bet)
Seat 6: P$alim93 folded before Flop (didn't bet)



PokerStars Zoom Hand #255415889054:  Hold'em No Limit ($0.05/$0.10) - 2025/03/23 17:06:41 CET [2025/03/23 12:06:41 ET]
Table 'Aludra' 6-max Seat #1 is the button
Seat 1: Mahu2021 ($10.12 in chips) 
Seat 2: masi1951 ($3.46 in chips) 
Seat 3: LogicalHope ($10.36 in chips) 
Seat 4: Lobo ll ($8.66 in chips) 
Seat 5: dmaap1 ($11.10 in chips) 
Seat 6: OeTen101 ($16.58 in chips) 
masi1951: posts small blind $0.05
LogicalHope: posts big blind $0.10
*** HOLE CARDS ***
Dealt to Mahu2021 [3d 7c]
Lobo ll: folds 
dmaap1: folds 
OeTen101: raises $0.13 to $0.23
Mahu2021: folds 
masi1951: folds 
LogicalHope: raises $0.97 to $1.20
OeTen101: folds 
Uncalled bet ($0.97) returned to LogicalHope
LogicalHope collected $0.51 from pot
LogicalHope: doesn't show hand 
*** SUMMARY ***
Total pot $0.51 | Rake $0 
Seat 1: Mahu2021 (button) folded before Flop (didn't bet)
Seat 2: masi1951 (small blind) folded before Flop
Seat 3: LogicalHope (big blind) collected ($0.51)
Seat 4: Lobo ll folded before Flop (didn't bet)
Seat 5: dmaap1 folded before Flop (didn't bet)
Seat 6: OeTen101 folded before Flop



PokerStars Zoom Hand #255415890080:  Hold'em No Limit ($0.05/$0.10) - 2025/03/23 17:06:45 CET [2025/03/23 12:06:45 ET]
Table 'Aludra' 6-max Seat #1 is the button
Seat 1: pokeripuikko ($27.53 in chips) 
Seat 2: Andreesen ($10.63 in chips) 
Seat 3: Mahu2021 ($10.12 in chips) 
Seat 4: Hash88754 ($12.71 in chips) 
Seat 5: Smdpair77 ($18.54 in chips) 
Seat 6: Lobo ll ($8.66 in chips) 
Andreesen: posts small blind $0.05
Mahu2021: posts big blind $0.10
*** HOLE CARDS ***
Dealt to Mahu2021 [Qc Qh]
Hash88754: raises $0.20 to $0.30
Smdpair77: folds 
Lobo ll: folds 
pokeripuikko: folds 
Andreesen: folds 
Mahu2021: raises $0.80 to $1.10
Hash88754: calls $0.80
*** FLOP *** [Kh 3s 8s]
Mahu2021: bets $0.80
Hash88754: folds 
Uncalled bet ($0.80) returned to Mahu2021
Mahu2021 collected $2.15 from pot
Mahu2021: doesn't show hand 
*** SUMMARY ***
Total pot $2.25 | Rake $0.10 
Board [Kh 3s 8s]
Seat 1: pokeripuikko (button) folded before Flop (didn't bet)
Seat 2: Andreesen (small blind) folded before Flop
Seat 3: Mahu2021 (big blind) collected ($2.15)
Seat 4: Hash88754 folded on the Flop
Seat 5: Smdpair77 folded before Flop (didn't bet)
Seat 6: Lobo ll folded before Flop (didn't bet)



