PokerStars Zoom Hand #253716965878:  Hold'em No Limit ($0.05/$0.10) - 2024/12/05 19:43:35 CET [2024/12/05 13:43:35 ET]
Table 'Aludra' 6-max Seat #1 is the button
Seat 1: Mahu2021 ($9.90 in chips) 
Seat 2: ang14mihai14 ($12.16 in chips) 
Seat 3: Guten3213 ($10 in chips) 
Seat 4: Optimal1992 ($10.62 in chips) 
Seat 5: marcio1979 ($10.25 in chips) 
Seat 6: ZJOKKEN ($9.41 in chips) 
ang14mihai14: posts small blind $0.05
Guten3213: posts big blind $0.10
*** HOLE CARDS ***
Dealt to Mahu2021 [3c Ks]
Optimal1992: folds 
marcio1979: folds 
ZJOKKEN: folds 
Mahu2021: folds 
ang14mihai14: folds 
Uncalled bet ($0.05) returned to Guten3213
Guten3213 collected $0.10 from pot
Guten3213: doesn't show hand 
*** SUMMARY ***
Total pot $0.10 | Rake $0 
Seat 1: Mahu2021 (button) folded before Flop (didn't bet)
Seat 2: ang14mihai14 (small blind) folded before Flop
Seat 3: Guten3213 (big blind) collected ($0.10)
Seat 4: Optimal1992 folded before Flop (didn't bet)
Seat 5: marcio1979 folded before Flop (didn't bet)
Seat 6: ZJOKKEN folded before Flop (didn't bet)



PokerStars Zoom Hand #253716963451:  Hold'em No Limit ($0.05/$0.10) - 2024/12/05 19:43:25 CET [2024/12/05 13:43:25 ET]
Table 'Aludra' 6-max Seat #1 is the button
Seat 1: jeanyk ($7.81 in chips) 
Seat 2: Hoyer55 ($3.98 in chips) 
Seat 3: Mahu2021 ($10 in chips) 
Seat 4: AmazingIKnow ($5.36 in chips) 
Seat 5: Luffy V ($10.27 in chips) 
Seat 6: MAQUIDANY ($17.51 in chips) 
Hoyer55: posts small blind $0.05
Mahu2021: posts big blind $0.10
*** HOLE CARDS ***
Dealt to Mahu2021 [5s 8d]
AmazingIKnow: folds 
Luffy V: raises $0.15 to $0.25
MAQUIDANY: folds 
jeanyk: folds 
Hoyer55: folds 
Mahu2021: folds 
Uncalled bet ($0.15) returned to Luffy V
Luffy V collected $0.25 from pot
Luffy V: doesn't show hand 
*** SUMMARY ***
Total pot $0.25 | Rake $0 
Seat 1: jeanyk (button) folded before Flop (didn't bet)
Seat 2: Hoyer55 (small blind) folded before Flop
Seat 3: Mahu2021 (big blind) folded before Flop
Seat 4: AmazingIKnow folded before Flop (didn't bet)
Seat 5: Luffy V collected ($0.25)
Seat 6: MAQUIDANY folded before Flop (didn't bet)



PokerStars Zoom Hand #253716970152:  Hold'em No Limit ($0.05/$0.10) - 2024/12/05 19:43:51 CET [2024/12/05 13:43:51 ET]
Table 'Aludra' 6-max Seat #1 is the button
Seat 1: pokking876 ($14.37 in chips) 
Seat 2: Chakman1990 ($15.23 in chips) 
Seat 3: druss25 ($10.72 in chips) 
Seat 4: DonkeyKong1960 ($10.64 in chips) 
Seat 5: Kitam82 ($3.79 in chips) 
Seat 6: Mahu2021 ($9.85 in chips) 
Chakman1990: posts small blind $0.05
druss25: posts big blind $0.10
*** HOLE CARDS ***
Dealt to Mahu2021 [4s 2h]
DonkeyKong1960: folds 
Kitam82: folds 
Mahu2021: folds 
pokking876: folds 
Chakman1990: folds 
Uncalled bet ($0.05) returned to druss25
druss25 collected $0.10 from pot
druss25: doesn't show hand 
*** SUMMARY ***
Total pot $0.10 | Rake $0 
Seat 1: pokking876 (button) folded before Flop (didn't bet)
Seat 2: Chakman1990 (small blind) folded before Flop
Seat 3: druss25 (big blind) collected ($0.10)
Seat 4: DonkeyKong1960 folded before Flop (didn't bet)
Seat 5: Kitam82 folded before Flop (didn't bet)
Seat 6: Mahu2021 folded before Flop (didn't bet)



PokerStars Zoom Hand #253716967798:  Hold'em No Limit ($0.05/$0.10) - 2024/12/05 19:43:42 CET [2024/12/05 13:43:42 ET]
Table 'Aludra' 6-max Seat #1 is the button
Seat 1: chilli60 ($15.32 in chips) 
Seat 2: Mahu2021 ($9.90 in chips) 
Seat 3: B1ackwaterPark ($14.34 in chips) 
Seat 4: lefo21x ($33.36 in chips) 
Seat 5: marcio1979 ($10.97 in chips) 
Seat 6: Panda_Pooh_od ($10.52 in chips) 
Mahu2021: posts small blind $0.05
B1ackwaterPark: posts big blind $0.10
*** HOLE CARDS ***
Dealt to Mahu2021 [5s Qc]
lefo21x: folds 
marcio1979: raises $0.15 to $0.25
Panda_Pooh_od: folds 
chilli60: calls $0.25
Mahu2021: folds 
B1ackwaterPark: folds 
*** FLOP *** [3d Tc Ah]
marcio1979: bets $0.20
chilli60: folds 
Uncalled bet ($0.20) returned to marcio1979
marcio1979 collected $0.62 from pot
marcio1979: doesn't show hand 
*** SUMMARY ***
Total pot $0.65 | Rake $0.03 
Board [3d Tc Ah]
Seat 1: chilli60 (button) folded on the Flop
Seat 2: Mahu2021 (small blind) folded before Flop
Seat 3: B1ackwaterPark (big blind) folded before Flop
Seat 4: lefo21x folded before Flop (didn't bet)
Seat 5: marcio1979 collected ($0.62)
Seat 6: Panda_Pooh_od folded before Flop (didn't bet)



PokerStars Zoom Hand #253716971035:  Hold'em No Limit ($0.05/$0.10) - 2024/12/05 19:43:54 CET [2024/12/05 13:43:54 ET]
Table 'Aludra' 6-max Seat #1 is the button
Seat 1: marcio1979 ($10.27 in chips) 
Seat 2: Guten3213 ($10.05 in chips) 
Seat 3: Mahu2021 ($9.85 in chips) 
Seat 4: tomezou1222 ($9.78 in chips) 
Seat 5: Excelsior2022 ($9.85 in chips) 
Seat 6: rudni ($4.87 in chips) 
Guten3213: posts small blind $0.05
Mahu2021: posts big blind $0.10
*** HOLE CARDS ***
Dealt to Mahu2021 [As 5h]
tomezou1222: folds 
Excelsior2022: folds 
rudni: raises $0.25 to $0.35
marcio1979: calls $0.35
Guten3213: folds 
Mahu2021: folds 
*** FLOP *** [Jd Qs 4h]
rudni: bets $0.81
marcio1979: folds 
Uncalled bet ($0.81) returned to rudni
rudni collected $0.80 from pot
rudni: doesn't show hand 
*** SUMMARY ***
Total pot $0.85 | Rake $0.05 
Board [Jd Qs 4h]
Seat 1: marcio1979 (button) folded on the Flop
Seat 2: Guten3213 (small blind) folded before Flop
Seat 3: Mahu2021 (big blind) folded before Flop
Seat 4: tomezou1222 folded before Flop (didn't bet)
Seat 5: Excelsior2022 folded before Flop (didn't bet)
Seat 6: rudni collected ($0.80)



PokerStars Zoom Hand #253716973149:  Hold'em No Limit ($0.05/$0.10) - 2024/12/05 19:44:03 CET [2024/12/05 13:44:03 ET]
Table 'Aludra' 6-max Seat #1 is the button
Seat 1: ang14mihai14 ($12.11 in chips) 
Seat 2: Mahu2021 ($9.75 in chips) 
Seat 3: Kitam82 ($3.79 in chips) 
Seat 4: c2001 ($9.13 in chips) 
Seat 5: MAQUIDANY ($17.41 in chips) 
Seat 6: zzz7zzz7zzz ($10.30 in chips) 
Mahu2021: posts small blind $0.05
Kitam82: posts big blind $0.10
*** HOLE CARDS ***
Dealt to Mahu2021 [Kh Jd]
c2001: folds 
MAQUIDANY: folds 
zzz7zzz7zzz: folds 
ang14mihai14: folds 
Mahu2021: raises $0.20 to $0.30
Kitam82: calls $0.20
*** FLOP *** [7s As Jh]
Mahu2021: checks 
Kitam82: checks 
*** TURN *** [7s As Jh] [9d]
Mahu2021: bets $0.30
Kitam82: calls $0.30
*** RIVER *** [7s As Jh 9d] [Jc]
Mahu2021: bets $1.15
Kitam82: raises $1.44 to $2.59
Mahu2021: calls $1.44
*** SHOW DOWN ***
Kitam82: shows [Js Tc] (three of a kind, Jacks)
Mahu2021: shows [Kh Jd] (three of a kind, Jacks - Ace+King kicker)
Mahu2021 collected $6.09 from pot
*** SUMMARY ***
Total pot $6.38 | Rake $0.29 
Board [7s As Jh 9d Jc]
Seat 1: ang14mihai14 (button) folded before Flop (didn't bet)
Seat 2: Mahu2021 (small blind) showed [Kh Jd] and won ($6.09) with three of a kind, Jacks
Seat 3: Kitam82 (big blind) showed [Js Tc] and lost with three of a kind, Jacks
Seat 4: c2001 folded before Flop (didn't bet)
Seat 5: MAQUIDANY folded before Flop (didn't bet)
Seat 6: zzz7zzz7zzz folded before Flop (didn't bet)



PokerStars Zoom Hand #253716987114:  Hold'em No Limit ($0.05/$0.10) - 2024/12/05 19:44:56 CET [2024/12/05 13:44:56 ET]
Table 'Aludra' 6-max Seat #1 is the button
Seat 1: Panda_Pooh_od ($10 in chips) 
Seat 2: Soupy7171 ($13.60 in chips) 
Seat 3: marcio1979 ($10.90 in chips) 
Seat 4: ElDelfin38 ($11.91 in chips) 
Seat 5: Mahu2021 ($12.65 in chips) 
Seat 6: Guten3213 ($10 in chips) 
Soupy7171: posts small blind $0.05
marcio1979: posts big blind $0.10
*** HOLE CARDS ***
Dealt to Mahu2021 [9h Qh]
ElDelfin38: folds 
Mahu2021: folds 
Guten3213: folds 
Panda_Pooh_od: folds 
Soupy7171: folds 
Uncalled bet ($0.05) returned to marcio1979
marcio1979 collected $0.10 from pot
marcio1979: doesn't show hand 
*** SUMMARY ***
Total pot $0.10 | Rake $0 
Seat 1: Panda_Pooh_od (button) folded before Flop (didn't bet)
Seat 2: Soupy7171 (small blind) folded before Flop
Seat 3: marcio1979 (big blind) collected ($0.10)
Seat 4: ElDelfin38 folded before Flop (didn't bet)
Seat 5: Mahu2021 folded before Flop (didn't bet)
Seat 6: Guten3213 folded before Flop (didn't bet)



PokerStars Zoom Hand #253716989452:  Hold'em No Limit ($0.05/$0.10) - 2024/12/05 19:45:05 CET [2024/12/05 13:45:05 ET]
Table 'Aludra' 6-max Seat #1 is the button
Seat 1: marcio1979 ($11.09 in chips) 
Seat 2: seignior ($10 in chips) 
Seat 3: jun9077 ($13.72 in chips) 
Seat 4: redmonkey98 ($19.60 in chips) 
Seat 5: Mahu2021 ($12.65 in chips) 
Seat 6: MAQUIDANY ($9.10 in chips) 
seignior: posts small blind $0.05
jun9077: posts big blind $0.10
*** HOLE CARDS ***
Dealt to Mahu2021 [7h Kc]
redmonkey98: folds 
Mahu2021: folds 
MAQUIDANY: raises $0.10 to $0.20
marcio1979: folds 
seignior: folds 
jun9077: folds 
Uncalled bet ($0.10) returned to MAQUIDANY
MAQUIDANY collected $0.25 from pot
MAQUIDANY: doesn't show hand 
*** SUMMARY ***
Total pot $0.25 | Rake $0 
Seat 1: marcio1979 (button) folded before Flop (didn't bet)
Seat 2: seignior (small blind) folded before Flop
Seat 3: jun9077 (big blind) folded before Flop
Seat 4: redmonkey98 folded before Flop (didn't bet)
Seat 5: Mahu2021 folded before Flop (didn't bet)
Seat 6: MAQUIDANY collected ($0.25)



PokerStars Zoom Hand #253716990409:  Hold'em No Limit ($0.05/$0.10) - 2024/12/05 19:45:09 CET [2024/12/05 13:45:09 ET]
Table 'Aludra' 6-max Seat #1 is the button
Seat 1: Kitam82 ($1.24 in chips) 
Seat 2: PRIMSHIC ($17.12 in chips) 
Seat 3: dodeer ($10.15 in chips) 
Seat 4: Excelsior2022 ($9.75 in chips) 
Seat 5: Mahu2021 ($12.65 in chips) 
Seat 6: micky_EKS ($18.35 in chips) 
PRIMSHIC: posts small blind $0.05
dodeer: posts big blind $0.10
*** HOLE CARDS ***
Dealt to Mahu2021 [6c 4s]
Excelsior2022: folds 
Mahu2021: folds 
micky_EKS: folds 
Kitam82: raises $1.14 to $1.24 and is all-in
PRIMSHIC: folds 
dodeer: folds 
Uncalled bet ($1.14) returned to Kitam82
Kitam82 collected $0.25 from pot
Kitam82: doesn't show hand 
*** SUMMARY ***
Total pot $0.25 | Rake $0 
Seat 1: Kitam82 (button) collected ($0.25)
Seat 2: PRIMSHIC (small blind) folded before Flop
Seat 3: dodeer (big blind) folded before Flop
Seat 4: Excelsior2022 folded before Flop (didn't bet)
Seat 5: Mahu2021 folded before Flop (didn't bet)
Seat 6: micky_EKS folded before Flop (didn't bet)



PokerStars Zoom Hand #253716991191:  Hold'em No Limit ($0.05/$0.10) - 2024/12/05 19:45:12 CET [2024/12/05 13:45:12 ET]
Table 'Aludra' 6-max Seat #1 is the button
Seat 1: zarpapis ($14.11 in chips) 
Seat 2: Baratrum777 ($10 in chips) 
Seat 3: Mahu2021 ($12.65 in chips) 
Seat 4: hiding.by ($12.18 in chips) 
Seat 5: Optimal1992 ($10.76 in chips) 
Seat 6: marcio1979 ($10.95 in chips) 
Baratrum777: posts small blind $0.05
Mahu2021: posts big blind $0.10
*** HOLE CARDS ***
Dealt to Mahu2021 [Ac Qd]
hiding.by: raises $0.20 to $0.30
Optimal1992: folds 
marcio1979: folds 
zarpapis: folds 
Baratrum777: folds 
Mahu2021: calls $0.20
*** FLOP *** [2s Qh 4h]
Mahu2021: bets $0.62
hiding.by: folds 
Uncalled bet ($0.62) returned to Mahu2021
Mahu2021 collected $0.62 from pot
Mahu2021: doesn't show hand 
*** SUMMARY ***
Total pot $0.65 | Rake $0.03 
Board [2s Qh 4h]
Seat 1: zarpapis (button) folded before Flop (didn't bet)
Seat 2: Baratrum777 (small blind) folded before Flop
Seat 3: Mahu2021 (big blind) collected ($0.62)
Seat 4: hiding.by folded on the Flop
Seat 5: Optimal1992 folded before Flop (didn't bet)
Seat 6: marcio1979 folded before Flop (didn't bet)



PokerStars Zoom Hand #253716988430:  Hold'em No Limit ($0.05/$0.10) - 2024/12/05 19:45:01 CET [2024/12/05 13:45:01 ET]
Table 'Aludra' 6-max Seat #1 is the button
Seat 1: THE MAUNTEN ($8.17 in chips) 
Seat 2: DonkeyKong1960 ($10.08 in chips) 
Seat 3: ElDelfin38 ($11.91 in chips) 
Seat 4: Panda_Pooh_od ($10.05 in chips) 
Seat 5: redmonkey98 ($19.60 in chips) 
Seat 6: Mahu2021 ($12.65 in chips) 
DonkeyKong1960: posts small blind $0.05
ElDelfin38: posts big blind $0.10
*** HOLE CARDS ***
Dealt to Mahu2021 [2h 6s]
Panda_Pooh_od: folds 
redmonkey98: folds 
Mahu2021: folds 
THE MAUNTEN: folds 
DonkeyKong1960: raises $0.20 to $0.30
ElDelfin38: calls $0.20
*** FLOP *** [Kc 8d 9c]
DonkeyKong1960: bets $0.30
ElDelfin38: raises $0.88 to $1.18
DonkeyKong1960: folds 
Uncalled bet ($0.88) returned to ElDelfin38
ElDelfin38 collected $1.15 from pot
ElDelfin38: doesn't show hand 
*** SUMMARY ***
Total pot $1.20 | Rake $0.05 
Board [Kc 8d 9c]
Seat 1: THE MAUNTEN (button) folded before Flop (didn't bet)
Seat 2: DonkeyKong1960 (small blind) folded on the Flop
Seat 3: ElDelfin38 (big blind) collected ($1.15)
Seat 4: Panda_Pooh_od folded before Flop (didn't bet)
Seat 5: redmonkey98 folded before Flop (didn't bet)
Seat 6: Mahu2021 folded before Flop (didn't bet)



PokerStars Zoom Hand #253716996953:  Hold'em No Limit ($0.05/$0.10) - 2024/12/05 19:45:34 CET [2024/12/05 13:45:34 ET]
Table 'Aludra' 6-max Seat #1 is the button
Seat 1: DonkeyKong1960 ($10 in chips) 
Seat 2: Mahu2021 ($12.97 in chips) 
Seat 3: melzmaria ($3.02 in chips) 
Seat 4: zarpapis ($10 in chips) 
Seat 5: PRIMSHIC ($17.07 in chips) 
Seat 6: putzkedudu ($25.12 in chips) 
Mahu2021: posts small blind $0.05
melzmaria: posts big blind $0.10
*** HOLE CARDS ***
Dealt to Mahu2021 [2c Qh]
zarpapis: folds 
PRIMSHIC: folds 
putzkedudu: folds 
DonkeyKong1960: folds 
Mahu2021: folds 
Uncalled bet ($0.05) returned to melzmaria
melzmaria collected $0.10 from pot
melzmaria: doesn't show hand 
*** SUMMARY ***
Total pot $0.10 | Rake $0 
Seat 1: DonkeyKong1960 (button) folded before Flop (didn't bet)
Seat 2: Mahu2021 (small blind) folded before Flop
Seat 3: melzmaria (big blind) collected ($0.10)
Seat 4: zarpapis folded before Flop (didn't bet)
Seat 5: PRIMSHIC folded before Flop (didn't bet)
Seat 6: putzkedudu folded before Flop (didn't bet)



PokerStars Zoom Hand #253716982847:  Hold'em No Limit ($0.05/$0.10) - 2024/12/05 19:44:40 CET [2024/12/05 13:44:40 ET]
Table 'Aludra' 6-max Seat #1 is the button
Seat 1: Mahu2021 ($12.65 in chips) 
Seat 2: redmonkey98 ($20.01 in chips) 
Seat 3: Cdmarola ($10.50 in chips) 
Seat 4: Lillemis102 ($9.68 in chips) 
Seat 5: Soupy7171 ($13.70 in chips) 
Seat 6: jun9077 ($18.13 in chips) 
redmonkey98: posts small blind $0.05
Cdmarola: posts big blind $0.10
*** HOLE CARDS ***
Dealt to Mahu2021 [9h Qh]
Lillemis102: folds 
Soupy7171: folds 
jun9077: raises $0.15 to $0.25
Mahu2021: folds 
redmonkey98: folds 
Cdmarola: calls $0.15
*** FLOP *** [6s Kc Qc]
Cdmarola: checks 
jun9077: bets $0.17
Cdmarola: calls $0.17
*** TURN *** [6s Kc Qc] [3s]
Cdmarola: checks 
jun9077: bets $0.64
Cdmarola: calls $0.64
*** RIVER *** [6s Kc Qc 3s] [8h]
Cdmarola: checks 
jun9077: bets $1.55
Cdmarola: folds 
Uncalled bet ($1.55) returned to jun9077
jun9077 collected $2.07 from pot
jun9077: doesn't show hand 
*** SUMMARY ***
Total pot $2.17 | Rake $0.10 
Board [6s Kc Qc 3s 8h]
Seat 1: Mahu2021 (button) folded before Flop (didn't bet)
Seat 2: redmonkey98 (small blind) folded before Flop
Seat 3: Cdmarola (big blind) folded on the River
Seat 4: Lillemis102 folded before Flop (didn't bet)
Seat 5: Soupy7171 folded before Flop (didn't bet)
Seat 6: jun9077 collected ($2.07)



PokerStars Zoom Hand #253716998474:  Hold'em No Limit ($0.05/$0.10) - 2024/12/05 19:45:40 CET [2024/12/05 13:45:40 ET]
Table 'Aludra' 6-max Seat #1 is the button
Seat 1: SkyBoy23 ($18.13 in chips) 
Seat 2: bigbonso64 ($17.05 in chips) 
Seat 3: iHasYou ($11.82 in chips) 
Seat 4: marcio1979 ($10.90 in chips) 
Seat 5: zarpapis ($14.21 in chips) 
Seat 6: Mahu2021 ($12.92 in chips) 
bigbonso64: posts small blind $0.05
iHasYou: posts big blind $0.10
*** HOLE CARDS ***
Dealt to Mahu2021 [3s 7s]
marcio1979: folds 
zarpapis: folds 
Mahu2021: folds 
SkyBoy23: folds 
bigbonso64: folds 
Uncalled bet ($0.05) returned to iHasYou
iHasYou collected $0.10 from pot
iHasYou: doesn't show hand 
*** SUMMARY ***
Total pot $0.10 | Rake $0 
Seat 1: SkyBoy23 (button) folded before Flop (didn't bet)
Seat 2: bigbonso64 (small blind) folded before Flop
Seat 3: iHasYou (big blind) collected ($0.10)
Seat 4: marcio1979 folded before Flop (didn't bet)
Seat 5: zarpapis folded before Flop (didn't bet)
Seat 6: Mahu2021 folded before Flop (didn't bet)



PokerStars Zoom Hand #253717002639:  Hold'em No Limit ($0.05/$0.10) - 2024/12/05 19:45:56 CET [2024/12/05 13:45:56 ET]
Table 'Aludra' 6-max Seat #1 is the button
Seat 1: Bruno CP796 ($4.84 in chips) 
Seat 2: Soupy7171 ($17.22 in chips) 
Seat 3: zzz7zzz7zzz ($10.40 in chips) 
Seat 4: Mahu2021 ($12.92 in chips) 
Seat 5: rudni ($5.02 in chips) 
Seat 6: seignior ($10 in chips) 
Soupy7171: posts small blind $0.05
zzz7zzz7zzz: posts big blind $0.10
*** HOLE CARDS ***
Dealt to Mahu2021 [Td 7h]
Mahu2021: folds 
rudni: raises $0.25 to $0.35
seignior: folds 
Bruno CP796: folds 
Soupy7171: folds 
zzz7zzz7zzz: folds 
Uncalled bet ($0.25) returned to rudni
rudni collected $0.25 from pot
rudni: doesn't show hand 
*** SUMMARY ***
Total pot $0.25 | Rake $0 
Seat 1: Bruno CP796 (button) folded before Flop (didn't bet)
Seat 2: Soupy7171 (small blind) folded before Flop
Seat 3: zzz7zzz7zzz (big blind) folded before Flop
Seat 4: Mahu2021 folded before Flop (didn't bet)
Seat 5: rudni collected ($0.25)
Seat 6: seignior folded before Flop (didn't bet)



PokerStars Zoom Hand #253717003560:  Hold'em No Limit ($0.05/$0.10) - 2024/12/05 19:46:00 CET [2024/12/05 13:46:00 ET]
Table 'Aludra' 6-max Seat #1 is the button
Seat 1: ang14mihai14 ($10.27 in chips) 
Seat 2: cane_corzo86 ($10.15 in chips) 
Seat 3: Baratrum777 ($10.54 in chips) 
Seat 4: Mahu2021 ($12.92 in chips) 
Seat 5: B1ackwaterPark ($14.77 in chips) 
Seat 6: aspatyh72 ($52.45 in chips) 
cane_corzo86: posts small blind $0.05
Baratrum777: posts big blind $0.10
*** HOLE CARDS ***
Dealt to Mahu2021 [Tc 4d]
Mahu2021: folds 
B1ackwaterPark: folds 
aspatyh72: folds 
ang14mihai14: folds 
cane_corzo86: folds 
Uncalled bet ($0.05) returned to Baratrum777
Baratrum777 collected $0.10 from pot
Baratrum777: doesn't show hand 
*** SUMMARY ***
Total pot $0.10 | Rake $0 
Seat 1: ang14mihai14 (button) folded before Flop (didn't bet)
Seat 2: cane_corzo86 (small blind) folded before Flop
Seat 3: Baratrum777 (big blind) collected ($0.10)
Seat 4: Mahu2021 folded before Flop (didn't bet)
Seat 5: B1ackwaterPark folded before Flop (didn't bet)
Seat 6: aspatyh72 folded before Flop (didn't bet)



PokerStars Zoom Hand #253717004482:  Hold'em No Limit ($0.05/$0.10) - 2024/12/05 19:46:03 CET [2024/12/05 13:46:03 ET]
Table 'Aludra' 6-max Seat #1 is the button
Seat 1: PRIMSHIC ($12.70 in chips) 
Seat 2: jun9077 ($19.19 in chips) 
Seat 3: Mahu2021 ($12.92 in chips) 
Seat 4: ElDelfin38 ($10.64 in chips) 
Seat 5: pokking876 ($8.02 in chips) 
Seat 6: B1ackwaterPark ($15.37 in chips) 
jun9077: posts small blind $0.05
Mahu2021: posts big blind $0.10
*** HOLE CARDS ***
Dealt to Mahu2021 [5s Ac]
ElDelfin38: folds 
pokking876: folds 
B1ackwaterPark: folds 
PRIMSHIC: folds 
jun9077: folds 
Uncalled bet ($0.05) returned to Mahu2021
Mahu2021 collected $0.10 from pot
Mahu2021: doesn't show hand 
*** SUMMARY ***
Total pot $0.10 | Rake $0 
Seat 1: PRIMSHIC (button) folded before Flop (didn't bet)
Seat 2: jun9077 (small blind) folded before Flop
Seat 3: Mahu2021 (big blind) collected ($0.10)
Seat 4: ElDelfin38 folded before Flop (didn't bet)
Seat 5: pokking876 folded before Flop (didn't bet)
Seat 6: B1ackwaterPark folded before Flop (didn't bet)



PokerStars Zoom Hand #253717007750:  Hold'em No Limit ($0.05/$0.10) - 2024/12/05 19:46:16 CET [2024/12/05 13:46:16 ET]
Table 'Aludra' 6-max Seat #1 is the button
Seat 1: Mahu2021 ($12.97 in chips) 
Seat 2: Juantouch5 ($4.08 in chips) 
Seat 3: marcio1979 ($10 in chips) 
Seat 4: Frogrod ($10 in chips) 
Seat 5: B1ackwaterPark ($15.32 in chips) 
Seat 6: putzkedudu ($24.92 in chips) 
Juantouch5: posts small blind $0.05
marcio1979: posts big blind $0.10
*** HOLE CARDS ***
Dealt to Mahu2021 [Kc Kh]
Frogrod: folds 
B1ackwaterPark: folds 
putzkedudu: raises $0.10 to $0.20
Mahu2021: raises $12.77 to $12.97 and is all-in
Juantouch5: folds 
marcio1979: folds 
putzkedudu: folds 
Uncalled bet ($12.77) returned to Mahu2021
Mahu2021 collected $0.55 from pot
Mahu2021: doesn't show hand 
*** SUMMARY ***
Total pot $0.55 | Rake $0 
Seat 1: Mahu2021 (button) collected ($0.55)
Seat 2: Juantouch5 (small blind) folded before Flop
Seat 3: marcio1979 (big blind) folded before Flop
Seat 4: Frogrod folded before Flop (didn't bet)
Seat 5: B1ackwaterPark folded before Flop (didn't bet)
Seat 6: putzkedudu folded before Flop



PokerStars Zoom Hand #253716999508:  Hold'em No Limit ($0.05/$0.10) - 2024/12/05 19:45:44 CET [2024/12/05 13:45:44 ET]
Table 'Aludra' 6-max Seat #1 is the button
Seat 1: Mahu2021 ($12.92 in chips) 
Seat 2: mr.angioartur ($14.61 in chips) 
Seat 3: Ise_Anacleto ($4.10 in chips) 
Seat 4: zzz7zzz7zzz ($10.45 in chips) 
Seat 5: Cdmarola ($10 in chips) 
Seat 6: MBurlacu1 ($9.50 in chips) 
mr.angioartur: posts small blind $0.05
Ise_Anacleto: posts big blind $0.10
*** HOLE CARDS ***
Dealt to Mahu2021 [2s 2d]
zzz7zzz7zzz: folds 
Cdmarola: folds 
MBurlacu1: raises $0.15 to $0.25
Mahu2021: folds 
mr.angioartur: folds 
Ise_Anacleto: calls $0.15
*** FLOP *** [3s Ks 6c]
Ise_Anacleto: checks 
MBurlacu1: checks 
*** TURN *** [3s Ks 6c] [Js]
Ise_Anacleto: checks 
MBurlacu1: bets $0.37
Ise_Anacleto: folds 
Uncalled bet ($0.37) returned to MBurlacu1
MBurlacu1 collected $0.53 from pot
MBurlacu1: doesn't show hand 
*** SUMMARY ***
Total pot $0.55 | Rake $0.02 
Board [3s Ks 6c Js]
Seat 1: Mahu2021 (button) folded before Flop (didn't bet)
Seat 2: mr.angioartur (small blind) folded before Flop
Seat 3: Ise_Anacleto (big blind) folded on the Turn
Seat 4: zzz7zzz7zzz folded before Flop (didn't bet)
Seat 5: Cdmarola folded before Flop (didn't bet)
Seat 6: MBurlacu1 collected ($0.53)



PokerStars Zoom Hand #253717011847:  Hold'em No Limit ($0.05/$0.10) - 2024/12/05 19:46:32 CET [2024/12/05 13:46:32 ET]
Table 'Aludra' 6-max Seat #1 is the button
Seat 1: Morgs098 ($9.71 in chips) 
Seat 2: Cdmarola ($18.29 in chips) 
Seat 3: SkyBoy23 ($14.73 in chips) 
Seat 4: zzz7zzz7zzz ($10.35 in chips) 
Seat 5: Mahu2021 ($13.32 in chips) 
Seat 6: High Calonic ($20.53 in chips) 
Cdmarola: posts small blind $0.05
SkyBoy23: posts big blind $0.10
*** HOLE CARDS ***
Dealt to Mahu2021 [Jd 9s]
zzz7zzz7zzz: folds 
Mahu2021: folds 
High Calonic: folds 
Morgs098: raises $0.15 to $0.25
Cdmarola: folds 
SkyBoy23: folds 
Uncalled bet ($0.15) returned to Morgs098
Morgs098 collected $0.25 from pot
Morgs098: doesn't show hand 
*** SUMMARY ***
Total pot $0.25 | Rake $0 
Seat 1: Morgs098 (button) collected ($0.25)
Seat 2: Cdmarola (small blind) folded before Flop
Seat 3: SkyBoy23 (big blind) folded before Flop
Seat 4: zzz7zzz7zzz folded before Flop (didn't bet)
Seat 5: Mahu2021 folded before Flop (didn't bet)
Seat 6: High Calonic folded before Flop (didn't bet)



