PokerStars Zoom Hand #255444464344:  Hold'em No Limit ($0.05/$0.10) - 2025/03/25 12:51:42 CET [2025/03/25 7:51:42 ET]
Table 'Aludra' 6-max Seat #1 is the button
Seat 1: dreexxar ($11.25 in chips) 
Seat 2: LexLuther499 ($26.80 in chips) 
Seat 3: Mahu2021 ($10 in chips) 
Seat 4: ComplyOrDie8 ($33.79 in chips) 
Seat 5: Schorle884 ($10.54 in chips) 
Seat 6: Dré29 ($18.25 in chips) 
LexLuther499: posts small blind $0.05
Mahu2021: posts big blind $0.10
*** HOLE CARDS ***
Dealt to Mahu2021 [4d 4c]
ComplyOrDie8: folds 
Schorle884: folds 
Dré29: folds 
dreexxar: raises $0.13 to $0.23
LexLuther499: folds 
Mahu2021: calls $0.13
*** FLOP *** [Td 5d Ts]
Mahu2021: bets $0.30
dreexxar: calls $0.30
*** TURN *** [Td 5d Ts] [Kc]
Mahu2021: checks 
dreexxar: checks 
*** RIVER *** [Td 5d Ts Kc] [5c]
Mahu2021: checks 
dreexxar: checks 
*** SHOW DOWN ***
Mahu2021: shows [4d 4c] (two pair, Tens and Fives)
dreexxar: shows [Ah Js] (two pair, Tens and Fives - Ace kicker)
dreexxar collected $1.06 from pot
*** SUMMARY ***
Total pot $1.11 | Rake $0.05 
Board [Td 5d Ts Kc 5c]
Seat 1: dreexxar (button) showed [Ah Js] and won ($1.06) with two pair, Tens and Fives
Seat 2: LexLuther499 (small blind) folded before Flop
Seat 3: Mahu2021 (big blind) showed [4d 4c] and lost with two pair, Tens and Fives
Seat 4: ComplyOrDie8 folded before Flop (didn't bet)
Seat 5: Schorle884 folded before Flop (didn't bet)
Seat 6: Dré29 folded before Flop (didn't bet)



PokerStars Zoom Hand #255444469618:  Hold'em No Limit ($0.05/$0.10) - 2025/03/25 12:52:22 CET [2025/03/25 7:52:22 ET]
Table 'Aludra' 6-max Seat #1 is the button
Seat 1: Inc-Zra ($12.66 in chips) 
Seat 2: Mahu2021 ($9.47 in chips) 
Seat 3: EdgarYY ($10.33 in chips) 
Seat 4: Shakawka ($10 in chips) 
Seat 5: dreexxar ($11.78 in chips) 
Seat 6: Mùúh 22 ($12.21 in chips) 
Mahu2021: posts small blind $0.05
EdgarYY: posts big blind $0.10
*** HOLE CARDS ***
Dealt to Mahu2021 [3s 7h]
Shakawka: folds 
dreexxar: folds 
Mùúh 22: raises $0.15 to $0.25
Inc-Zra: folds 
Mahu2021: folds 
EdgarYY: folds 
Uncalled bet ($0.15) returned to Mùúh 22
Mùúh 22 collected $0.25 from pot
Mùúh 22: doesn't show hand 
*** SUMMARY ***
Total pot $0.25 | Rake $0 
Seat 1: Inc-Zra (button) folded before Flop (didn't bet)
Seat 2: Mahu2021 (small blind) folded before Flop
Seat 3: EdgarYY (big blind) folded before Flop
Seat 4: Shakawka folded before Flop (didn't bet)
Seat 5: dreexxar folded before Flop (didn't bet)
Seat 6: Mùúh 22 collected ($0.25)



PokerStars Zoom Hand #255444470406:  Hold'em No Limit ($0.05/$0.10) - 2025/03/25 12:52:28 CET [2025/03/25 7:52:28 ET]
Table 'Aludra' 6-max Seat #1 is the button
Seat 1: Mahu2021 ($9.42 in chips) 
Seat 2: LexLuther499 ($26.80 in chips) 
Seat 3: glupakat ($7.49 in chips) 
Seat 4: dreexxar ($11.78 in chips) 
Seat 5: Inc-Zra ($12.66 in chips) 
Seat 6: ComplyOrDie8 ($33.79 in chips) 
LexLuther499: posts small blind $0.05
glupakat: posts big blind $0.10
*** HOLE CARDS ***
Dealt to Mahu2021 [Ah Ad]
dreexxar: folds 
Inc-Zra: folds 
ComplyOrDie8: raises $0.15 to $0.25
Mahu2021: raises $9.17 to $9.42 and is all-in
LexLuther499: folds 
glupakat: folds 
ComplyOrDie8: folds 
Uncalled bet ($9.17) returned to Mahu2021
Mahu2021 collected $0.65 from pot
Mahu2021: doesn't show hand 
*** SUMMARY ***
Total pot $0.65 | Rake $0 
Seat 1: Mahu2021 (button) collected ($0.65)
Seat 2: LexLuther499 (small blind) folded before Flop
Seat 3: glupakat (big blind) folded before Flop
Seat 4: dreexxar folded before Flop (didn't bet)
Seat 5: Inc-Zra folded before Flop (didn't bet)
Seat 6: ComplyOrDie8 folded before Flop



PokerStars Zoom Hand #255444473305:  Hold'em No Limit ($0.05/$0.10) - 2025/03/25 12:52:50 CET [2025/03/25 7:52:50 ET]
Table 'Aludra' 6-max Seat #1 is the button
Seat 1: Makkekoo ($10 in chips) 
Seat 2: dreexxar ($11.68 in chips) 
Seat 3: rogerioo495 ($14.13 in chips) 
Seat 4: cheddarman24 ($10 in chips) 
Seat 5: Mahiro025 ($9.85 in chips) 
Seat 6: Mahu2021 ($9.82 in chips) 
dreexxar: posts small blind $0.05
rogerioo495: posts big blind $0.10
*** HOLE CARDS ***
Dealt to Mahu2021 [7s 6c]
cheddarman24: folds 
Mahiro025: raises $0.10 to $0.20
Mahu2021: folds 
Makkekoo: raises $0.55 to $0.75
dreexxar: folds 
rogerioo495: folds 
Mahiro025: folds 
Uncalled bet ($0.55) returned to Makkekoo
Makkekoo collected $0.55 from pot
Makkekoo: doesn't show hand 
*** SUMMARY ***
Total pot $0.55 | Rake $0 
Seat 1: Makkekoo (button) collected ($0.55)
Seat 2: dreexxar (small blind) folded before Flop
Seat 3: rogerioo495 (big blind) folded before Flop
Seat 4: cheddarman24 folded before Flop (didn't bet)
Seat 5: Mahiro025 folded before Flop
Seat 6: Mahu2021 folded before Flop (didn't bet)



PokerStars Zoom Hand #255444473785:  Hold'em No Limit ($0.05/$0.10) - 2025/03/25 12:52:54 CET [2025/03/25 7:52:54 ET]
Table 'Aludra' 6-max Seat #1 is the button
Seat 1: augtoth ($16.31 in chips) 
Seat 2: cheddarman24 ($10 in chips) 
Seat 3: thekla76 ($31.26 in chips) 
Seat 4: HakuBD ($22.69 in chips) 
Seat 5: Mahu2021 ($9.82 in chips) 
Seat 6: taorekomi ($11.09 in chips) 
cheddarman24: posts small blind $0.05
thekla76: posts big blind $0.10
*** HOLE CARDS ***
Dealt to Mahu2021 [Qd Td]
HakuBD: folds 
Mahu2021: raises $0.12 to $0.22
taorekomi: folds 
augtoth: folds 
cheddarman24: folds 
thekla76: folds 
Uncalled bet ($0.12) returned to Mahu2021
Mahu2021 collected $0.25 from pot
Mahu2021: doesn't show hand 
*** SUMMARY ***
Total pot $0.25 | Rake $0 
Seat 1: augtoth (button) folded before Flop (didn't bet)
Seat 2: cheddarman24 (small blind) folded before Flop
Seat 3: thekla76 (big blind) folded before Flop
Seat 4: HakuBD folded before Flop (didn't bet)
Seat 5: Mahu2021 collected ($0.25)
Seat 6: taorekomi folded before Flop (didn't bet)



PokerStars Zoom Hand #255444476711:  Hold'em No Limit ($0.05/$0.10) - 2025/03/25 12:53:17 CET [2025/03/25 7:53:17 ET]
Table 'Aludra' 6-max Seat #1 is the button
Seat 1: dreexxar ($10.78 in chips) 
Seat 2: gharashmish ($25.31 in chips) 
Seat 3: Mahu2021 ($9.97 in chips) 
Seat 4: mexxxy_90 ($10.37 in chips) 
Seat 5: marcio1979 ($10 in chips) 
Seat 6: LexLuther499 ($26.40 in chips) 
gharashmish: posts small blind $0.05
Mahu2021: posts big blind $0.10
*** HOLE CARDS ***
Dealt to Mahu2021 [6h Jd]
mexxxy_90: folds 
marcio1979: folds 
LexLuther499: folds 
dreexxar: raises $0.12 to $0.22
gharashmish: folds 
Mahu2021: folds 
Uncalled bet ($0.12) returned to dreexxar
dreexxar collected $0.25 from pot
dreexxar: doesn't show hand 
*** SUMMARY ***
Total pot $0.25 | Rake $0 
Seat 1: dreexxar (button) collected ($0.25)
Seat 2: gharashmish (small blind) folded before Flop
Seat 3: Mahu2021 (big blind) folded before Flop
Seat 4: mexxxy_90 folded before Flop (didn't bet)
Seat 5: marcio1979 folded before Flop (didn't bet)
Seat 6: LexLuther499 folded before Flop (didn't bet)



PokerStars Zoom Hand #255444478944:  Hold'em No Limit ($0.05/$0.10) - 2025/03/25 12:53:34 CET [2025/03/25 7:53:34 ET]
Table 'Aludra' 6-max Seat #1 is the button
Seat 1: Mahu2021 ($9.87 in chips) 
Seat 2: cheddarman24 ($10.10 in chips) 
Seat 3: carcaradosertao ($28.95 in chips) 
Seat 4: EdgarYY ($15.54 in chips) 
Seat 5: thekla76 ($31.16 in chips) 
Seat 6: BluffsLord ($10.64 in chips) 
cheddarman24: posts small blind $0.05
carcaradosertao: posts big blind $0.10
*** HOLE CARDS ***
Dealt to Mahu2021 [Ah Qs]
EdgarYY: folds 
thekla76: folds 
BluffsLord: folds 
Mahu2021: raises $0.20 to $0.30
cheddarman24: folds 
carcaradosertao: folds 
Uncalled bet ($0.20) returned to Mahu2021
Mahu2021 collected $0.25 from pot
Mahu2021: doesn't show hand 
*** SUMMARY ***
Total pot $0.25 | Rake $0 
Seat 1: Mahu2021 (button) collected ($0.25)
Seat 2: cheddarman24 (small blind) folded before Flop
Seat 3: carcaradosertao (big blind) folded before Flop
Seat 4: EdgarYY folded before Flop (didn't bet)
Seat 5: thekla76 folded before Flop (didn't bet)
Seat 6: BluffsLord folded before Flop (didn't bet)



PokerStars Zoom Hand #255444480492:  Hold'em No Limit ($0.05/$0.10) - 2025/03/25 12:53:46 CET [2025/03/25 7:53:46 ET]
Table 'Aludra' 6-max Seat #1 is the button
Seat 1: cheddarman24 ($10 in chips) 
Seat 2: Mahu2021 ($10.02 in chips) 
Seat 3: Petresa ($9.85 in chips) 
Seat 4: lofiofede11 ($13.53 in chips) 
Seat 5: Inc-Zra ($10.41 in chips) 
Seat 6: Shakawka ($12.06 in chips) 
Mahu2021: posts small blind $0.05
Petresa: posts big blind $0.10
*** HOLE CARDS ***
Dealt to Mahu2021 [9c 8d]
lofiofede11: folds 
Inc-Zra: folds 
Shakawka: folds 
cheddarman24: folds 
Mahu2021: folds 
Uncalled bet ($0.05) returned to Petresa
Petresa collected $0.10 from pot
Petresa: doesn't show hand 
*** SUMMARY ***
Total pot $0.10 | Rake $0 
Seat 1: cheddarman24 (button) folded before Flop (didn't bet)
Seat 2: Mahu2021 (small blind) folded before Flop
Seat 3: Petresa (big blind) collected ($0.10)
Seat 4: lofiofede11 folded before Flop (didn't bet)
Seat 5: Inc-Zra folded before Flop (didn't bet)
Seat 6: Shakawka folded before Flop (didn't bet)



PokerStars Zoom Hand #255444481926:  Hold'em No Limit ($0.05/$0.10) - 2025/03/25 12:53:57 CET [2025/03/25 7:53:57 ET]
Table 'Aludra' 6-max Seat #1 is the button
Seat 1: glupakat ($7.34 in chips) 
Seat 2: alexevo91 ($7.06 in chips) 
Seat 3: EdgarYY ($10 in chips) 
Seat 4: Mahu2021 ($9.97 in chips) 
Seat 5: ComplyOrDie8 ($33.76 in chips) 
Seat 6: Ghitan0921 ($12.55 in chips) 
alexevo91: posts small blind $0.05
EdgarYY: posts big blind $0.10
*** HOLE CARDS ***
Dealt to Mahu2021 [Js 5d]
Mahu2021: folds 
ComplyOrDie8: folds 
Ghitan0921: folds 
glupakat: folds 
alexevo91: folds 
Uncalled bet ($0.05) returned to EdgarYY
EdgarYY collected $0.10 from pot
EdgarYY: doesn't show hand 
*** SUMMARY ***
Total pot $0.10 | Rake $0 
Seat 1: glupakat (button) folded before Flop (didn't bet)
Seat 2: alexevo91 (small blind) folded before Flop
Seat 3: EdgarYY (big blind) collected ($0.10)
Seat 4: Mahu2021 folded before Flop (didn't bet)
Seat 5: ComplyOrDie8 folded before Flop (didn't bet)
Seat 6: Ghitan0921 folded before Flop (didn't bet)



PokerStars Zoom Hand #255444484354:  Hold'em No Limit ($0.05/$0.10) - 2025/03/25 12:54:15 CET [2025/03/25 7:54:15 ET]
Table 'Aludra' 6-max Seat #1 is the button
Seat 1: EdgarYY ($10.05 in chips) 
Seat 2: sho0506 ($10.75 in chips) 
Seat 3: Mahiro025 ($10 in chips) 
Seat 4: Mahu2021 ($9.97 in chips) 
Seat 5: Schorle884 ($10 in chips) 
Seat 6: gharashmish ($24.81 in chips) 
sho0506: posts small blind $0.05
Mahiro025: posts big blind $0.10
*** HOLE CARDS ***
Dealt to Mahu2021 [7h Js]
Mahu2021: folds 
Schorle884: folds 
gharashmish: folds 
EdgarYY: folds 
sho0506: raises $0.20 to $0.30
Mahiro025: folds 
Uncalled bet ($0.20) returned to sho0506
sho0506 collected $0.20 from pot
sho0506: doesn't show hand 
*** SUMMARY ***
Total pot $0.20 | Rake $0 
Seat 1: EdgarYY (button) folded before Flop (didn't bet)
Seat 2: sho0506 (small blind) collected ($0.20)
Seat 3: Mahiro025 (big blind) folded before Flop
Seat 4: Mahu2021 folded before Flop (didn't bet)
Seat 5: Schorle884 folded before Flop (didn't bet)
Seat 6: gharashmish folded before Flop (didn't bet)



PokerStars Zoom Hand #255444484861:  Hold'em No Limit ($0.05/$0.10) - 2025/03/25 12:54:19 CET [2025/03/25 7:54:19 ET]
Table 'Aludra' 6-max Seat #1 is the button
Seat 1: taorekomi ($10 in chips) 
Seat 2: ComplyOrDie8 ($12.21 in chips) 
Seat 3: A_Rommel ($61.59 in chips) 
Seat 4: gharashmish ($24.81 in chips) 
Seat 5: Mahu2021 ($9.97 in chips) 
Seat 6: EdgarYY ($10.05 in chips) 
ComplyOrDie8: posts small blind $0.05
A_Rommel: posts big blind $0.10
*** HOLE CARDS ***
Dealt to Mahu2021 [2c 8s]
gharashmish: folds 
Mahu2021: folds 
EdgarYY: folds 
taorekomi: raises $0.15 to $0.25
ComplyOrDie8: folds 
A_Rommel: folds 
Uncalled bet ($0.15) returned to taorekomi
taorekomi collected $0.25 from pot
taorekomi: doesn't show hand 
*** SUMMARY ***
Total pot $0.25 | Rake $0 
Seat 1: taorekomi (button) collected ($0.25)
Seat 2: ComplyOrDie8 (small blind) folded before Flop
Seat 3: A_Rommel (big blind) folded before Flop
Seat 4: gharashmish folded before Flop (didn't bet)
Seat 5: Mahu2021 folded before Flop (didn't bet)
Seat 6: EdgarYY folded before Flop (didn't bet)



PokerStars Zoom Hand #255444483524:  Hold'em No Limit ($0.05/$0.10) - 2025/03/25 12:54:09 CET [2025/03/25 7:54:09 ET]
Table 'Aludra' 6-max Seat #1 is the button
Seat 1: BluffsLord ($11.40 in chips) 
Seat 2: iraklis1978 ($13.89 in chips) 
Seat 3: belosi ($11.08 in chips) 
Seat 4: ascot2025 ($4.51 in chips) 
Seat 5: Inc-Zra ($12.71 in chips) 
Seat 6: Mahu2021 ($9.97 in chips) 
iraklis1978: posts small blind $0.05
belosi: posts big blind $0.10
*** HOLE CARDS ***
Dealt to Mahu2021 [5h 6c]
ascot2025: calls $0.10
Inc-Zra: folds 
Mahu2021: folds 
BluffsLord: folds 
iraklis1978: folds 
belosi: raises $0.40 to $0.50
ascot2025: calls $0.40
*** FLOP *** [4h 7d Tc]
belosi: bets $0.76
ascot2025: calls $0.76
*** TURN *** [4h 7d Tc] [Jd]
belosi: checks 
ascot2025: checks 
*** RIVER *** [4h 7d Tc Jd] [6d]
belosi: bets $0.71
ascot2025: calls $0.71
*** SHOW DOWN ***
belosi: shows [Th Ah] (a pair of Tens)
ascot2025: shows [As Js] (a pair of Jacks)
ascot2025 collected $3.81 from pot
*** SUMMARY ***
Total pot $3.99 | Rake $0.18 
Board [4h 7d Tc Jd 6d]
Seat 1: BluffsLord (button) folded before Flop (didn't bet)
Seat 2: iraklis1978 (small blind) folded before Flop
Seat 3: belosi (big blind) showed [Th Ah] and lost with a pair of Tens
Seat 4: ascot2025 showed [As Js] and won ($3.81) with a pair of Jacks
Seat 5: Inc-Zra folded before Flop (didn't bet)
Seat 6: Mahu2021 folded before Flop (didn't bet)



PokerStars Zoom Hand #255444482624:  Hold'em No Limit ($0.05/$0.10) - 2025/03/25 12:54:02 CET [2025/03/25 7:54:02 ET]
Table 'Aludra' 6-max Seat #1 is the button
Seat 1: A_Rommel ($45.14 in chips) 
Seat 2: ComplyOrDie8 ($10 in chips) 
Seat 3: SynieZz ($17.38 in chips) 
Seat 4: HakuBD ($22.69 in chips) 
Seat 5: Mahu2021 ($9.97 in chips) 
Seat 6: augtoth ($16.31 in chips) 
ComplyOrDie8: posts small blind $0.05
SynieZz: posts big blind $0.10
*** HOLE CARDS ***
Dealt to Mahu2021 [Qh Js]
HakuBD: folds 
Mahu2021: folds 
augtoth: folds 
A_Rommel: raises $0.15 to $0.25
ComplyOrDie8: raises $0.65 to $0.90
SynieZz: folds 
A_Rommel: calls $0.65
*** FLOP *** [4c Jh 2s]
ComplyOrDie8: bets $1.20
A_Rommel: calls $1.20
*** TURN *** [4c Jh 2s] [Th]
ComplyOrDie8: checks 
A_Rommel: bets $1.23
ComplyOrDie8: calls $1.23
*** RIVER *** [4c Jh 2s Th] [Qd]
ComplyOrDie8: checks 
A_Rommel: checks 
*** SHOW DOWN ***
ComplyOrDie8: shows [5h 5c] (a pair of Fives)
A_Rommel: shows [Tc Ac] (a pair of Tens)
A_Rommel collected $6.46 from pot
*** SUMMARY ***
Total pot $6.76 | Rake $0.30 
Board [4c Jh 2s Th Qd]
Seat 1: A_Rommel (button) showed [Tc Ac] and won ($6.46) with a pair of Tens
Seat 2: ComplyOrDie8 (small blind) showed [5h 5c] and lost with a pair of Fives
Seat 3: SynieZz (big blind) folded before Flop
Seat 4: HakuBD folded before Flop (didn't bet)
Seat 5: Mahu2021 folded before Flop (didn't bet)
Seat 6: augtoth folded before Flop (didn't bet)



PokerStars Zoom Hand #255444485389:  Hold'em No Limit ($0.05/$0.10) - 2025/03/25 12:54:23 CET [2025/03/25 7:54:23 ET]
Table 'Aludra' 6-max Seat #1 is the button
Seat 1: EdgarYY ($10.03 in chips) 
Seat 2: psembril1024 ($19.93 in chips) 
Seat 3: Mahu2021 ($9.97 in chips) 
Seat 4: Dré29 ($12.25 in chips) 
Seat 5: carcaradosertao ($10 in chips) 
Seat 6: mexxxy_90 ($10.37 in chips) 
psembril1024: posts small blind $0.05
Mahu2021: posts big blind $0.10
*** HOLE CARDS ***
Dealt to Mahu2021 [2d Ad]
Dré29: folds 
carcaradosertao: folds 
mexxxy_90: raises $0.10 to $0.20
EdgarYY: folds 
psembril1024: folds 
Mahu2021: calls $0.10
*** FLOP *** [8s 5d Qd]
Mahu2021: checks 
mexxxy_90: checks 
*** TURN *** [8s 5d Qd] [Ts]
Mahu2021: checks 
mexxxy_90: bets $0.20
Mahu2021: calls $0.20
*** RIVER *** [8s 5d Qd Ts] [Jh]
Mahu2021: checks 
mexxxy_90: bets $0.51
Mahu2021: folds 
Uncalled bet ($0.51) returned to mexxxy_90
mexxxy_90 collected $0.81 from pot
mexxxy_90: doesn't show hand 
*** SUMMARY ***
Total pot $0.85 | Rake $0.04 
Board [8s 5d Qd Ts Jh]
Seat 1: EdgarYY (button) folded before Flop (didn't bet)
Seat 2: psembril1024 (small blind) folded before Flop
Seat 3: Mahu2021 (big blind) folded on the River
Seat 4: Dré29 folded before Flop (didn't bet)
Seat 5: carcaradosertao folded before Flop (didn't bet)
Seat 6: mexxxy_90 collected ($0.81)



PokerStars Zoom Hand #255444490515:  Hold'em No Limit ($0.05/$0.10) - 2025/03/25 12:55:02 CET [2025/03/25 7:55:02 ET]
Table 'Aludra' 6-max Seat #1 is the button
Seat 1: koei1218 ($13.08 in chips) 
Seat 2: Mahu2021 ($9.57 in chips) 
Seat 3: Mùúh 22 ($11.28 in chips) 
Seat 4: Shakawka ($10 in chips) 
Seat 5: deejaydmc ($5.32 in chips) 
Seat 6: carcaradosertao ($10 in chips) 
Mahu2021: posts small blind $0.05
Mùúh 22: posts big blind $0.10
*** HOLE CARDS ***
Dealt to Mahu2021 [8s Ad]
Shakawka: folds 
deejaydmc: folds 
carcaradosertao: folds 
koei1218: folds 
Mahu2021: folds 
Uncalled bet ($0.05) returned to Mùúh 22
Mùúh 22 collected $0.10 from pot
Mùúh 22: doesn't show hand 
*** SUMMARY ***
Total pot $0.10 | Rake $0 
Seat 1: koei1218 (button) folded before Flop (didn't bet)
Seat 2: Mahu2021 (small blind) folded before Flop
Seat 3: Mùúh 22 (big blind) collected ($0.10)
Seat 4: Shakawka folded before Flop (didn't bet)
Seat 5: deejaydmc folded before Flop (didn't bet)
Seat 6: carcaradosertao folded before Flop (didn't bet)



PokerStars Zoom Hand #255444491508:  Hold'em No Limit ($0.05/$0.10) - 2025/03/25 12:55:10 CET [2025/03/25 7:55:10 ET]
Table 'Aludra' 6-max Seat #1 is the button
Seat 1: mexxxy_90 ($10.60 in chips) 
Seat 2: belosi ($13.68 in chips) 
Seat 3: SynieZz ($10 in chips) 
Seat 4: Mahu2021 ($9.52 in chips) 
Seat 5: ComplyOrDie8 ($10 in chips) 
Seat 6: koei1218 ($13.08 in chips) 
belosi: posts small blind $0.05
SynieZz: posts big blind $0.10
*** HOLE CARDS ***
Dealt to Mahu2021 [Ac 9c]
Mahu2021: raises $0.14 to $0.24
ComplyOrDie8: raises $0.51 to $0.75
koei1218: folds 
mexxxy_90: folds 
belosi: folds 
SynieZz: folds 
Mahu2021: folds 
Uncalled bet ($0.51) returned to ComplyOrDie8
ComplyOrDie8 collected $0.63 from pot
ComplyOrDie8: doesn't show hand 
*** SUMMARY ***
Total pot $0.63 | Rake $0 
Seat 1: mexxxy_90 (button) folded before Flop (didn't bet)
Seat 2: belosi (small blind) folded before Flop
Seat 3: SynieZz (big blind) folded before Flop
Seat 4: Mahu2021 folded before Flop
Seat 5: ComplyOrDie8 collected ($0.63)
Seat 6: koei1218 folded before Flop (didn't bet)



PokerStars Zoom Hand #255444490995:  Hold'em No Limit ($0.05/$0.10) - 2025/03/25 12:55:06 CET [2025/03/25 7:55:06 ET]
Table 'Aludra' 6-max Seat #1 is the button
Seat 1: Mahu2021 ($9.52 in chips) 
Seat 2: Shakawka ($19.10 in chips) 
Seat 3: Dré29 ($12.20 in chips) 
Seat 4: HakuBD ($15.50 in chips) 
Seat 5: mexxxy_90 ($10.60 in chips) 
Seat 6: zALEXKAYz ($13.79 in chips) 
Shakawka: posts small blind $0.05
Dré29: posts big blind $0.10
*** HOLE CARDS ***
Dealt to Mahu2021 [3h Kh]
HakuBD: folds 
mexxxy_90: folds 
zALEXKAYz: folds 
Mahu2021: folds 
Shakawka: raises $0.20 to $0.30
Dré29: raises $0.70 to $1
Shakawka: folds 
Uncalled bet ($0.70) returned to Dré29
Dré29 collected $0.60 from pot
Dré29: doesn't show hand 
*** SUMMARY ***
Total pot $0.60 | Rake $0 
Seat 1: Mahu2021 (button) folded before Flop (didn't bet)
Seat 2: Shakawka (small blind) folded before Flop
Seat 3: Dré29 (big blind) collected ($0.60)
Seat 4: HakuBD folded before Flop (didn't bet)
Seat 5: mexxxy_90 folded before Flop (didn't bet)
Seat 6: zALEXKAYz folded before Flop (didn't bet)



PokerStars Zoom Hand #255444493304:  Hold'em No Limit ($0.05/$0.10) - 2025/03/25 12:55:27 CET [2025/03/25 7:55:27 ET]
Table 'Aludra' 6-max Seat #1 is the button
Seat 1: SynieZz ($10 in chips) 
Seat 2: Inc-Zra ($10.21 in chips) 
Seat 3: Mahu2021 ($9.28 in chips) 
Seat 4: zALEXKAYz ($13.74 in chips) 
Seat 5: koei1218 ($10 in chips) 
Seat 6: belosi ($11.70 in chips) 
Inc-Zra: posts small blind $0.05
Mahu2021: posts big blind $0.10
*** HOLE CARDS ***
Dealt to Mahu2021 [Td 8c]
zALEXKAYz: raises $0.15 to $0.25
koei1218: folds 
belosi: folds 
SynieZz: folds 
Inc-Zra: folds 
Mahu2021: folds 
Uncalled bet ($0.15) returned to zALEXKAYz
zALEXKAYz collected $0.25 from pot
zALEXKAYz: doesn't show hand 
*** SUMMARY ***
Total pot $0.25 | Rake $0 
Seat 1: SynieZz (button) folded before Flop (didn't bet)
Seat 2: Inc-Zra (small blind) folded before Flop
Seat 3: Mahu2021 (big blind) folded before Flop
Seat 4: zALEXKAYz collected ($0.25)
Seat 5: koei1218 folded before Flop (didn't bet)
Seat 6: belosi folded before Flop (didn't bet)



PokerStars Zoom Hand #255444494466:  Hold'em No Limit ($0.05/$0.10) - 2025/03/25 12:55:38 CET [2025/03/25 7:55:38 ET]
Table 'Aludra' 6-max Seat #1 is the button
Seat 1: BluffsLord ($11.09 in chips) 
Seat 2: Mahu2021 ($9.18 in chips) 
Seat 3: gharashmish ($24.27 in chips) 
Seat 4: belosi ($11.70 in chips) 
Seat 5: lofiofede11 ($14.38 in chips) 
Seat 6: Ghitan0921 ($12.40 in chips) 
Mahu2021: posts small blind $0.05
gharashmish: posts big blind $0.10
*** HOLE CARDS ***
Dealt to Mahu2021 [Kh Qh]
belosi: folds 
lofiofede11: folds 
Ghitan0921: raises $0.15 to $0.25
BluffsLord: folds 
Mahu2021: calls $0.20
gharashmish: folds 
*** FLOP *** [5h Kc Kd]
Mahu2021: checks 
Ghitan0921: bets $0.30
Mahu2021: calls $0.30
*** TURN *** [5h Kc Kd] [Jd]
Mahu2021: checks 
Ghitan0921: bets $1.15
Mahu2021: raises $1.95 to $3.10
Ghitan0921: folds 
Uncalled bet ($1.95) returned to Mahu2021
Mahu2021 collected $3.34 from pot
Mahu2021: doesn't show hand 
*** SUMMARY ***
Total pot $3.50 | Rake $0.16 
Board [5h Kc Kd Jd]
Seat 1: BluffsLord (button) folded before Flop (didn't bet)
Seat 2: Mahu2021 (small blind) collected ($3.34)
Seat 3: gharashmish (big blind) folded before Flop
Seat 4: belosi folded before Flop (didn't bet)
Seat 5: lofiofede11 folded before Flop (didn't bet)
Seat 6: Ghitan0921 folded on the Turn



PokerStars Zoom Hand #255444500180:  Hold'em No Limit ($0.05/$0.10) - 2025/03/25 12:56:32 CET [2025/03/25 7:56:32 ET]
Table 'Aludra' 6-max Seat #1 is the button
Seat 1: Mahu2021 ($10.82 in chips) 
Seat 2: piknikschet ($10 in chips) 
Seat 3: willfalcao ($10 in chips) 
Seat 4: ComplyOrDie8 ($13.27 in chips) 
Seat 5: Inc-Zra ($10.49 in chips) 
Seat 6: EdgarYY ($10.52 in chips) 
piknikschet: posts small blind $0.05
willfalcao: posts big blind $0.10
*** HOLE CARDS ***
Dealt to Mahu2021 [8d Qs]
ComplyOrDie8: folds 
Inc-Zra: folds 
EdgarYY: folds 
Mahu2021: folds 
piknikschet: folds 
Uncalled bet ($0.05) returned to willfalcao
willfalcao collected $0.10 from pot
willfalcao: doesn't show hand 
*** SUMMARY ***
Total pot $0.10 | Rake $0 
Seat 1: Mahu2021 (button) folded before Flop (didn't bet)
Seat 2: piknikschet (small blind) folded before Flop
Seat 3: willfalcao (big blind) collected ($0.10)
Seat 4: ComplyOrDie8 folded before Flop (didn't bet)
Seat 5: Inc-Zra folded before Flop (didn't bet)
Seat 6: EdgarYY folded before Flop (didn't bet)



PokerStars Zoom Hand #255444492887:  Hold'em No Limit ($0.05/$0.10) - 2025/03/25 12:55:23 CET [2025/03/25 7:55:23 ET]
Table 'Aludra' 6-max Seat #1 is the button
Seat 1: HakuBD ($15.45 in chips) 
Seat 2: Romanovski67 ($5.79 in chips) 
Seat 3: psembril1024 ($19.23 in chips) 
Seat 4: sho0506 ($21.40 in chips) 
Seat 5: SynieZz ($10 in chips) 
Seat 6: Mahu2021 ($9.28 in chips) 
Romanovski67: posts small blind $0.05
psembril1024: posts big blind $0.10
*** HOLE CARDS ***
Dealt to Mahu2021 [Td 3h]
sho0506: raises $0.10 to $0.20
SynieZz: folds 
Mahu2021: folds 
HakuBD: folds 
Romanovski67: raises $0.10 to $0.30
psembril1024: folds 
sho0506: raises $0.80 to $1.10
Romanovski67: calls $0.80
*** FLOP *** [5s 5d 4c]
Romanovski67: checks 
sho0506: checks 
*** TURN *** [5s 5d 4c] [2h]
Romanovski67: bets $0.60
sho0506: calls $0.60
*** RIVER *** [5s 5d 4c 2h] [6d]
Romanovski67: bets $3.10
sho0506: calls $3.10
*** SHOW DOWN ***
Romanovski67: shows [5c 5h] (four of a kind, Fives)
sho0506: mucks hand 
Romanovski67 collected $9.26 from pot
*** SUMMARY ***
Total pot $9.70 | Rake $0.44 
Board [5s 5d 4c 2h 6d]
Seat 1: HakuBD (button) folded before Flop (didn't bet)
Seat 2: Romanovski67 (small blind) showed [5c 5h] and won ($9.26) with four of a kind, Fives
Seat 3: psembril1024 (big blind) folded before Flop
Seat 4: sho0506 mucked [As Qh]
Seat 5: SynieZz folded before Flop (didn't bet)
Seat 6: Mahu2021 folded before Flop (didn't bet)



PokerStars Zoom Hand #255444501220:  Hold'em No Limit ($0.05/$0.10) - 2025/03/25 12:56:42 CET [2025/03/25 7:56:42 ET]
Table 'Aludra' 6-max Seat #1 is the button
Seat 1: Inc-Zra ($13.07 in chips) 
Seat 2: EdgarYY ($10 in chips) 
Seat 3: rogerioo495 ($9.10 in chips) 
Seat 4: Mahu2021 ($10.82 in chips) 
Seat 5: camoulife ($10.15 in chips) 
Seat 6: cheddarman24 ($10 in chips) 
EdgarYY: posts small blind $0.05
rogerioo495: posts big blind $0.10
*** HOLE CARDS ***
Dealt to Mahu2021 [3d 3s]
Mahu2021: folds 
camoulife: folds 
cheddarman24: folds 
Inc-Zra: folds 
EdgarYY: folds 
Uncalled bet ($0.05) returned to rogerioo495
rogerioo495 collected $0.10 from pot
rogerioo495: doesn't show hand 
*** SUMMARY ***
Total pot $0.10 | Rake $0 
Seat 1: Inc-Zra (button) folded before Flop (didn't bet)
Seat 2: EdgarYY (small blind) folded before Flop
Seat 3: rogerioo495 (big blind) collected ($0.10)
Seat 4: Mahu2021 folded before Flop (didn't bet)
Seat 5: camoulife folded before Flop (didn't bet)
Seat 6: cheddarman24 folded before Flop (didn't bet)



PokerStars Zoom Hand #255444503043:  Hold'em No Limit ($0.05/$0.10) - 2025/03/25 12:56:59 CET [2025/03/25 7:56:59 ET]
Table 'Aludra' 6-max Seat #1 is the button
Seat 1: Retulx ($12.29 in chips) 
Seat 2: Mahu2021 ($10.82 in chips) 
Seat 3: zALEXKAYz ($14.49 in chips) 
Seat 4: MicZnuk ($9.85 in chips) 
Seat 5: jretired ($7.71 in chips) 
Seat 6: zizzyzizzy ($2.45 in chips) 
Mahu2021: posts small blind $0.05
zALEXKAYz: posts big blind $0.10
*** HOLE CARDS ***
Dealt to Mahu2021 [Jd 4d]
MicZnuk: folds 
jretired: folds 
zizzyzizzy: raises $0.20 to $0.30
Retulx: folds 
Mahu2021: folds 
zALEXKAYz: folds 
Uncalled bet ($0.20) returned to zizzyzizzy
zizzyzizzy collected $0.25 from pot
zizzyzizzy: doesn't show hand 
*** SUMMARY ***
Total pot $0.25 | Rake $0 
Seat 1: Retulx (button) folded before Flop (didn't bet)
Seat 2: Mahu2021 (small blind) folded before Flop
Seat 3: zALEXKAYz (big blind) folded before Flop
Seat 4: MicZnuk folded before Flop (didn't bet)
Seat 5: jretired folded before Flop (didn't bet)
Seat 6: zizzyzizzy collected ($0.25)



PokerStars Zoom Hand #255444503473:  Hold'em No Limit ($0.05/$0.10) - 2025/03/25 12:57:03 CET [2025/03/25 7:57:03 ET]
Table 'Aludra' 6-max Seat #1 is the button
Seat 1: Dré29 ($12.20 in chips) 
Seat 2: Retulx ($10 in chips) 
Seat 3: Mahu2021 ($10.77 in chips) 
Seat 4: EdgarYY ($10.47 in chips) 
Seat 5: deejaydmc ($4.87 in chips) 
Seat 6: carcaradosertao ($10 in chips) 
Retulx: posts small blind $0.05
Mahu2021: posts big blind $0.10
*** HOLE CARDS ***
Dealt to Mahu2021 [Ad 7c]
EdgarYY: folds 
deejaydmc: folds 
carcaradosertao: folds 
Dré29: raises $0.15 to $0.25
Retulx: folds 
Mahu2021: folds 
Uncalled bet ($0.15) returned to Dré29
Dré29 collected $0.25 from pot
Dré29: doesn't show hand 
*** SUMMARY ***
Total pot $0.25 | Rake $0 
Seat 1: Dré29 (button) collected ($0.25)
Seat 2: Retulx (small blind) folded before Flop
Seat 3: Mahu2021 (big blind) folded before Flop
Seat 4: EdgarYY folded before Flop (didn't bet)
Seat 5: deejaydmc folded before Flop (didn't bet)
Seat 6: carcaradosertao folded before Flop (didn't bet)



PokerStars Zoom Hand #255444502166:  Hold'em No Limit ($0.05/$0.10) - 2025/03/25 12:56:51 CET [2025/03/25 7:56:51 ET]
Table 'Aludra' 6-max Seat #1 is the button
Seat 1: dreexxar ($10.85 in chips) 
Seat 2: camoulife ($10.15 in chips) 
Seat 3: G.Baris78 ($11.07 in chips) 
Seat 4: Inc-Zra ($11.62 in chips) 
Seat 5: Mahu2021 ($10.82 in chips) 
Seat 6: lofiofede11 ($17.76 in chips) 
camoulife: posts small blind $0.05
G.Baris78: posts big blind $0.10
*** HOLE CARDS ***
Dealt to Mahu2021 [5s Ts]
Inc-Zra: folds 
Mahu2021: folds 
lofiofede11: raises $0.15 to $0.25
dreexxar: folds 
camoulife: folds 
G.Baris78: calls $0.15
*** FLOP *** [Qc Kc 6d]
G.Baris78: checks 
lofiofede11: checks 
*** TURN *** [Qc Kc 6d] [4s]
G.Baris78: bets $0.30
lofiofede11: folds 
Uncalled bet ($0.30) returned to G.Baris78
G.Baris78 collected $0.53 from pot
G.Baris78: doesn't show hand 
*** SUMMARY ***
Total pot $0.55 | Rake $0.02 
Board [Qc Kc 6d 4s]
Seat 1: dreexxar (button) folded before Flop (didn't bet)
Seat 2: camoulife (small blind) folded before Flop
Seat 3: G.Baris78 (big blind) collected ($0.53)
Seat 4: Inc-Zra folded before Flop (didn't bet)
Seat 5: Mahu2021 folded before Flop (didn't bet)
Seat 6: lofiofede11 folded on the Turn



PokerStars Zoom Hand #255444505242:  Hold'em No Limit ($0.05/$0.10) - 2025/03/25 12:57:20 CET [2025/03/25 7:57:20 ET]
Table 'Aludra' 6-max Seat #1 is the button
Seat 1: Mahu2021 ($10.67 in chips) 
Seat 2: MicZnuk ($9.85 in chips) 
Seat 3: carcaradosertao ($10 in chips) 
Seat 4: koei1218 ($10.51 in chips) 
Seat 5: piknikschet ($10.25 in chips) 
Seat 6: Mùúh 22 ($11.70 in chips) 
MicZnuk: posts small blind $0.05
carcaradosertao: posts big blind $0.10
*** HOLE CARDS ***
Dealt to Mahu2021 [4d Qs]
koei1218: raises $0.10 to $0.20
piknikschet: folds 
Mùúh 22: folds 
Mahu2021: folds 
MicZnuk: folds 
carcaradosertao: folds 
Uncalled bet ($0.10) returned to koei1218
koei1218 collected $0.25 from pot
koei1218: doesn't show hand 
*** SUMMARY ***
Total pot $0.25 | Rake $0 
Seat 1: Mahu2021 (button) folded before Flop (didn't bet)
Seat 2: MicZnuk (small blind) folded before Flop
Seat 3: carcaradosertao (big blind) folded before Flop
Seat 4: koei1218 collected ($0.25)
Seat 5: piknikschet folded before Flop (didn't bet)
Seat 6: Mùúh 22 folded before Flop (didn't bet)



PokerStars Zoom Hand #255444500773:  Hold'em No Limit ($0.05/$0.10) - 2025/03/25 12:56:37 CET [2025/03/25 7:56:37 ET]
Table 'Aludra' 6-max Seat #1 is the button
Seat 1: MicZnuk ($10.05 in chips) 
Seat 2: pokerhellen ($7.97 in chips) 
Seat 3: Makkekoo ($11 in chips) 
Seat 4: LexLuther499 ($27.40 in chips) 
Seat 5: Mahiro025 ($19.13 in chips) 
Seat 6: Mahu2021 ($10.82 in chips) 
pokerhellen: posts small blind $0.05
Makkekoo: posts big blind $0.10
*** HOLE CARDS ***
Dealt to Mahu2021 [2d 9h]
LexLuther499: folds 
Mahiro025: raises $0.20 to $0.30
Mahu2021: folds 
MicZnuk: calls $0.30
pokerhellen: calls $0.25
Makkekoo: folds 
*** FLOP *** [5c 5h 5s]
pokerhellen: checks 
Mahiro025: bets $0.50
MicZnuk: folds 
pokerhellen: raises $0.98 to $1.48
Mahiro025: calls $0.98
*** TURN *** [5c 5h 5s] [3s]
pokerhellen: bets $6.19 and is all-in
Mahiro025: calls $6.19
*** RIVER *** [5c 5h 5s 3s] [Tc]
*** SHOW DOWN ***
pokerhellen: shows [7d 7c] (a full house, Fives full of Sevens)
Mahiro025: shows [8h 8c] (a full house, Fives full of Eights)
Mahiro025 collected $15.60 from pot
*** SUMMARY ***
Total pot $16.34 | Rake $0.74 
Board [5c 5h 5s 3s Tc]
Seat 1: MicZnuk (button) folded on the Flop
Seat 2: pokerhellen (small blind) showed [7d 7c] and lost with a full house, Fives full of Sevens
Seat 3: Makkekoo (big blind) folded before Flop
Seat 4: LexLuther499 folded before Flop (didn't bet)
Seat 5: Mahiro025 showed [8h 8c] and won ($15.60) with a full house, Fives full of Eights
Seat 6: Mahu2021 folded before Flop (didn't bet)



PokerStars Zoom Hand #255444505569:  Hold'em No Limit ($0.05/$0.10) - 2025/03/25 12:57:23 CET [2025/03/25 7:57:23 ET]
Table 'Aludra' 6-max Seat #1 is the button
Seat 1: glupakat ($7.76 in chips) 
Seat 2: ComplyOrDie8 ($13.02 in chips) 
Seat 3: Retulx ($12.24 in chips) 
Seat 4: Mahu2021 ($10.67 in chips) 
Seat 5: Makkekoo ($10 in chips) 
Seat 6: dreexxar ($15.04 in chips) 
ComplyOrDie8: posts small blind $0.05
Retulx: posts big blind $0.10
*** HOLE CARDS ***
Dealt to Mahu2021 [Ts 9c]
Mahu2021: folds 
Makkekoo: folds 
dreexxar: folds 
glupakat: folds 
ComplyOrDie8: raises $0.20 to $0.30
Retulx: raises $0.80 to $1.10
ComplyOrDie8: folds 
Uncalled bet ($0.80) returned to Retulx
Retulx collected $0.60 from pot
Retulx: doesn't show hand 
*** SUMMARY ***
Total pot $0.60 | Rake $0 
Seat 1: glupakat (button) folded before Flop (didn't bet)
Seat 2: ComplyOrDie8 (small blind) folded before Flop
Seat 3: Retulx (big blind) collected ($0.60)
Seat 4: Mahu2021 folded before Flop (didn't bet)
Seat 5: Makkekoo folded before Flop (didn't bet)
Seat 6: dreexxar folded before Flop (didn't bet)



PokerStars Zoom Hand #255444507041:  Hold'em No Limit ($0.05/$0.10) - 2025/03/25 12:57:37 CET [2025/03/25 7:57:37 ET]
Table 'Aludra' 6-max Seat #1 is the button
Seat 1: thekla76 ($32.74 in chips) 
Seat 2: A_Rommel ($61.09 in chips) 
Seat 3: Mahu2021 ($10.67 in chips) 
Seat 4: Makkekoo ($10.85 in chips) 
Seat 5: pougia777 ($10 in chips) 
Seat 6: Foldangeles ($10.15 in chips) 
A_Rommel: posts small blind $0.05
Mahu2021: posts big blind $0.10
*** HOLE CARDS ***
Dealt to Mahu2021 [7d Ah]
Makkekoo: raises $0.12 to $0.22
pougia777: folds 
Foldangeles: folds 
thekla76: folds 
A_Rommel: folds 
Mahu2021: folds 
Uncalled bet ($0.12) returned to Makkekoo
Makkekoo collected $0.25 from pot
Makkekoo: doesn't show hand 
*** SUMMARY ***
Total pot $0.25 | Rake $0 
Seat 1: thekla76 (button) folded before Flop (didn't bet)
Seat 2: A_Rommel (small blind) folded before Flop
Seat 3: Mahu2021 (big blind) folded before Flop
Seat 4: Makkekoo collected ($0.25)
Seat 5: pougia777 folded before Flop (didn't bet)
Seat 6: Foldangeles folded before Flop (didn't bet)



PokerStars Zoom Hand #255444506611:  Hold'em No Limit ($0.05/$0.10) - 2025/03/25 12:57:33 CET [2025/03/25 7:57:33 ET]
Table 'Aludra' 6-max Seat #1 is the button
Seat 1: Schorle884 ($14.61 in chips) 
Seat 2: zizzyzizzy ($2.50 in chips) 
Seat 3: glupakat ($7.76 in chips) 
Seat 4: belosi ($31.43 in chips) 
Seat 5: thekla76 ($32.74 in chips) 
Seat 6: Mahu2021 ($10.67 in chips) 
zizzyzizzy: posts small blind $0.05
glupakat: posts big blind $0.10
*** HOLE CARDS ***
Dealt to Mahu2021 [5d Jh]
belosi: raises $0.12 to $0.22
thekla76: folds 
Mahu2021: folds 
Schorle884: folds 
zizzyzizzy: calls $0.17
glupakat: folds 
*** FLOP *** [Tc 3s 8h]
zizzyzizzy: checks 
belosi: bets $0.15
zizzyzizzy: raises $0.35 to $0.50
belosi: folds 
Uncalled bet ($0.35) returned to zizzyzizzy
zizzyzizzy collected $0.80 from pot
zizzyzizzy: doesn't show hand 
*** SUMMARY ***
Total pot $0.84 | Rake $0.04 
Board [Tc 3s 8h]
Seat 1: Schorle884 (button) folded before Flop (didn't bet)
Seat 2: zizzyzizzy (small blind) collected ($0.80)
Seat 3: glupakat (big blind) folded before Flop
Seat 4: belosi folded on the Flop
Seat 5: thekla76 folded before Flop (didn't bet)
Seat 6: Mahu2021 folded before Flop (didn't bet)



PokerStars Zoom Hand #255444508602:  Hold'em No Limit ($0.05/$0.10) - 2025/03/25 12:57:51 CET [2025/03/25 7:57:51 ET]
Table 'Aludra' 6-max Seat #1 is the button
Seat 1: alexevo91 ($12.84 in chips) 
Seat 2: FezzGeraldo ($9.27 in chips) 
Seat 3: pougia777 ($10 in chips) 
Seat 4: sho0506 ($11.02 in chips) 
Seat 5: Mahu2021 ($10.57 in chips) 
Seat 6: MicZnuk ($9.45 in chips) 
FezzGeraldo: posts small blind $0.05
pougia777: posts big blind $0.10
*** HOLE CARDS ***
Dealt to Mahu2021 [6h Ah]
sho0506: folds 
Mahu2021: raises $0.14 to $0.24
MicZnuk: folds 
alexevo91: folds 
FezzGeraldo: folds 
pougia777: folds 
Uncalled bet ($0.14) returned to Mahu2021
Mahu2021 collected $0.25 from pot
Mahu2021: doesn't show hand 
*** SUMMARY ***
Total pot $0.25 | Rake $0 
Seat 1: alexevo91 (button) folded before Flop (didn't bet)
Seat 2: FezzGeraldo (small blind) folded before Flop
Seat 3: pougia777 (big blind) folded before Flop
Seat 4: sho0506 folded before Flop (didn't bet)
Seat 5: Mahu2021 collected ($0.25)
Seat 6: MicZnuk folded before Flop (didn't bet)



PokerStars Zoom Hand #255444509899:  Hold'em No Limit ($0.05/$0.10) - 2025/03/25 12:58:03 CET [2025/03/25 7:58:03 ET]
Table 'Aludra' 6-max Seat #1 is the button
Seat 1: belosi ($11.30 in chips) 
Seat 2: Mahu2021 ($10.72 in chips) 
Seat 3: A_Rommel ($47.02 in chips) 
Seat 4: ComplyOrDie8 ($33.54 in chips) 
Seat 5: pougia777 ($10.30 in chips) 
Seat 6: lofiofede11 ($15.33 in chips) 
Mahu2021: posts small blind $0.05
A_Rommel: posts big blind $0.10
*** HOLE CARDS ***
Dealt to Mahu2021 [Ac Qd]
ComplyOrDie8: folds 
pougia777: folds 
lofiofede11: folds 
belosi: raises $0.15 to $0.25
Mahu2021: calls $0.20
A_Rommel: folds 
*** FLOP *** [6d Jd Td]
Mahu2021: checks 
belosi: checks 
*** TURN *** [6d Jd Td] [Kc]
Mahu2021: bets $0.57
belosi: folds 
Uncalled bet ($0.57) returned to Mahu2021
Mahu2021 collected $0.57 from pot
Mahu2021: doesn't show hand 
*** SUMMARY ***
Total pot $0.60 | Rake $0.03 
Board [6d Jd Td Kc]
Seat 1: belosi (button) folded on the Turn
Seat 2: Mahu2021 (small blind) collected ($0.57)
Seat 3: A_Rommel (big blind) folded before Flop
Seat 4: ComplyOrDie8 folded before Flop (didn't bet)
Seat 5: pougia777 folded before Flop (didn't bet)
Seat 6: lofiofede11 folded before Flop (didn't bet)



PokerStars Zoom Hand #255444513030:  Hold'em No Limit ($0.05/$0.10) - 2025/03/25 12:58:32 CET [2025/03/25 7:58:32 ET]
Table 'Aludra' 6-max Seat #1 is the button
Seat 1: Dré29 ($10 in chips) 
Seat 2: Retulx ($11.55 in chips) 
Seat 3: Shakawka ($11.89 in chips) 
Seat 4: belosi ($30.96 in chips) 
Seat 5: willfalcao ($10.15 in chips) 
Seat 6: Mahu2021 ($11.04 in chips) 
Retulx: posts small blind $0.05
Shakawka: posts big blind $0.10
*** HOLE CARDS ***
Dealt to Mahu2021 [Ts 4h]
belosi: folds 
willfalcao: folds 
Mahu2021: folds 
Dré29: folds 
Retulx: folds 
Uncalled bet ($0.05) returned to Shakawka
Shakawka collected $0.10 from pot
Shakawka: doesn't show hand 
*** SUMMARY ***
Total pot $0.10 | Rake $0 
Seat 1: Dré29 (button) folded before Flop (didn't bet)
Seat 2: Retulx (small blind) folded before Flop
Seat 3: Shakawka (big blind) collected ($0.10)
Seat 4: belosi folded before Flop (didn't bet)
Seat 5: willfalcao folded before Flop (didn't bet)
Seat 6: Mahu2021 folded before Flop (didn't bet)



PokerStars Zoom Hand #255444506208:  Hold'em No Limit ($0.05/$0.10) - 2025/03/25 12:57:29 CET [2025/03/25 7:57:29 ET]
Table 'Aludra' 6-max Seat #1 is the button
Seat 1: EdgarYY ($10.64 in chips) 
Seat 2: cheddarman24 ($10.05 in chips) 
Seat 3: Makkekoo ($10 in chips) 
Seat 4: r1bkata ($11.56 in chips) 
Seat 5: Mahu2021 ($10.67 in chips) 
Seat 6: dreexxar ($10.85 in chips) 
cheddarman24: posts small blind $0.05
Makkekoo: posts big blind $0.10
*** HOLE CARDS ***
Dealt to Mahu2021 [6c Kd]
r1bkata: folds 
Mahu2021: folds 
dreexxar: folds 
EdgarYY: raises $0.15 to $0.25
cheddarman24: folds 
Makkekoo: raises $1 to $1.25
EdgarYY: calls $1
*** FLOP *** [3d 2s Qs]
Makkekoo: bets $0.81
EdgarYY: raises $1.20 to $2.01
Makkekoo: calls $1.20
*** TURN *** [3d 2s Qs] [8d]
Makkekoo: checks 
EdgarYY: bets $7.38 and is all-in
Makkekoo: folds 
Uncalled bet ($7.38) returned to EdgarYY
EdgarYY collected $6.27 from pot
EdgarYY: doesn't show hand 
*** SUMMARY ***
Total pot $6.57 | Rake $0.30 
Board [3d 2s Qs 8d]
Seat 1: EdgarYY (button) collected ($6.27)
Seat 2: cheddarman24 (small blind) folded before Flop
Seat 3: Makkekoo (big blind) folded on the Turn
Seat 4: r1bkata folded before Flop (didn't bet)
Seat 5: Mahu2021 folded before Flop (didn't bet)
Seat 6: dreexxar folded before Flop (didn't bet)



PokerStars Zoom Hand #255444513475:  Hold'em No Limit ($0.05/$0.10) - 2025/03/25 12:58:36 CET [2025/03/25 7:58:36 ET]
Table 'Aludra' 6-max Seat #1 is the button
Seat 1: Mahu2021 ($11.04 in chips) 
Seat 2: belosi ($30.96 in chips) 
Seat 3: Dré29 ($10 in chips) 
Seat 4: A_Rommel ($60.94 in chips) 
Seat 5: Inc-Zra ($14.12 in chips) 
Seat 6: EdgarYY ($10 in chips) 
belosi: posts small blind $0.05
Dré29: posts big blind $0.10
*** HOLE CARDS ***
Dealt to Mahu2021 [Ah Kd]
A_Rommel: folds 
Inc-Zra: raises $0.10 to $0.20
EdgarYY: folds 
Mahu2021: raises $0.90 to $1.10
belosi: folds 
Dré29: folds 
Inc-Zra: folds 
Uncalled bet ($0.90) returned to Mahu2021
Mahu2021 collected $0.55 from pot
Mahu2021: doesn't show hand 
*** SUMMARY ***
Total pot $0.55 | Rake $0 
Seat 1: Mahu2021 (button) collected ($0.55)
Seat 2: belosi (small blind) folded before Flop
Seat 3: Dré29 (big blind) folded before Flop
Seat 4: A_Rommel folded before Flop (didn't bet)
Seat 5: Inc-Zra folded before Flop
Seat 6: EdgarYY folded before Flop (didn't bet)



PokerStars Zoom Hand #255444515700:  Hold'em No Limit ($0.05/$0.10) - 2025/03/25 12:58:56 CET [2025/03/25 7:58:56 ET]
Table 'Aludra' 6-max Seat #1 is the button
Seat 1: Shakawka ($11.89 in chips) 
Seat 2: Retulx ($11.40 in chips) 
Seat 3: TUMAN-1122 ($9.80 in chips) 
Seat 4: TheSoulTaker666 ($9.59 in chips) 
Seat 5: Mahu2021 ($11.39 in chips) 
Seat 6: Inc-Zra ($23.16 in chips) 
Retulx: posts small blind $0.05
TUMAN-1122: posts big blind $0.10
*** HOLE CARDS ***
Dealt to Mahu2021 [Th Ad]
TheSoulTaker666: folds 
Mahu2021: raises $0.14 to $0.24
Inc-Zra: folds 
Shakawka: raises $0.51 to $0.75
Retulx: folds 
TUMAN-1122: folds 
Mahu2021: folds 
Uncalled bet ($0.51) returned to Shakawka
Shakawka collected $0.63 from pot
Shakawka: doesn't show hand 
*** SUMMARY ***
Total pot $0.63 | Rake $0 
Seat 1: Shakawka (button) collected ($0.63)
Seat 2: Retulx (small blind) folded before Flop
Seat 3: TUMAN-1122 (big blind) folded before Flop
Seat 4: TheSoulTaker666 folded before Flop (didn't bet)
Seat 5: Mahu2021 folded before Flop
Seat 6: Inc-Zra folded before Flop (didn't bet)



PokerStars Zoom Hand #255444515305:  Hold'em No Limit ($0.05/$0.10) - 2025/03/25 12:58:53 CET [2025/03/25 7:58:53 ET]
Table 'Aludra' 6-max Seat #1 is the button
Seat 1: Trini23451 ($6.22 in chips) 
Seat 2: TUMAN-1122 ($9.85 in chips) 
Seat 3: r1bkata ($11.41 in chips) 
Seat 4: Mahu2021 ($11.39 in chips) 
Seat 5: piknikschet ($10.05 in chips) 
Seat 6: koei1218 ($24.71 in chips) 
TUMAN-1122: posts small blind $0.05
r1bkata: posts big blind $0.10
*** HOLE CARDS ***
Dealt to Mahu2021 [3h Kc]
Mahu2021: folds 
piknikschet: folds 
koei1218: folds 
Trini23451: calls $0.10
TUMAN-1122: folds 
r1bkata: raises $0.50 to $0.60
Trini23451: calls $0.50
*** FLOP *** [Ac 2s 7c]
r1bkata: bets $0.39
Trini23451: folds 
Uncalled bet ($0.39) returned to r1bkata
r1bkata collected $1.19 from pot
r1bkata: doesn't show hand 
*** SUMMARY ***
Total pot $1.25 | Rake $0.06 
Board [Ac 2s 7c]
Seat 1: Trini23451 (button) folded on the Flop
Seat 2: TUMAN-1122 (small blind) folded before Flop
Seat 3: r1bkata (big blind) collected ($1.19)
Seat 4: Mahu2021 folded before Flop (didn't bet)
Seat 5: piknikschet folded before Flop (didn't bet)
Seat 6: koei1218 folded before Flop (didn't bet)



PokerStars Zoom Hand #255444518791:  Hold'em No Limit ($0.05/$0.10) - 2025/03/25 12:59:26 CET [2025/03/25 7:59:26 ET]
Table 'Aludra' 6-max Seat #1 is the button
Seat 1: Mahu2021 ($11 in chips) 
Seat 2: Inc-Zra ($23.06 in chips) 
Seat 3: MicZnuk ($10.67 in chips) 
Seat 4: Retulx ($11.35 in chips) 
Seat 5: zizzyzizzy ($5.74 in chips) 
Seat 6: ComplyOrDie8 ($11.48 in chips) 
Inc-Zra: posts small blind $0.05
MicZnuk: posts big blind $0.10
*** HOLE CARDS ***
Dealt to Mahu2021 [Qd Qh]
Retulx: folds 
zizzyzizzy: folds 
ComplyOrDie8: folds 
Mahu2021: raises $0.14 to $0.24
Inc-Zra: folds 
MicZnuk: folds 
Uncalled bet ($0.14) returned to Mahu2021
Mahu2021 collected $0.25 from pot
Mahu2021: doesn't show hand 
*** SUMMARY ***
Total pot $0.25 | Rake $0 
Seat 1: Mahu2021 (button) collected ($0.25)
Seat 2: Inc-Zra (small blind) folded before Flop
Seat 3: MicZnuk (big blind) folded before Flop
Seat 4: Retulx folded before Flop (didn't bet)
Seat 5: zizzyzizzy folded before Flop (didn't bet)
Seat 6: ComplyOrDie8 folded before Flop (didn't bet)



PokerStars Zoom Hand #255444518367:  Hold'em No Limit ($0.05/$0.10) - 2025/03/25 12:59:22 CET [2025/03/25 7:59:22 ET]
Table 'Aludra' 6-max Seat #1 is the button
Seat 1: Shakawka ($10.45 in chips) 
Seat 2: Mahu2021 ($11.05 in chips) 
Seat 3: sho0506 ($18.02 in chips) 
Seat 4: willfalcao ($10.64 in chips) 
Seat 5: piknikschet ($10.22 in chips) 
Seat 6: EdgarYY ($10 in chips) 
Mahu2021: posts small blind $0.05
sho0506: posts big blind $0.10
*** HOLE CARDS ***
Dealt to Mahu2021 [6c 7s]
willfalcao: folds 
piknikschet: folds 
EdgarYY: folds 
Shakawka: folds 
Mahu2021: folds 
Uncalled bet ($0.05) returned to sho0506
sho0506 collected $0.10 from pot
sho0506: doesn't show hand 
*** SUMMARY ***
Total pot $0.10 | Rake $0 
Seat 1: Shakawka (button) folded before Flop (didn't bet)
Seat 2: Mahu2021 (small blind) folded before Flop
Seat 3: sho0506 (big blind) collected ($0.10)
Seat 4: willfalcao folded before Flop (didn't bet)
Seat 5: piknikschet folded before Flop (didn't bet)
Seat 6: EdgarYY folded before Flop (didn't bet)



PokerStars Zoom Hand #255444517117:  Hold'em No Limit ($0.05/$0.10) - 2025/03/25 12:59:10 CET [2025/03/25 7:59:10 ET]
Table 'Aludra' 6-max Seat #1 is the button
Seat 1: Mùúh 22 ($17.50 in chips) 
Seat 2: deejaydmc ($4.90 in chips) 
Seat 3: Mahu2021 ($11.15 in chips) 
Seat 4: augtoth ($16.34 in chips) 
Seat 5: cheddarman24 ($10.15 in chips) 
Seat 6: belosi ($30.81 in chips) 
deejaydmc: posts small blind $0.05
Mahu2021: posts big blind $0.10
*** HOLE CARDS ***
Dealt to Mahu2021 [Ks 6s]
augtoth: folds 
cheddarman24: folds 
belosi: folds 
Mùúh 22: raises $0.20 to $0.30
deejaydmc: calls $0.25
Mahu2021: folds 
*** FLOP *** [Kd Ac 6c]
deejaydmc: checks 
Mùúh 22: bets $0.17
deejaydmc: raises $0.86 to $1.03
Mùúh 22: folds 
Uncalled bet ($0.86) returned to deejaydmc
deejaydmc collected $0.99 from pot
deejaydmc: doesn't show hand 
*** SUMMARY ***
Total pot $1.04 | Rake $0.05 
Board [Kd Ac 6c]
Seat 1: Mùúh 22 (button) folded on the Flop
Seat 2: deejaydmc (small blind) collected ($0.99)
Seat 3: Mahu2021 (big blind) folded before Flop
Seat 4: augtoth folded before Flop (didn't bet)
Seat 5: cheddarman24 folded before Flop (didn't bet)
Seat 6: belosi folded before Flop (didn't bet)



PokerStars Zoom Hand #255444520509:  Hold'em No Limit ($0.05/$0.10) - 2025/03/25 12:59:42 CET [2025/03/25 7:59:42 ET]
Table 'Aludra' 6-max Seat #1 is the button
Seat 1: Makkekoo ($10.70 in chips) 
Seat 2: sho0506 ($11.07 in chips) 
Seat 3: carcaradosertao ($12.36 in chips) 
Seat 4: belosi ($10.83 in chips) 
Seat 5: Shakawka ($20.06 in chips) 
Seat 6: Mahu2021 ($11.15 in chips) 
sho0506: posts small blind $0.05
carcaradosertao: posts big blind $0.10
*** HOLE CARDS ***
Dealt to Mahu2021 [4c Kd]
belosi: folds 
Shakawka: raises $0.10 to $0.20
Mahu2021: folds 
Makkekoo: folds 
sho0506: folds 
carcaradosertao: calls $0.10
*** FLOP *** [Ah Qd 6h]
carcaradosertao: checks 
Shakawka: checks 
*** TURN *** [Ah Qd 6h] [Kc]
carcaradosertao: checks 
Shakawka: checks 
*** RIVER *** [Ah Qd 6h Kc] [5s]
carcaradosertao: checks 
Shakawka: bets $0.14
carcaradosertao: raises $0.21 to $0.35
Shakawka: folds 
Uncalled bet ($0.21) returned to carcaradosertao
carcaradosertao collected $0.70 from pot
carcaradosertao: doesn't show hand 
*** SUMMARY ***
Total pot $0.73 | Rake $0.03 
Board [Ah Qd 6h Kc 5s]
Seat 1: Makkekoo (button) folded before Flop (didn't bet)
Seat 2: sho0506 (small blind) folded before Flop
Seat 3: carcaradosertao (big blind) collected ($0.70)
Seat 4: belosi folded before Flop (didn't bet)
Seat 5: Shakawka folded on the River
Seat 6: Mahu2021 folded before Flop (didn't bet)



PokerStars Zoom Hand #255444519966:  Hold'em No Limit ($0.05/$0.10) - 2025/03/25 12:59:37 CET [2025/03/25 7:59:37 ET]
Table 'Aludra' 6-max Seat #1 is the button
Seat 1: mexxxy_90 ($10 in chips) 
Seat 2: dreexxar ($12.42 in chips) 
Seat 3: Shakawka ($10.60 in chips) 
Seat 4: Mahu2021 ($11.15 in chips) 
Seat 5: r1bkata ($42.08 in chips) 
Seat 6: sho0506 ($18.07 in chips) 
dreexxar: posts small blind $0.05
Shakawka: posts big blind $0.10
*** HOLE CARDS ***
Dealt to Mahu2021 [6h 8d]
Mahu2021: folds 
r1bkata: raises $0.15 to $0.25
sho0506: folds 
mexxxy_90: calls $0.25
dreexxar: folds 
Shakawka: folds 
*** FLOP *** [Th Js 5c]
r1bkata: checks 
mexxxy_90: checks 
*** TURN *** [Th Js 5c] [As]
r1bkata: bets $0.30
mexxxy_90: folds 
Uncalled bet ($0.30) returned to r1bkata
r1bkata collected $0.62 from pot
r1bkata: doesn't show hand 
*** SUMMARY ***
Total pot $0.65 | Rake $0.03 
Board [Th Js 5c As]
Seat 1: mexxxy_90 (button) folded on the Turn
Seat 2: dreexxar (small blind) folded before Flop
Seat 3: Shakawka (big blind) folded before Flop
Seat 4: Mahu2021 folded before Flop (didn't bet)
Seat 5: r1bkata collected ($0.62)
Seat 6: sho0506 folded before Flop (didn't bet)



PokerStars Zoom Hand #255444520935:  Hold'em No Limit ($0.05/$0.10) - 2025/03/25 12:59:46 CET [2025/03/25 7:59:46 ET]
Table 'Aludra' 6-max Seat #1 is the button
Seat 1: eNeeo ($10.97 in chips) 
Seat 2: rogerioo495 ($9.69 in chips) 
Seat 3: afwing16 ($10.15 in chips) 
Seat 4: TheSoulTaker666 ($10.57 in chips) 
Seat 5: Mahu2021 ($11.15 in chips) 
Seat 6: alex6255 ($10 in chips) 
rogerioo495: posts small blind $0.05
afwing16: posts big blind $0.10
*** HOLE CARDS ***
Dealt to Mahu2021 [Ac Ts]
TheSoulTaker666: folds 
Mahu2021: raises $0.15 to $0.25
alex6255: folds 
eNeeo: calls $0.25
rogerioo495: folds 
afwing16: folds 
*** FLOP *** [Jd 5h 5s]
Mahu2021: checks 
eNeeo: bets $0.20
Mahu2021: calls $0.20
*** TURN *** [Jd 5h 5s] [As]
Mahu2021: checks 
eNeeo: checks 
*** RIVER *** [Jd 5h 5s As] [Qh]
Mahu2021: bets $1
eNeeo: folds 
Uncalled bet ($1) returned to Mahu2021
Mahu2021 collected $1 from pot
Mahu2021: doesn't show hand 
*** SUMMARY ***
Total pot $1.05 | Rake $0.05 
Board [Jd 5h 5s As Qh]
Seat 1: eNeeo (button) folded on the River
Seat 2: rogerioo495 (small blind) folded before Flop
Seat 3: afwing16 (big blind) folded before Flop
Seat 4: TheSoulTaker666 folded before Flop (didn't bet)
Seat 5: Mahu2021 collected ($1)
Seat 6: alex6255 folded before Flop (didn't bet)



PokerStars Zoom Hand #255444526148:  Hold'em No Limit ($0.05/$0.10) - 2025/03/25 13:00:33 CET [2025/03/25 8:00:33 ET]
Table 'Aludra' 6-max Seat #1 is the button
Seat 1: Mahu2021 ($11.60 in chips) 
Seat 2: alexevo91 ($14.44 in chips) 
Seat 3: Inc-Zra ($21.75 in chips) 
Seat 4: EdgarYY ($13.65 in chips) 
Seat 5: Retulx ($11.20 in chips) 
Seat 6: koei1218 ($10 in chips) 
alexevo91: posts small blind $0.05
Inc-Zra: posts big blind $0.10
*** HOLE CARDS ***
Dealt to Mahu2021 [Kh 5d]
EdgarYY: folds 
Retulx: raises $0.15 to $0.25
koei1218: folds 
Mahu2021: folds 
alexevo91: folds 
Inc-Zra: folds 
Uncalled bet ($0.15) returned to Retulx
Retulx collected $0.25 from pot
Retulx: doesn't show hand 
*** SUMMARY ***
Total pot $0.25 | Rake $0 
Seat 1: Mahu2021 (button) folded before Flop (didn't bet)
Seat 2: alexevo91 (small blind) folded before Flop
Seat 3: Inc-Zra (big blind) folded before Flop
Seat 4: EdgarYY folded before Flop (didn't bet)
Seat 5: Retulx collected ($0.25)
Seat 6: koei1218 folded before Flop (didn't bet)



PokerStars Zoom Hand #255444524694:  Hold'em No Limit ($0.05/$0.10) - 2025/03/25 13:00:20 CET [2025/03/25 8:00:20 ET]
Table 'Aludra' 6-max Seat #1 is the button
Seat 1: pougia777 ($10.45 in chips) 
Seat 2: afwing16 ($10.05 in chips) 
Seat 3: Mahu2021 ($11.70 in chips) 
Seat 4: Shakawka ($12.13 in chips) 
Seat 5: EdgarYY ($13.70 in chips) 
Seat 6: sho0506 ($18.22 in chips) 
afwing16: posts small blind $0.05
Mahu2021: posts big blind $0.10
*** HOLE CARDS ***
Dealt to Mahu2021 [6h 4h]
Shakawka: raises $0.10 to $0.20
EdgarYY: folds 
sho0506: folds 
pougia777: raises $0.40 to $0.60
afwing16: folds 
Mahu2021: folds 
Shakawka: raises $1.20 to $1.80
pougia777: folds 
Uncalled bet ($1.20) returned to Shakawka
Shakawka collected $1.35 from pot
Shakawka: doesn't show hand 
*** SUMMARY ***
Total pot $1.35 | Rake $0 
Seat 1: pougia777 (button) folded before Flop
Seat 2: afwing16 (small blind) folded before Flop
Seat 3: Mahu2021 (big blind) folded before Flop
Seat 4: Shakawka collected ($1.35)
Seat 5: EdgarYY folded before Flop (didn't bet)
Seat 6: sho0506 folded before Flop (didn't bet)



PokerStars Zoom Hand #255444526593:  Hold'em No Limit ($0.05/$0.10) - 2025/03/25 13:00:37 CET [2025/03/25 8:00:37 ET]
Table 'Aludra' 6-max Seat #1 is the button
Seat 1: alex6255 ($10.91 in chips) 
Seat 2: Mahu2021 ($11.60 in chips) 
Seat 3: EdgarYY ($13.65 in chips) 
Seat 4: glupakat ($5.31 in chips) 
Seat 5: Shakawka ($10.20 in chips) 
Seat 6: lofiofede11 ($23.26 in chips) 
Mahu2021: posts small blind $0.05
EdgarYY: posts big blind $0.10
*** HOLE CARDS ***
Dealt to Mahu2021 [Jc 2c]
glupakat: raises $0.25 to $0.35
Shakawka: calls $0.35
lofiofede11: folds 
alex6255: folds 
Mahu2021: folds 
EdgarYY: folds 
*** FLOP *** [Ah 2h 3h]
glupakat: bets $4.96 and is all-in
Shakawka: folds 
Uncalled bet ($4.96) returned to glupakat
glupakat collected $0.81 from pot
glupakat: doesn't show hand 
*** SUMMARY ***
Total pot $0.85 | Rake $0.04 
Board [Ah 2h 3h]
Seat 1: alex6255 (button) folded before Flop (didn't bet)
Seat 2: Mahu2021 (small blind) folded before Flop
Seat 3: EdgarYY (big blind) folded before Flop
Seat 4: glupakat collected ($0.81)
Seat 5: Shakawka folded on the Flop
Seat 6: lofiofede11 folded before Flop (didn't bet)



PokerStars Zoom Hand #255444528051:  Hold'em No Limit ($0.05/$0.10) - 2025/03/25 13:00:49 CET [2025/03/25 8:00:49 ET]
Table 'Aludra' 6-max Seat #1 is the button
Seat 1: mexxxy_90 ($10 in chips) 
Seat 2: EdgarYY ($10.95 in chips) 
Seat 3: Mahu2021 ($11.55 in chips) 
Seat 4: cheddarman24 ($11.99 in chips) 
Seat 5: sho0506 ($11.02 in chips) 
Seat 6: afwing16 ($10.45 in chips) 
EdgarYY: posts small blind $0.05
Mahu2021: posts big blind $0.10
*** HOLE CARDS ***
Dealt to Mahu2021 [3h 8d]
cheddarman24: raises $0.12 to $0.22
sho0506: folds 
afwing16: folds 
mexxxy_90: folds 
EdgarYY: folds 
Mahu2021: folds 
Uncalled bet ($0.12) returned to cheddarman24
cheddarman24 collected $0.25 from pot
cheddarman24: doesn't show hand 
*** SUMMARY ***
Total pot $0.25 | Rake $0 
Seat 1: mexxxy_90 (button) folded before Flop (didn't bet)
Seat 2: EdgarYY (small blind) folded before Flop
Seat 3: Mahu2021 (big blind) folded before Flop
Seat 4: cheddarman24 collected ($0.25)
Seat 5: sho0506 folded before Flop (didn't bet)
Seat 6: afwing16 folded before Flop (didn't bet)



PokerStars Zoom Hand #255444527572:  Hold'em No Limit ($0.05/$0.10) - 2025/03/25 13:00:45 CET [2025/03/25 8:00:45 ET]
Table 'Aludra' 6-max Seat #1 is the button
Seat 1: Inc-Zra ($10 in chips) 
Seat 2: koei1218 ($10 in chips) 
Seat 3: Dré29 ($13.22 in chips) 
Seat 4: HakuBD ($18.23 in chips) 
Seat 5: pougia777 ($10 in chips) 
Seat 6: Mahu2021 ($11.55 in chips) 
koei1218: posts small blind $0.05
Dré29: posts big blind $0.10
*** HOLE CARDS ***
Dealt to Mahu2021 [Tc 7h]
HakuBD: folds 
pougia777: raises $0.15 to $0.25
Mahu2021: folds 
Inc-Zra: folds 
koei1218: folds 
Dré29: folds 
Uncalled bet ($0.15) returned to pougia777
pougia777 collected $0.25 from pot
pougia777: doesn't show hand 
*** SUMMARY ***
Total pot $0.25 | Rake $0 
Seat 1: Inc-Zra (button) folded before Flop (didn't bet)
Seat 2: koei1218 (small blind) folded before Flop
Seat 3: Dré29 (big blind) folded before Flop
Seat 4: HakuBD folded before Flop (didn't bet)
Seat 5: pougia777 collected ($0.25)
Seat 6: Mahu2021 folded before Flop (didn't bet)



PokerStars Zoom Hand #255444529396:  Hold'em No Limit ($0.05/$0.10) - 2025/03/25 13:00:59 CET [2025/03/25 8:00:59 ET]
Table 'Aludra' 6-max Seat #1 is the button
Seat 1: A_Rommel ($60.05 in chips) 
Seat 2: MicZnuk ($10.51 in chips) 
Seat 3: Dré29 ($22.17 in chips) 
Seat 4: augtoth ($16.19 in chips) 
Seat 5: Mahu2021 ($11.45 in chips) 
Seat 6: EdgarYY ($13.55 in chips) 
MicZnuk: posts small blind $0.05
Dré29: posts big blind $0.10
*** HOLE CARDS ***
Dealt to Mahu2021 [Jd Ac]
augtoth: folds 
Mahu2021: raises $0.15 to $0.25
EdgarYY: folds 
A_Rommel: folds 
MicZnuk: folds 
Dré29: folds 
Uncalled bet ($0.15) returned to Mahu2021
Mahu2021 collected $0.25 from pot
Mahu2021: doesn't show hand 
*** SUMMARY ***
Total pot $0.25 | Rake $0 
Seat 1: A_Rommel (button) folded before Flop (didn't bet)
Seat 2: MicZnuk (small blind) folded before Flop
Seat 3: Dré29 (big blind) folded before Flop
Seat 4: augtoth folded before Flop (didn't bet)
Seat 5: Mahu2021 collected ($0.25)
Seat 6: EdgarYY folded before Flop (didn't bet)



PokerStars Zoom Hand #255444531024:  Hold'em No Limit ($0.05/$0.10) - 2025/03/25 13:01:11 CET [2025/03/25 8:01:11 ET]
Table 'Aludra' 6-max Seat #1 is the button
Seat 1: BluffsLord ($10.12 in chips) 
Seat 2: Shakawka ($12.78 in chips) 
Seat 3: TheSoulTaker666 ($21.01 in chips) 
Seat 4: Mahu2021 ($11.60 in chips) 
Seat 5: alex6255 ($11.28 in chips) 
Seat 6: Schorle884 ($13.42 in chips) 
Shakawka: posts small blind $0.05
TheSoulTaker666: posts big blind $0.10
*** HOLE CARDS ***
Dealt to Mahu2021 [7d 2c]
Mahu2021: folds 
alex6255: folds 
Schorle884: folds 
BluffsLord: raises $0.15 to $0.25
Shakawka: folds 
TheSoulTaker666: folds 
Uncalled bet ($0.15) returned to BluffsLord
BluffsLord collected $0.25 from pot
BluffsLord: doesn't show hand 
*** SUMMARY ***
Total pot $0.25 | Rake $0 
Seat 1: BluffsLord (button) collected ($0.25)
Seat 2: Shakawka (small blind) folded before Flop
Seat 3: TheSoulTaker666 (big blind) folded before Flop
Seat 4: Mahu2021 folded before Flop (didn't bet)
Seat 5: alex6255 folded before Flop (didn't bet)
Seat 6: Schorle884 folded before Flop (didn't bet)



PokerStars Zoom Hand #255444531611:  Hold'em No Limit ($0.05/$0.10) - 2025/03/25 13:01:15 CET [2025/03/25 8:01:15 ET]
Table 'Aludra' 6-max Seat #1 is the button
Seat 1: sho0506 ($10.67 in chips) 
Seat 2: EdgarYY ($10.90 in chips) 
Seat 3: psembril1024 ($10.32 in chips) 
Seat 4: alex6255 ($11.28 in chips) 
Seat 5: alexevo91 ($14.44 in chips) 
Seat 6: Mahu2021 ($11.60 in chips) 
EdgarYY: posts small blind $0.05
psembril1024: posts big blind $0.10
*** HOLE CARDS ***
Dealt to Mahu2021 [5h 9h]
alex6255: folds 
alexevo91: folds 
Mahu2021: folds 
sho0506: raises $0.15 to $0.25
EdgarYY: folds 
psembril1024: folds 
Uncalled bet ($0.15) returned to sho0506
sho0506 collected $0.25 from pot
sho0506: doesn't show hand 
*** SUMMARY ***
Total pot $0.25 | Rake $0 
Seat 1: sho0506 (button) collected ($0.25)
Seat 2: EdgarYY (small blind) folded before Flop
Seat 3: psembril1024 (big blind) folded before Flop
Seat 4: alex6255 folded before Flop (didn't bet)
Seat 5: alexevo91 folded before Flop (didn't bet)
Seat 6: Mahu2021 folded before Flop (didn't bet)



PokerStars Zoom Hand #255444532121:  Hold'em No Limit ($0.05/$0.10) - 2025/03/25 13:01:19 CET [2025/03/25 8:01:19 ET]
Table 'Aludra' 6-max Seat #1 is the button
Seat 1: koei1218 ($10 in chips) 
Seat 2: alexevo91 ($14.44 in chips) 
Seat 3: Mahu2021 ($11.60 in chips) 
Seat 4: piknikschet ($10.77 in chips) 
Seat 5: glupakat ($5.67 in chips) 
Seat 6: HakuBD ($18.08 in chips) 
alexevo91: posts small blind $0.05
Mahu2021: posts big blind $0.10
*** HOLE CARDS ***
Dealt to Mahu2021 [Kd Jd]
piknikschet: folds 
glupakat: raises $0.30 to $0.40
HakuBD: folds 
koei1218: folds 
alexevo91: folds 
Mahu2021: calls $0.30
*** FLOP *** [Jc 3h 8h]
Mahu2021: bets $0.30
glupakat: raises $0.70 to $1
Mahu2021: calls $0.70
*** TURN *** [Jc 3h 8h] [3c]
Mahu2021: checks 
glupakat: checks 
*** RIVER *** [Jc 3h 8h 3c] [Kc]
Mahu2021: bets $2.72
glupakat: folds 
Uncalled bet ($2.72) returned to Mahu2021
Mahu2021 collected $2.72 from pot
Mahu2021: doesn't show hand 
*** SUMMARY ***
Total pot $2.85 | Rake $0.13 
Board [Jc 3h 8h 3c Kc]
Seat 1: koei1218 (button) folded before Flop (didn't bet)
Seat 2: alexevo91 (small blind) folded before Flop
Seat 3: Mahu2021 (big blind) collected ($2.72)
Seat 4: piknikschet folded before Flop (didn't bet)
Seat 5: glupakat folded on the River
Seat 6: HakuBD folded before Flop (didn't bet)



PokerStars Zoom Hand #255444536618:  Hold'em No Limit ($0.05/$0.10) - 2025/03/25 13:01:54 CET [2025/03/25 8:01:54 ET]
Table 'Aludra' 6-max Seat #1 is the button
Seat 1: dreexxar ($10 in chips) 
Seat 2: Mahu2021 ($12.92 in chips) 
Seat 3: Schorle884 ($13.52 in chips) 
Seat 4: pougia777 ($10 in chips) 
Seat 5: BluffsLord ($10.17 in chips) 
Seat 6: Retulx ($21.05 in chips) 
Mahu2021: posts small blind $0.05
Schorle884: posts big blind $0.10
*** HOLE CARDS ***
Dealt to Mahu2021 [Kc Ks]
pougia777: folds 
BluffsLord: folds 
Retulx: raises $0.15 to $0.25
dreexxar: folds 
Mahu2021: raises $12.67 to $12.92 and is all-in
Schorle884: folds 
Retulx: folds 
Uncalled bet ($12.67) returned to Mahu2021
Mahu2021 collected $0.60 from pot
Mahu2021: doesn't show hand 
*** SUMMARY ***
Total pot $0.60 | Rake $0 
Seat 1: dreexxar (button) folded before Flop (didn't bet)
Seat 2: Mahu2021 (small blind) collected ($0.60)
Seat 3: Schorle884 (big blind) folded before Flop
Seat 4: pougia777 folded before Flop (didn't bet)
Seat 5: BluffsLord folded before Flop (didn't bet)
Seat 6: Retulx folded before Flop



