PokerStars Zoom Hand #255375142580:  Hold'em No Limit ($0.50/$1.00) - 2025/03/20 21:30:44 CET [2025/03/20 16:30:44 ET]
Table 'Triangulum' 6-max Seat #1 is the button
Seat 1: coeeeelho ($186.01 in chips) 
Seat 2: ibaCker ($113.08 in chips) 
Seat 3: Mahu2021 ($54.72 in chips) 
Seat 4: fabri318 ($100 in chips) 
Seat 5: treds17 ($100 in chips) 
Seat 6: RichPreacher ($150.58 in chips) 
ibaCker: posts small blind $0.50
Mahu2021: posts big blind $1
*** HOLE CARDS ***
Dealt to Mahu2021 [2c Kc]
fabri318: folds 
treds17: raises $1 to $2
RichPreacher: folds 
coeeeelho: folds 
ibaCker: folds 
Mahu2021: folds 
Uncalled bet ($1) returned to treds17
treds17 collected $2.50 from pot
treds17: doesn't show hand 
*** SUMMARY ***
Total pot $2.50 | Rake $0 
Seat 1: coeeeelho (button) folded before Flop (didn't bet)
Seat 2: ibaCker (small blind) folded before Flop
Seat 3: Mahu2021 (big blind) folded before Flop
Seat 4: fabri318 folded before Flop (didn't bet)
Seat 5: treds17 collected ($2.50)
Seat 6: RichPreacher folded before Flop (didn't bet)



PokerStars Zoom Hand #255375144843:  Hold'em No Limit ($0.50/$1.00) - 2025/03/20 21:30:52 CET [2025/03/20 16:30:52 ET]
Table 'Triangulum' 6-max Seat #1 is the button
Seat 1: DL1B ($321.31 in chips) 
Seat 2: Mahu2021 ($53.72 in chips) 
Seat 3: coeeeelho ($106.82 in chips) 
Seat 4: CichiChanMarian ($108.27 in chips) 
Seat 5: loko92a ($158.94 in chips) 
Seat 6: gfp24 ($131.63 in chips) 
Mahu2021: posts small blind $0.50
coeeeelho: posts big blind $1
*** HOLE CARDS ***
Dealt to Mahu2021 [Kh Jc]
CichiChanMarian: folds 
loko92a: folds 
gfp24: raises $1 to $2
DL1B: folds 
Mahu2021: calls $1.50
coeeeelho: calls $1
*** FLOP *** [8h 8d Ah]
Mahu2021: checks 
coeeeelho: checks 
gfp24: bets $1.85
Mahu2021: folds 
coeeeelho: folds 
Uncalled bet ($1.85) returned to gfp24
gfp24 collected $5.70 from pot
gfp24: doesn't show hand 
*** SUMMARY ***
Total pot $6 | Rake $0.30 
Board [8h 8d Ah]
Seat 1: DL1B (button) folded before Flop (didn't bet)
Seat 2: Mahu2021 (small blind) folded on the Flop
Seat 3: coeeeelho (big blind) folded on the Flop
Seat 4: CichiChanMarian folded before Flop (didn't bet)
Seat 5: loko92a folded before Flop (didn't bet)
Seat 6: gfp24 collected ($5.70)



PokerStars Zoom Hand #255375152945:  Hold'em No Limit ($0.50/$1.00) - 2025/03/20 21:31:21 CET [2025/03/20 16:31:21 ET]
Table 'Triangulum' 6-max Seat #1 is the button
Seat 1: Mahu2021 ($51.72 in chips) 
Seat 2: gfp24 ($114.82 in chips) 
Seat 3: vivipige ($108.77 in chips) 
Seat 4: treds17 ($100.50 in chips) 
Seat 5: Stepooo ($118.98 in chips) 
Seat 6: loko92a ($158.44 in chips) 
gfp24: posts small blind $0.50
vivipige: posts big blind $1
*** HOLE CARDS ***
Dealt to Mahu2021 [7d 8h]
treds17: folds 
Stepooo: folds 
loko92a: raises $2 to $3
Mahu2021: folds 
gfp24: raises $17 to $20
vivipige: folds 
loko92a: folds 
Uncalled bet ($17) returned to gfp24
gfp24 collected $7 from pot
gfp24: doesn't show hand 
*** SUMMARY ***
Total pot $7 | Rake $0 
Seat 1: Mahu2021 (button) folded before Flop (didn't bet)
Seat 2: gfp24 (small blind) collected ($7)
Seat 3: vivipige (big blind) folded before Flop
Seat 4: treds17 folded before Flop (didn't bet)
Seat 5: Stepooo folded before Flop (didn't bet)
Seat 6: loko92a folded before Flop



PokerStars Zoom Hand #255375155611:  Hold'em No Limit ($0.50/$1.00) - 2025/03/20 21:31:30 CET [2025/03/20 16:31:30 ET]
Table 'Triangulum' 6-max Seat #1 is the button
Seat 1: tampakopoulo ($999.79 in chips) 
Seat 2: Lucastitos ($146.50 in chips) 
Seat 3: Mahu2021 ($51.72 in chips) 
Seat 4: imhungarian8 ($100 in chips) 
Seat 5: gfp24 ($135.33 in chips) 
Seat 6: ibaCker ($111.08 in chips) 
Lucastitos: posts small blind $0.50
Mahu2021: posts big blind $1
*** HOLE CARDS ***
Dealt to Mahu2021 [7s Ah]
imhungarian8: folds 
gfp24: folds 
ibaCker: raises $1.50 to $2.50
tampakopoulo: folds 
Lucastitos: folds 
Mahu2021: folds 
Uncalled bet ($1.50) returned to ibaCker
ibaCker collected $2.50 from pot
ibaCker: doesn't show hand 
*** SUMMARY ***
Total pot $2.50 | Rake $0 
Seat 1: tampakopoulo (button) folded before Flop (didn't bet)
Seat 2: Lucastitos (small blind) folded before Flop
Seat 3: Mahu2021 (big blind) folded before Flop
Seat 4: imhungarian8 folded before Flop (didn't bet)
Seat 5: gfp24 folded before Flop (didn't bet)
Seat 6: ibaCker collected ($2.50)



PokerStars Zoom Hand #255375154482:  Hold'em No Limit ($0.50/$1.00) - 2025/03/20 21:31:26 CET [2025/03/20 16:31:26 ET]
Table 'Triangulum' 6-max Seat #1 is the button
Seat 1: fabri318 ($154.20 in chips) 
Seat 2: circoflax ($129.59 in chips) 
Seat 3: coeeeelho ($241.14 in chips) 
Seat 4: remid13 ($185.88 in chips) 
Seat 5: junioru111 ($70.52 in chips) 
Seat 6: Mahu2021 ($51.72 in chips) 
circoflax: posts small blind $0.50
coeeeelho: posts big blind $1
*** HOLE CARDS ***
Dealt to Mahu2021 [8d 4s]
remid13: folds 
junioru111: folds 
Mahu2021: folds 
fabri318: raises $1 to $2
circoflax: folds 
coeeeelho: folds 
Uncalled bet ($1) returned to fabri318
fabri318 collected $2.50 from pot
fabri318: doesn't show hand 
*** SUMMARY ***
Total pot $2.50 | Rake $0 
Seat 1: fabri318 (button) collected ($2.50)
Seat 2: circoflax (small blind) folded before Flop
Seat 3: coeeeelho (big blind) folded before Flop
Seat 4: remid13 folded before Flop (didn't bet)
Seat 5: junioru111 folded before Flop (didn't bet)
Seat 6: Mahu2021 folded before Flop (didn't bet)



PokerStars Zoom Hand #255375159252:  Hold'em No Limit ($0.50/$1.00) - 2025/03/20 21:31:43 CET [2025/03/20 16:31:43 ET]
Table 'Triangulum' 6-max Seat #1 is the button
Seat 1: Maleure31 ($134.84 in chips) 
Seat 2: Mahu2021 ($50.72 in chips) 
Seat 3: imhungarian8 ($100 in chips) 
Seat 4: Elch ($103.48 in chips) 
Seat 5: fabri318 ($172.86 in chips) 
Seat 6: coeeeelho ($104.32 in chips) 
Mahu2021: posts small blind $0.50
imhungarian8: posts big blind $1
*** HOLE CARDS ***
Dealt to Mahu2021 [7c 6d]
Elch: folds 
fabri318: raises $1 to $2
coeeeelho: folds 
Maleure31: folds 
Mahu2021: folds 
imhungarian8: folds 
Uncalled bet ($1) returned to fabri318
fabri318 collected $2.50 from pot
fabri318: doesn't show hand 
*** SUMMARY ***
Total pot $2.50 | Rake $0 
Seat 1: Maleure31 (button) folded before Flop (didn't bet)
Seat 2: Mahu2021 (small blind) folded before Flop
Seat 3: imhungarian8 (big blind) folded before Flop
Seat 4: Elch folded before Flop (didn't bet)
Seat 5: fabri318 collected ($2.50)
Seat 6: coeeeelho folded before Flop (didn't bet)



PokerStars Zoom Hand #255375160310:  Hold'em No Limit ($0.50/$1.00) - 2025/03/20 21:31:47 CET [2025/03/20 16:31:47 ET]
Table 'Triangulum' 6-max Seat #1 is the button
Seat 1: Lucastitos ($146 in chips) 
Seat 2: coeeeelho ($104.32 in chips) 
Seat 3: Elch ($103.48 in chips) 
Seat 4: 22Turk22 ($159.79 in chips) 
Seat 5: Mahu2021 ($50.22 in chips) 
Seat 6: Maleure31 ($134.84 in chips) 
coeeeelho: posts small blind $0.50
Elch: posts big blind $1
*** HOLE CARDS ***
Dealt to Mahu2021 [Tc 4s]
22Turk22: raises $1.40 to $2.40
Mahu2021: folds 
Maleure31: folds 
Lucastitos: folds 
coeeeelho: folds 
Elch: folds 
Uncalled bet ($1.40) returned to 22Turk22
22Turk22 collected $2.50 from pot
22Turk22: doesn't show hand 
*** SUMMARY ***
Total pot $2.50 | Rake $0 
Seat 1: Lucastitos (button) folded before Flop (didn't bet)
Seat 2: coeeeelho (small blind) folded before Flop
Seat 3: Elch (big blind) folded before Flop
Seat 4: 22Turk22 collected ($2.50)
Seat 5: Mahu2021 folded before Flop (didn't bet)
Seat 6: Maleure31 folded before Flop (didn't bet)



PokerStars Zoom Hand #255375161695:  Hold'em No Limit ($0.50/$1.00) - 2025/03/20 21:31:52 CET [2025/03/20 16:31:52 ET]
Table 'Triangulum' 6-max Seat #1 is the button
Seat 1: imhungarian8 ($101 in chips) 
Seat 2: fabri318 ($155.70 in chips) 
Seat 3: gfp24 ($118.82 in chips) 
Seat 4: RichPreacher ($339.77 in chips) 
Seat 5: Mahu2021 ($50.22 in chips) 
Seat 6: 31oren ($111.34 in chips) 
fabri318: posts small blind $0.50
gfp24: posts big blind $1
*** HOLE CARDS ***
Dealt to Mahu2021 [2s 4d]
RichPreacher: folds 
Mahu2021: folds 
31oren: folds 
imhungarian8: raises $1.50 to $2.50
fabri318: folds 
gfp24: raises $5.50 to $8
imhungarian8: calls $5.50
*** FLOP *** [Js 2h 6s]
gfp24: bets $11.84
imhungarian8: folds 
Uncalled bet ($11.84) returned to gfp24
gfp24 collected $15.68 from pot
gfp24: doesn't show hand 
*** SUMMARY ***
Total pot $16.50 | Rake $0.82 
Board [Js 2h 6s]
Seat 1: imhungarian8 (button) folded on the Flop
Seat 2: fabri318 (small blind) folded before Flop
Seat 3: gfp24 (big blind) collected ($15.68)
Seat 4: RichPreacher folded before Flop (didn't bet)
Seat 5: Mahu2021 folded before Flop (didn't bet)
Seat 6: 31oren folded before Flop (didn't bet)



PokerStars Zoom Hand #255375162559:  Hold'em No Limit ($0.50/$1.00) - 2025/03/20 21:31:55 CET [2025/03/20 16:31:55 ET]
Table 'Triangulum' 6-max Seat #1 is the button
Seat 1: vivipige ($107.27 in chips) 
Seat 2: ibaCker ($112.58 in chips) 
Seat 3: xxxZeka ($100 in chips) 
Seat 4: justinnlt ($91.01 in chips) 
Seat 5: circoflax ($100 in chips) 
Seat 6: Mahu2021 ($50.22 in chips) 
ibaCker: posts small blind $0.50
xxxZeka: posts big blind $1
*** HOLE CARDS ***
Dealt to Mahu2021 [Ac Kd]
justinnlt: folds 
circoflax: raises $1.25 to $2.25
Mahu2021: calls $2.25
vivipige: folds 
ibaCker: folds 
xxxZeka: folds 
*** FLOP *** [Td 5s 2d]
circoflax: checks 
Mahu2021: checks 
*** TURN *** [Td 5s 2d] [4h]
circoflax: bets $4.28
Mahu2021: calls $4.28
*** RIVER *** [Td 5s 2d 4h] [9s]
circoflax: bets $10.37
Mahu2021: folds 
Uncalled bet ($10.37) returned to circoflax
circoflax collected $13.83 from pot
circoflax: doesn't show hand 
*** SUMMARY ***
Total pot $14.56 | Rake $0.73 
Board [Td 5s 2d 4h 9s]
Seat 1: vivipige (button) folded before Flop (didn't bet)
Seat 2: ibaCker (small blind) folded before Flop
Seat 3: xxxZeka (big blind) folded before Flop
Seat 4: justinnlt folded before Flop (didn't bet)
Seat 5: circoflax collected ($13.83)
Seat 6: Mahu2021 folded on the River



PokerStars Zoom Hand #255375177039:  Hold'em No Limit ($0.50/$1.00) - 2025/03/20 21:32:46 CET [2025/03/20 16:32:46 ET]
Table 'Triangulum' 6-max Seat #1 is the button
Seat 1: Mahu2021 ($43.69 in chips) 
Seat 2: Maleure31 ($74.02 in chips) 
Seat 3: gfp24 ($135.66 in chips) 
Seat 4: ibaCker ($110.08 in chips) 
Seat 5: RichPreacher ($153.23 in chips) 
Seat 6: tosa1976 ($100.75 in chips) 
Maleure31: posts small blind $0.50
gfp24: posts big blind $1
*** HOLE CARDS ***
Dealt to Mahu2021 [Qh 3c]
ibaCker: folds 
RichPreacher: raises $1.25 to $2.25
tosa1976: folds 
Mahu2021: folds 
Maleure31: folds 
gfp24: folds 
Uncalled bet ($1.25) returned to RichPreacher
RichPreacher collected $2.50 from pot
RichPreacher: doesn't show hand 
*** SUMMARY ***
Total pot $2.50 | Rake $0 
Seat 1: Mahu2021 (button) folded before Flop (didn't bet)
Seat 2: Maleure31 (small blind) folded before Flop
Seat 3: gfp24 (big blind) folded before Flop
Seat 4: ibaCker folded before Flop (didn't bet)
Seat 5: RichPreacher collected ($2.50)
Seat 6: tosa1976 folded before Flop (didn't bet)



PokerStars Zoom Hand #255375175943:  Hold'em No Limit ($0.50/$1.00) - 2025/03/20 21:32:42 CET [2025/03/20 16:32:42 ET]
Table 'Triangulum' 6-max Seat #1 is the button
Seat 1: gfp24 ($166.26 in chips) 
Seat 2: AntoanetaDas ($238.20 in chips) 
Seat 3: caseace123 ($376.26 in chips) 
Seat 4: Mahu2021 ($43.69 in chips) 
Seat 5: ibaCker ($110.08 in chips) 
Seat 6: DL1B ($318.31 in chips) 
AntoanetaDas: posts small blind $0.50
caseace123: posts big blind $1
*** HOLE CARDS ***
Dealt to Mahu2021 [9d 7h]
Mahu2021: folds 
ibaCker: folds 
DL1B: folds 
gfp24: raises $1 to $2
AntoanetaDas: calls $1.50
caseace123: folds 
*** FLOP *** [Qs 3h 7c]
AntoanetaDas: checks 
gfp24: bets $1.38
AntoanetaDas: folds 
Uncalled bet ($1.38) returned to gfp24
gfp24 collected $4.75 from pot
gfp24: doesn't show hand 
*** SUMMARY ***
Total pot $5 | Rake $0.25 
Board [Qs 3h 7c]
Seat 1: gfp24 (button) collected ($4.75)
Seat 2: AntoanetaDas (small blind) folded on the Flop
Seat 3: caseace123 (big blind) folded before Flop
Seat 4: Mahu2021 folded before Flop (didn't bet)
Seat 5: ibaCker folded before Flop (didn't bet)
Seat 6: DL1B folded before Flop (didn't bet)



PokerStars Zoom Hand #255375193478:  Hold'em No Limit ($0.50/$1.00) - 2025/03/20 21:33:45 CET [2025/03/20 16:33:45 ET]
Table 'Triangulum' 6-max Seat #1 is the button
Seat 1: caseace123 ($100 in chips) 
Seat 2: DL1B ($322.09 in chips) 
Seat 3: Mahu2021 ($41.61 in chips) 
Seat 4: Maleure31 ($139.64 in chips) 
Seat 5: Elch ($105.48 in chips) 
Seat 6: junioru111 ($64.70 in chips) 
DL1B: posts small blind $0.50
Mahu2021: posts big blind $1
*** HOLE CARDS ***
Dealt to Mahu2021 [Js Jc]
Maleure31: raises $1.50 to $2.50
Elch: folds 
junioru111: folds 
caseace123: folds 
DL1B: folds 
Mahu2021: raises $39.11 to $41.61 and is all-in
Maleure31: calls $39.11
*** FLOP *** [Ks Kd 4c]
*** TURN *** [Ks Kd 4c] [5h]
*** RIVER *** [Ks Kd 4c 5h] [2s]
*** SHOW DOWN ***
Mahu2021: shows [Js Jc] (two pair, Kings and Jacks)
Maleure31: shows [Kh Qd] (three of a kind, Kings)
Maleure31 collected $80.60 from pot
Mahu2021 cashed out the hand for $45.29 | Cash Out Fee $0.92
*** SUMMARY ***
Total pot $83.72 | Rake $3.12 
Board [Ks Kd 4c 5h 2s]
Seat 1: caseace123 (button) folded before Flop (didn't bet)
Seat 2: DL1B (small blind) folded before Flop
Seat 3: Mahu2021 (big blind) showed [Js Jc] and lost with two pair, Kings and Jacks (cashed out).
Seat 4: Maleure31 showed [Kh Qd] and won ($80.60) with three of a kind, Kings
Seat 5: Elch folded before Flop (didn't bet)
Seat 6: junioru111 folded before Flop (didn't bet)



PokerStars Zoom Hand #255375201606:  Hold'em No Limit ($0.50/$1.00) - 2025/03/20 21:34:14 CET [2025/03/20 16:34:14 ET]
Table 'Triangulum' 6-max Seat #1 is the button
Seat 1: Maleure31 ($178.63 in chips) 
Seat 2: Mahu2021 ($45.29 in chips) 
Seat 3: AntoanetaDas ($166.28 in chips) 
Seat 4: remid13 ($185.88 in chips) 
Seat 5: coeeeelho ($210.24 in chips) 
Seat 6: treds17 ($101.50 in chips) 
Mahu2021: posts small blind $0.50
AntoanetaDas: posts big blind $1
*** HOLE CARDS ***
Dealt to Mahu2021 [Qd 6c]
remid13: folds 
coeeeelho: folds 
treds17: folds 
Maleure31: folds 
Mahu2021: folds 
Uncalled bet ($0.50) returned to AntoanetaDas
AntoanetaDas collected $1 from pot
AntoanetaDas: doesn't show hand 
*** SUMMARY ***
Total pot $1 | Rake $0 
Seat 1: Maleure31 (button) folded before Flop (didn't bet)
Seat 2: Mahu2021 (small blind) folded before Flop
Seat 3: AntoanetaDas (big blind) collected ($1)
Seat 4: remid13 folded before Flop (didn't bet)
Seat 5: coeeeelho folded before Flop (didn't bet)
Seat 6: treds17 folded before Flop (didn't bet)



PokerStars Zoom Hand #255375178086:  Hold'em No Limit ($0.50/$1.00) - 2025/03/20 21:32:50 CET [2025/03/20 16:32:50 ET]
Table 'Triangulum' 6-max Seat #1 is the button
Seat 1: Börns11777 ($184.18 in chips) 
Seat 2: Stepooo ($100 in chips) 
Seat 3: lucas ($100 in chips) 
Seat 4: fabri318 ($102.28 in chips) 
Seat 5: badbetman ($246.96 in chips) 
Seat 6: Mahu2021 ($43.69 in chips) 
Stepooo: posts small blind $0.50
lucas: posts big blind $1
*** HOLE CARDS ***
Dealt to Mahu2021 [9d Ad]
fabri318: folds 
badbetman: raises $1.08 to $2.08
Mahu2021: calls $2.08
Börns11777: calls $2.08
Stepooo: calls $1.58
lucas: calls $1.08
*** FLOP *** [Tc 6c Kc]
Stepooo: checks 
lucas: checks 
badbetman: checks 
Mahu2021: checks 
Börns11777: checks 
*** TURN *** [Tc 6c Kc] [4d]
Stepooo: checks 
lucas: bets $4.94
badbetman: calls $4.94
Mahu2021: folds 
Börns11777: folds 
Stepooo: folds 
*** RIVER *** [Tc 6c Kc 4d] [4s]
lucas: checks 
badbetman: bets $9.08
lucas: calls $9.08
*** SHOW DOWN ***
badbetman: shows [9h Ks] (two pair, Kings and Fours)
lucas: mucks hand 
badbetman collected $36.52 from pot
*** SUMMARY ***
Total pot $38.44 | Rake $1.92 
Board [Tc 6c Kc 4d 4s]
Seat 1: Börns11777 (button) folded on the Turn
Seat 2: Stepooo (small blind) folded on the Turn
Seat 3: lucas (big blind) mucked [Jh Ts]
Seat 4: fabri318 folded before Flop (didn't bet)
Seat 5: badbetman showed [9h Ks] and won ($36.52) with two pair, Kings and Fours
Seat 6: Mahu2021 folded on the Turn



PokerStars Zoom Hand #255375206760:  Hold'em No Limit ($0.50/$1.00) - 2025/03/20 21:34:32 CET [2025/03/20 16:34:32 ET]
Table 'Triangulum' 6-max Seat #1 is the button
Seat 1: Mahu2021 ($44.79 in chips) 
Seat 2: Börns11777 ($49 in chips) 
Seat 3: Maleure31 ($178.13 in chips) 
Seat 4: junioru111 ($63.20 in chips) 
Seat 5: AntoanetaDas ($166.78 in chips) 
Seat 6: caseace123 ($100 in chips) 
Börns11777: posts small blind $0.50
Maleure31: posts big blind $1
*** HOLE CARDS ***
Dealt to Mahu2021 [7s Td]
junioru111: folds 
AntoanetaDas: folds 
caseace123: folds 
Mahu2021: folds 
Börns11777: folds 
Uncalled bet ($0.50) returned to Maleure31
Maleure31 collected $1 from pot
Maleure31: doesn't show hand 
*** SUMMARY ***
Total pot $1 | Rake $0 
Seat 1: Mahu2021 (button) folded before Flop (didn't bet)
Seat 2: Börns11777 (small blind) folded before Flop
Seat 3: Maleure31 (big blind) collected ($1)
Seat 4: junioru111 folded before Flop (didn't bet)
Seat 5: AntoanetaDas folded before Flop (didn't bet)
Seat 6: caseace123 folded before Flop (didn't bet)



PokerStars Zoom Hand #255375206078:  Hold'em No Limit ($0.50/$1.00) - 2025/03/20 21:34:30 CET [2025/03/20 16:34:30 ET]
Table 'Triangulum' 6-max Seat #1 is the button
Seat 1: remid13 ($184.38 in chips) 
Seat 2: ibaCker ($109.20 in chips) 
Seat 3: imhungarian8 ($100 in chips) 
Seat 4: Mahu2021 ($44.79 in chips) 
Seat 5: 31oren ($100 in chips) 
Seat 6: Y_19 ($161.43 in chips) 
ibaCker: posts small blind $0.50
imhungarian8: posts big blind $1
*** HOLE CARDS ***
Dealt to Mahu2021 [5d 6c]
Mahu2021: folds 
31oren: folds 
Y_19: folds 
remid13: raises $1.50 to $2.50
ibaCker: folds 
imhungarian8: calls $1.50
*** FLOP *** [7d Kh 7c]
imhungarian8: checks 
remid13: bets $1.31
imhungarian8: folds 
Uncalled bet ($1.31) returned to remid13
remid13 collected $5.22 from pot
remid13: doesn't show hand 
*** SUMMARY ***
Total pot $5.50 | Rake $0.28 
Board [7d Kh 7c]
Seat 1: remid13 (button) collected ($5.22)
Seat 2: ibaCker (small blind) folded before Flop
Seat 3: imhungarian8 (big blind) folded on the Flop
Seat 4: Mahu2021 folded before Flop (didn't bet)
Seat 5: 31oren folded before Flop (didn't bet)
Seat 6: Y_19 folded before Flop (didn't bet)



PokerStars Zoom Hand #255375204949:  Hold'em No Limit ($0.50/$1.00) - 2025/03/20 21:34:26 CET [2025/03/20 16:34:26 ET]
Table 'Triangulum' 6-max Seat #1 is the button
Seat 1: Mahu2021 ($44.79 in chips) 
Seat 2: lucas ($83.90 in chips) 
Seat 3: badbetman ($267.38 in chips) 
Seat 4: Y_19 ($161.43 in chips) 
Seat 5: Stepooo ($100.50 in chips) 
Seat 6: AntoanetaDas ($166.78 in chips) 
lucas: posts small blind $0.50
badbetman: posts big blind $1
*** HOLE CARDS ***
Dealt to Mahu2021 [9c Kh]
Y_19: folds 
Stepooo: folds 
AntoanetaDas: folds 
Mahu2021: folds 
lucas: raises $1 to $2
badbetman: calls $1
*** FLOP *** [Jc 5s 3d]
lucas: bets $1.90
badbetman: folds 
Uncalled bet ($1.90) returned to lucas
lucas collected $3.80 from pot
lucas: doesn't show hand 
*** SUMMARY ***
Total pot $4 | Rake $0.20 
Board [Jc 5s 3d]
Seat 1: Mahu2021 (button) folded before Flop (didn't bet)
Seat 2: lucas (small blind) collected ($3.80)
Seat 3: badbetman (big blind) folded on the Flop
Seat 4: Y_19 folded before Flop (didn't bet)
Seat 5: Stepooo folded before Flop (didn't bet)
Seat 6: AntoanetaDas folded before Flop (didn't bet)



PokerStars Zoom Hand #255375212236:  Hold'em No Limit ($0.50/$1.00) - 2025/03/20 21:34:52 CET [2025/03/20 16:34:52 ET]
Table 'Triangulum' 6-max Seat #1 is the button
Seat 1: str3tto ($49.52 in chips) 
Seat 2: Mahu2021 ($43.79 in chips) 
Seat 3: caseace123 ($100 in chips) 
Seat 4: loko92a ($137.19 in chips) 
Seat 5: AntoanetaDas ($166.28 in chips) 
Seat 6: gfp24 ($165.89 in chips) 
Mahu2021: posts small blind $0.50
caseace123: posts big blind $1
*** HOLE CARDS ***
Dealt to Mahu2021 [As Jc]
loko92a: raises $1.50 to $2.50
AntoanetaDas: folds 
gfp24: folds 
str3tto: raises $8.50 to $11
Mahu2021: folds 
caseace123: folds 
loko92a: folds 
Uncalled bet ($8.50) returned to str3tto
str3tto collected $6.50 from pot
str3tto: doesn't show hand 
*** SUMMARY ***
Total pot $6.50 | Rake $0 
Seat 1: str3tto (button) collected ($6.50)
Seat 2: Mahu2021 (small blind) folded before Flop
Seat 3: caseace123 (big blind) folded before Flop
Seat 4: loko92a folded before Flop
Seat 5: AntoanetaDas folded before Flop (didn't bet)
Seat 6: gfp24 folded before Flop (didn't bet)



PokerStars Zoom Hand #255375207878:  Hold'em No Limit ($0.50/$1.00) - 2025/03/20 21:34:36 CET [2025/03/20 16:34:36 ET]
Table 'Triangulum' 6-max Seat #1 is the button
Seat 1: Stepooo ($100.50 in chips) 
Seat 2: justinnlt ($75.51 in chips) 
Seat 3: Mahu2021 ($44.79 in chips) 
Seat 4: treds17 ($102.28 in chips) 
Seat 5: Y_19 ($161.43 in chips) 
Seat 6: coeeeelho ($377.23 in chips) 
justinnlt: posts small blind $0.50
Mahu2021: posts big blind $1
*** HOLE CARDS ***
Dealt to Mahu2021 [Ks Qh]
treds17: folds 
Y_19: raises $1.23 to $2.23
coeeeelho: folds 
Stepooo: raises $5.27 to $7.50
justinnlt: folds 
Mahu2021: folds 
Y_19: raises $12.50 to $20
Stepooo: folds 
Uncalled bet ($12.50) returned to Y_19
Y_19 collected $16.50 from pot
Y_19: doesn't show hand 
*** SUMMARY ***
Total pot $16.50 | Rake $0 
Seat 1: Stepooo (button) folded before Flop
Seat 2: justinnlt (small blind) folded before Flop
Seat 3: Mahu2021 (big blind) folded before Flop
Seat 4: treds17 folded before Flop (didn't bet)
Seat 5: Y_19 collected ($16.50)
Seat 6: coeeeelho folded before Flop (didn't bet)



PokerStars Zoom Hand #255375217457:  Hold'em No Limit ($0.50/$1.00) - 2025/03/20 21:35:10 CET [2025/03/20 16:35:10 ET]
Table 'Triangulum' 6-max Seat #1 is the button
Seat 1: Maleure31 ($178.63 in chips) 
Seat 2: gfp24 ($165.89 in chips) 
Seat 3: 31oren ($100 in chips) 
Seat 4: Mahu2021 ($43.29 in chips) 
Seat 5: Börns11777 ($176.10 in chips) 
Seat 6: fabri318 ($163.05 in chips) 
gfp24: posts small blind $0.50
31oren: posts big blind $1
*** HOLE CARDS ***
Dealt to Mahu2021 [6s 2d]
Mahu2021: folds 
Börns11777: raises $1 to $2
fabri318: folds 
Maleure31: calls $2
gfp24: folds 
31oren: folds 
*** FLOP *** [7h 8c 9c]
Börns11777: bets $2.61
Maleure31: folds 
Uncalled bet ($2.61) returned to Börns11777
Börns11777 collected $5.22 from pot
Börns11777: doesn't show hand 
*** SUMMARY ***
Total pot $5.50 | Rake $0.28 
Board [7h 8c 9c]
Seat 1: Maleure31 (button) folded on the Flop
Seat 2: gfp24 (small blind) folded before Flop
Seat 3: 31oren (big blind) folded before Flop
Seat 4: Mahu2021 folded before Flop (didn't bet)
Seat 5: Börns11777 collected ($5.22)
Seat 6: fabri318 folded before Flop (didn't bet)



PokerStars Zoom Hand #255375203924:  Hold'em No Limit ($0.50/$1.00) - 2025/03/20 21:34:22 CET [2025/03/20 16:34:22 ET]
Table 'Triangulum' 6-max Seat #1 is the button
Seat 1: junioru111 ($63.20 in chips) 
Seat 2: Maleure31 ($178.63 in chips) 
Seat 3: tosa1976 ($114.08 in chips) 
Seat 4: treds17 ($101 in chips) 
Seat 5: Mahu2021 ($44.79 in chips) 
Seat 6: coeeeelho ($210.24 in chips) 
Maleure31: posts small blind $0.50
tosa1976: posts big blind $1
*** HOLE CARDS ***
Dealt to Mahu2021 [Jd Qc]
treds17: calls $1
Mahu2021: folds 
coeeeelho: folds 
junioru111: folds 
Maleure31: folds 
tosa1976: checks 
*** FLOP *** [Jc Ah 9d]
tosa1976: checks 
treds17: checks 
*** TURN *** [Jc Ah 9d] [2c]
tosa1976: checks 
treds17: checks 
*** RIVER *** [Jc Ah 9d 2c] [2s]
tosa1976: checks 
treds17: bets $1.50
tosa1976: folds 
Uncalled bet ($1.50) returned to treds17
treds17 collected $2.38 from pot
treds17: doesn't show hand 
*** SUMMARY ***
Total pot $2.50 | Rake $0.12 
Board [Jc Ah 9d 2c 2s]
Seat 1: junioru111 (button) folded before Flop (didn't bet)
Seat 2: Maleure31 (small blind) folded before Flop
Seat 3: tosa1976 (big blind) folded on the River
Seat 4: treds17 collected ($2.38)
Seat 5: Mahu2021 folded before Flop (didn't bet)
Seat 6: coeeeelho folded before Flop (didn't bet)



PokerStars Zoom Hand #255375218573:  Hold'em No Limit ($0.50/$1.00) - 2025/03/20 21:35:14 CET [2025/03/20 16:35:14 ET]
Table 'Triangulum' 6-max Seat #1 is the button
Seat 1: remid13 ($115.95 in chips) 
Seat 2: lucas ($84.70 in chips) 
Seat 3: gravlingen ($85.90 in chips) 
Seat 4: CichiChanMarian ($100 in chips) 
Seat 5: tampakopoulo ($1085.96 in chips) 
Seat 6: Mahu2021 ($43.29 in chips) 
lucas: posts small blind $0.50
gravlingen: posts big blind $1
*** HOLE CARDS ***
Dealt to Mahu2021 [Td 3d]
CichiChanMarian: folds 
tampakopoulo: folds 
Mahu2021: folds 
remid13: folds 
lucas: raises $2 to $3
gravlingen: raises $6 to $9
lucas: calls $6
*** FLOP *** [7d Jd Jc]
lucas: checks 
gravlingen: bets $17.10
lucas: folds 
Uncalled bet ($17.10) returned to gravlingen
gravlingen collected $17.10 from pot
gravlingen: doesn't show hand 
*** SUMMARY ***
Total pot $18 | Rake $0.90 
Board [7d Jd Jc]
Seat 1: remid13 (button) folded before Flop (didn't bet)
Seat 2: lucas (small blind) folded on the Flop
Seat 3: gravlingen (big blind) collected ($17.10)
Seat 4: CichiChanMarian folded before Flop (didn't bet)
Seat 5: tampakopoulo folded before Flop (didn't bet)
Seat 6: Mahu2021 folded before Flop (didn't bet)



PokerStars Zoom Hand #255375222041:  Hold'em No Limit ($0.50/$1.00) - 2025/03/20 21:35:26 CET [2025/03/20 16:35:26 ET]
Table 'Triangulum' 6-max Seat #1 is the button
Seat 1: caseace123 ($268.19 in chips) 
Seat 2: Börns11777 ($179.32 in chips) 
Seat 3: Mahu2021 ($43.29 in chips) 
Seat 4: red2652 ($141.33 in chips) 
Seat 5: Maleure31 ($176.63 in chips) 
Seat 6: Stepooo ($100 in chips) 
Börns11777: posts small blind $0.50
Mahu2021: posts big blind $1
*** HOLE CARDS ***
Dealt to Mahu2021 [8h 5h]
red2652: folds 
Maleure31: folds 
Stepooo: folds 
caseace123: raises $1.50 to $2.50
Börns11777: folds 
Mahu2021: folds 
Uncalled bet ($1.50) returned to caseace123
caseace123 collected $2.50 from pot
caseace123: doesn't show hand 
*** SUMMARY ***
Total pot $2.50 | Rake $0 
Seat 1: caseace123 (button) collected ($2.50)
Seat 2: Börns11777 (small blind) folded before Flop
Seat 3: Mahu2021 (big blind) folded before Flop
Seat 4: red2652 folded before Flop (didn't bet)
Seat 5: Maleure31 folded before Flop (didn't bet)
Seat 6: Stepooo folded before Flop (didn't bet)



PokerStars Zoom Hand #255375220361:  Hold'em No Limit ($0.50/$1.00) - 2025/03/20 21:35:20 CET [2025/03/20 16:35:20 ET]
Table 'Triangulum' 6-max Seat #1 is the button
Seat 1: Maleure31 ($76.52 in chips) 
Seat 2: justinnlt ($74.01 in chips) 
Seat 3: str3tto ($53.52 in chips) 
Seat 4: Stepooo ($100 in chips) 
Seat 5: Mahu2021 ($43.29 in chips) 
Seat 6: DL1B ($323.59 in chips) 
justinnlt: posts small blind $0.50
str3tto: posts big blind $1
*** HOLE CARDS ***
Dealt to Mahu2021 [Ks 2d]
Stepooo: raises $1.50 to $2.50
Mahu2021: folds 
DL1B: folds 
Maleure31: folds 
justinnlt: folds 
str3tto: raises $6.50 to $9
Stepooo: folds 
Uncalled bet ($6.50) returned to str3tto
str3tto collected $5.50 from pot
str3tto: doesn't show hand 
*** SUMMARY ***
Total pot $5.50 | Rake $0 
Seat 1: Maleure31 (button) folded before Flop (didn't bet)
Seat 2: justinnlt (small blind) folded before Flop
Seat 3: str3tto (big blind) collected ($5.50)
Seat 4: Stepooo folded before Flop
Seat 5: Mahu2021 folded before Flop (didn't bet)
Seat 6: DL1B folded before Flop (didn't bet)



PokerStars Zoom Hand #255375219375:  Hold'em No Limit ($0.50/$1.00) - 2025/03/20 21:35:17 CET [2025/03/20 16:35:17 ET]
Table 'Triangulum' 6-max Seat #1 is the button
Seat 1: Mahu2021 ($43.29 in chips) 
Seat 2: ibaCker ($112.33 in chips) 
Seat 3: gfp24 ($165.39 in chips) 
Seat 4: fabri318 ($163.05 in chips) 
Seat 5: AntoanetaDas ($244.82 in chips) 
Seat 6: red2652 ($141.33 in chips) 
ibaCker: posts small blind $0.50
gfp24: posts big blind $1
*** HOLE CARDS ***
Dealt to Mahu2021 [Qd 9h]
fabri318: raises $1 to $2
AntoanetaDas: folds 
red2652: folds 
Mahu2021: folds 
ibaCker: raises $7 to $9
gfp24: folds 
fabri318: raises $11 to $20
ibaCker: raises $92.33 to $112.33 and is all-in
fabri318: folds 
Uncalled bet ($92.33) returned to ibaCker
ibaCker collected $41 from pot
ibaCker: doesn't show hand 
*** SUMMARY ***
Total pot $41 | Rake $0 
Seat 1: Mahu2021 (button) folded before Flop (didn't bet)
Seat 2: ibaCker (small blind) collected ($41)
Seat 3: gfp24 (big blind) folded before Flop
Seat 4: fabri318 folded before Flop
Seat 5: AntoanetaDas folded before Flop (didn't bet)
Seat 6: red2652 folded before Flop (didn't bet)



PokerStars Zoom Hand #255375229736:  Hold'em No Limit ($0.50/$1.00) - 2025/03/20 21:35:53 CET [2025/03/20 16:35:53 ET]
Table 'Triangulum' 6-max Seat #1 is the button
Seat 1: treds17 ($102.38 in chips) 
Seat 2: caseace123 ($269.69 in chips) 
Seat 3: Börns11777 ($42 in chips) 
Seat 4: lucas ($75.70 in chips) 
Seat 5: fabri318 ($100.46 in chips) 
Seat 6: Mahu2021 ($41.79 in chips) 
caseace123: posts small blind $0.50
Börns11777: posts big blind $1
*** HOLE CARDS ***
Dealt to Mahu2021 [7c 6h]
lucas: folds 
fabri318: raises $1 to $2
Mahu2021: folds 
treds17: folds 
caseace123: folds 
Börns11777: folds 
Uncalled bet ($1) returned to fabri318
fabri318 collected $2.50 from pot
fabri318: doesn't show hand 
*** SUMMARY ***
Total pot $2.50 | Rake $0 
Seat 1: treds17 (button) folded before Flop (didn't bet)
Seat 2: caseace123 (small blind) folded before Flop
Seat 3: Börns11777 (big blind) folded before Flop
Seat 4: lucas folded before Flop (didn't bet)
Seat 5: fabri318 collected ($2.50)
Seat 6: Mahu2021 folded before Flop (didn't bet)



PokerStars Zoom Hand #255375230396:  Hold'em No Limit ($0.50/$1.00) - 2025/03/20 21:35:56 CET [2025/03/20 16:35:56 ET]
Table 'Triangulum' 6-max Seat #1 is the button
Seat 1: loko92a ($121.82 in chips) 
Seat 2: vivipige ($107.02 in chips) 
Seat 3: imhungarian8 ($100 in chips) 
Seat 4: AntoanetaDas ($168.38 in chips) 
Seat 5: johnny24bravo ($82.23 in chips) 
Seat 6: Mahu2021 ($41.79 in chips) 
vivipige: posts small blind $0.50
imhungarian8: posts big blind $1
*** HOLE CARDS ***
Dealt to Mahu2021 [9s Ad]
AntoanetaDas: raises $2 to $3
johnny24bravo: folds 
Mahu2021: folds 
loko92a: folds 
vivipige: folds 
imhungarian8: folds 
Uncalled bet ($2) returned to AntoanetaDas
AntoanetaDas collected $2.50 from pot
AntoanetaDas: doesn't show hand 
*** SUMMARY ***
Total pot $2.50 | Rake $0 
Seat 1: loko92a (button) folded before Flop (didn't bet)
Seat 2: vivipige (small blind) folded before Flop
Seat 3: imhungarian8 (big blind) folded before Flop
Seat 4: AntoanetaDas collected ($2.50)
Seat 5: johnny24bravo folded before Flop (didn't bet)
Seat 6: Mahu2021 folded before Flop (didn't bet)



PokerStars Zoom Hand #255375228550:  Hold'em No Limit ($0.50/$1.00) - 2025/03/20 21:35:49 CET [2025/03/20 16:35:49 ET]
Table 'Triangulum' 6-max Seat #1 is the button
Seat 1: str3tto ($56.52 in chips) 
Seat 2: treds17 ($104.46 in chips) 
Seat 3: Stepooo ($100 in chips) 
Seat 4: caseace123 ($269.69 in chips) 
Seat 5: Mahu2021 ($41.79 in chips) 
Seat 6: CichiChanMarian ($100 in chips) 
treds17: posts small blind $0.50
Stepooo: posts big blind $1
*** HOLE CARDS ***
Dealt to Mahu2021 [Ks 7s]
caseace123: folds 
Mahu2021: folds 
CichiChanMarian: folds 
str3tto: folds 
treds17: raises $2 to $3
Stepooo: calls $2
*** FLOP *** [Jc 2c Qh]
treds17: bets $6.48
Stepooo: folds 
Uncalled bet ($6.48) returned to treds17
treds17 collected $5.70 from pot
treds17: doesn't show hand 
*** SUMMARY ***
Total pot $6 | Rake $0.30 
Board [Jc 2c Qh]
Seat 1: str3tto (button) folded before Flop (didn't bet)
Seat 2: treds17 (small blind) collected ($5.70)
Seat 3: Stepooo (big blind) folded on the Flop
Seat 4: caseace123 folded before Flop (didn't bet)
Seat 5: Mahu2021 folded before Flop (didn't bet)
Seat 6: CichiChanMarian folded before Flop (didn't bet)



PokerStars Zoom Hand #255375236195:  Hold'em No Limit ($0.50/$1.00) - 2025/03/20 21:36:16 CET [2025/03/20 16:36:16 ET]
Table 'Triangulum' 6-max Seat #1 is the button
Seat 1: Y_19 ($100 in chips) 
Seat 2: 31oren ($100 in chips) 
Seat 3: Mahu2021 ($39.29 in chips) 
Seat 4: Börns11777 ($41 in chips) 
Seat 5: AntoanetaDas ($169.38 in chips) 
Seat 6: Elch ($109.75 in chips) 
31oren: posts small blind $0.50
Mahu2021: posts big blind $1
*** HOLE CARDS ***
Dealt to Mahu2021 [7h 5h]
Börns11777: folds 
AntoanetaDas: folds 
Elch: raises $1.30 to $2.30
Y_19: folds 
31oren: folds 
Mahu2021: calls $1.30
*** FLOP *** [4c Qc 9s]
Mahu2021: checks 
Elch: bets $1.21
Mahu2021: folds 
Uncalled bet ($1.21) returned to Elch
Elch collected $4.84 from pot
Elch: doesn't show hand 
*** SUMMARY ***
Total pot $5.10 | Rake $0.26 
Board [4c Qc 9s]
Seat 1: Y_19 (button) folded before Flop (didn't bet)
Seat 2: 31oren (small blind) folded before Flop
Seat 3: Mahu2021 (big blind) folded on the Flop
Seat 4: Börns11777 folded before Flop (didn't bet)
Seat 5: AntoanetaDas folded before Flop (didn't bet)
Seat 6: Elch collected ($4.84)



PokerStars Zoom Hand #255375227121:  Hold'em No Limit ($0.50/$1.00) - 2025/03/20 21:35:44 CET [2025/03/20 16:35:44 ET]
Table 'Triangulum' 6-max Seat #1 is the button
Seat 1: ibaCker ($100 in chips) 
Seat 2: Mahu2021 ($42.29 in chips) 
Seat 3: DL1B ($324.59 in chips) 
Seat 4: treds17 ($104.46 in chips) 
Seat 5: caseace123 ($269.69 in chips) 
Seat 6: gfp24 ($91 in chips) 
Mahu2021: posts small blind $0.50
DL1B: posts big blind $1
*** HOLE CARDS ***
Dealt to Mahu2021 [2c 3c]
treds17: folds 
caseace123: folds 
gfp24: folds 
ibaCker: raises $1.50 to $2.50
Mahu2021: folds 
DL1B: raises $9.50 to $12
ibaCker: raises $13 to $25
DL1B: raises $299.59 to $324.59 and is all-in
ibaCker: calls $75 and is all-in
Uncalled bet ($224.59) returned to DL1B
*** FIRST FLOP *** [3s Js 2d]
*** FIRST TURN *** [3s Js 2d] [6d]
*** FIRST RIVER *** [3s Js 2d 6d] [5d]
*** SECOND FLOP *** [8s Qs 3h]
*** SECOND TURN *** [8s Qs 3h] [Jc]
*** SECOND RIVER *** [8s Qs 3h Jc] [Td]
*** FIRST SHOW DOWN ***
DL1B: shows [As Ks] (high card Ace)
ibaCker: shows [Qd Qc] (a pair of Queens)
ibaCker collected $99 from pot
*** SECOND SHOW DOWN ***
DL1B: shows [As Ks] (a straight, Ten to Ace)
ibaCker: shows [Qd Qc] (three of a kind, Queens)
DL1B collected $99 from pot
*** SUMMARY ***
Total pot $200.50 | Rake $2.50 
Hand was run twice
FIRST Board [3s Js 2d 6d 5d]
SECOND Board [8s Qs 3h Jc Td]
Seat 1: ibaCker (button) showed [Qd Qc] and won ($99) with a pair of Queens, and lost with three of a kind, Queens
Seat 2: Mahu2021 (small blind) folded before Flop
Seat 3: DL1B (big blind) showed [As Ks] and lost with high card Ace, and won ($99) with a straight, Ten to Ace
Seat 4: treds17 folded before Flop (didn't bet)
Seat 5: caseace123 folded before Flop (didn't bet)
Seat 6: gfp24 folded before Flop (didn't bet)



PokerStars Zoom Hand #255375241329:  Hold'em No Limit ($0.50/$1.00) - 2025/03/20 21:36:34 CET [2025/03/20 16:36:34 ET]
Table 'Triangulum' 6-max Seat #1 is the button
Seat 1: treds17 ($107.16 in chips) 
Seat 2: Mahu2021 ($36.99 in chips) 
Seat 3: xxxZeka ($100 in chips) 
Seat 4: caseace123 ($269.69 in chips) 
Seat 5: 31oren ($100 in chips) 
Seat 6: gfp24 ($98.50 in chips) 
Mahu2021: posts small blind $0.50
xxxZeka: posts big blind $1
*** HOLE CARDS ***
Dealt to Mahu2021 [Kc 9c]
caseace123: folds 
31oren: folds 
gfp24: folds 
treds17: folds 
Mahu2021: raises $2 to $3
xxxZeka: folds 
Uncalled bet ($2) returned to Mahu2021
Mahu2021 collected $2 from pot
Mahu2021: doesn't show hand 
*** SUMMARY ***
Total pot $2 | Rake $0 
Seat 1: treds17 (button) folded before Flop (didn't bet)
Seat 2: Mahu2021 (small blind) collected ($2)
Seat 3: xxxZeka (big blind) folded before Flop
Seat 4: caseace123 folded before Flop (didn't bet)
Seat 5: 31oren folded before Flop (didn't bet)
Seat 6: gfp24 folded before Flop (didn't bet)



PokerStars Zoom Hand #255375231985:  Hold'em No Limit ($0.50/$1.00) - 2025/03/20 21:36:01 CET [2025/03/20 16:36:01 ET]
Table 'Triangulum' 6-max Seat #1 is the button
Seat 1: imhungarian8 ($100 in chips) 
Seat 2: loko92a ($121.82 in chips) 
Seat 3: nidal55 ($100 in chips) 
Seat 4: Mahu2021 ($41.79 in chips) 
Seat 5: caseace123 ($102.72 in chips) 
Seat 6: fabri318 ($227.02 in chips) 
loko92a: posts small blind $0.50
nidal55: posts big blind $1
*** HOLE CARDS ***
Dealt to Mahu2021 [Jh 4c]
Mahu2021: folds 
caseace123: folds 
fabri318: folds 
imhungarian8: folds 
loko92a: raises $2 to $3
nidal55: calls $2
*** FLOP *** [4d 2c 9s]
loko92a: bets $2.85
nidal55: raises $3.39 to $6.24
loko92a: calls $3.39
*** TURN *** [4d 2c 9s] [5d]
loko92a: checks 
nidal55: bets $12.29
loko92a: folds 
Uncalled bet ($12.29) returned to nidal55
nidal55 collected $17.56 from pot
nidal55: doesn't show hand 
*** SUMMARY ***
Total pot $18.48 | Rake $0.92 
Board [4d 2c 9s 5d]
Seat 1: imhungarian8 (button) folded before Flop (didn't bet)
Seat 2: loko92a (small blind) folded on the Turn
Seat 3: nidal55 (big blind) collected ($17.56)
Seat 4: Mahu2021 folded before Flop (didn't bet)
Seat 5: caseace123 folded before Flop (didn't bet)
Seat 6: fabri318 folded before Flop (didn't bet)



PokerStars Zoom Hand #255375251886:  Hold'em No Limit ($0.50/$1.00) - 2025/03/20 21:37:11 CET [2025/03/20 16:37:11 ET]
Table 'Triangulum' 6-max Seat #1 is the button
Seat 1: ibaCker ($111.22 in chips) 
Seat 2: caseace123 ($367.46 in chips) 
Seat 3: imhungarian8 ($100 in chips) 
Seat 4: Mahu2021 ($37.99 in chips) 
Seat 5: tampakopoulo ($1093.67 in chips) 
Seat 6: fabri318 ($152.05 in chips) 
caseace123: posts small blind $0.50
imhungarian8: posts big blind $1
*** HOLE CARDS ***
Dealt to Mahu2021 [8h Tc]
Mahu2021: folds 
tampakopoulo: folds 
fabri318: raises $1 to $2
ibaCker: folds 
caseace123: folds 
imhungarian8: folds 
Uncalled bet ($1) returned to fabri318
fabri318 collected $2.50 from pot
fabri318: doesn't show hand 
*** SUMMARY ***
Total pot $2.50 | Rake $0 
Seat 1: ibaCker (button) folded before Flop (didn't bet)
Seat 2: caseace123 (small blind) folded before Flop
Seat 3: imhungarian8 (big blind) folded before Flop
Seat 4: Mahu2021 folded before Flop (didn't bet)
Seat 5: tampakopoulo folded before Flop (didn't bet)
Seat 6: fabri318 collected ($2.50)



PokerStars Zoom Hand #255375253518:  Hold'em No Limit ($0.50/$1.00) - 2025/03/20 21:37:16 CET [2025/03/20 16:37:16 ET]
Table 'Triangulum' 6-max Seat #1 is the button
Seat 1: ibaCker ($100 in chips) 
Seat 2: imhungarian8 ($100 in chips) 
Seat 3: Mahu2021 ($37.99 in chips) 
Seat 4: AntoanetaDas ($157.66 in chips) 
Seat 5: remid13 ($233.90 in chips) 
Seat 6: Maleure31 ($77 in chips) 
imhungarian8: posts small blind $0.50
Mahu2021: posts big blind $1
*** HOLE CARDS ***
Dealt to Mahu2021 [Qs 2s]
AntoanetaDas: folds 
remid13: folds 
Maleure31: raises $1.50 to $2.50
ibaCker: folds 
imhungarian8: folds 
Mahu2021: folds 
Uncalled bet ($1.50) returned to Maleure31
Maleure31 collected $2.50 from pot
Maleure31: doesn't show hand 
*** SUMMARY ***
Total pot $2.50 | Rake $0 
Seat 1: ibaCker (button) folded before Flop (didn't bet)
Seat 2: imhungarian8 (small blind) folded before Flop
Seat 3: Mahu2021 (big blind) folded before Flop
Seat 4: AntoanetaDas folded before Flop (didn't bet)
Seat 5: remid13 folded before Flop (didn't bet)
Seat 6: Maleure31 collected ($2.50)



PokerStars Zoom Hand #255375257827:  Hold'em No Limit ($0.50/$1.00) - 2025/03/20 21:37:31 CET [2025/03/20 16:37:31 ET]
Table 'Triangulum' 6-max Seat #1 is the button
Seat 1: Mahu2021 ($36.49 in chips) 
Seat 2: AntoanetaDas ($244.82 in chips) 
Seat 3: ibaCker ($111.22 in chips) 
Seat 4: remid13 ($233.40 in chips) 
Seat 5: nidal55 ($107.82 in chips) 
Seat 6: treds17 ($105.66 in chips) 
AntoanetaDas: posts small blind $0.50
ibaCker: posts big blind $1
*** HOLE CARDS ***
Dealt to Mahu2021 [7c 5c]
remid13: folds 
nidal55: folds 
treds17: folds 
Mahu2021: folds 
AntoanetaDas: folds 
Uncalled bet ($0.50) returned to ibaCker
ibaCker collected $1 from pot
ibaCker: doesn't show hand 
*** SUMMARY ***
Total pot $1 | Rake $0 
Seat 1: Mahu2021 (button) folded before Flop (didn't bet)
Seat 2: AntoanetaDas (small blind) folded before Flop
Seat 3: ibaCker (big blind) collected ($1)
Seat 4: remid13 folded before Flop (didn't bet)
Seat 5: nidal55 folded before Flop (didn't bet)
Seat 6: treds17 folded before Flop (didn't bet)



PokerStars Zoom Hand #255375248061:  Hold'em No Limit ($0.50/$1.00) - 2025/03/20 21:36:57 CET [2025/03/20 16:36:57 ET]
Table 'Triangulum' 6-max Seat #1 is the button
Seat 1: nidal55 ($108.32 in chips) 
Seat 2: badbetman ($315.96 in chips) 
Seat 3: imhungarian8 ($100 in chips) 
Seat 4: loko92a ($112.58 in chips) 
Seat 5: Mahu2021 ($37.99 in chips) 
Seat 6: Elch ($118.38 in chips) 
badbetman: posts small blind $0.50
imhungarian8: posts big blind $1
*** HOLE CARDS ***
Dealt to Mahu2021 [Ks 4d]
loko92a: raises $1.50 to $2.50
Mahu2021: folds 
Elch: raises $5 to $7.50
nidal55: folds 
badbetman: folds 
imhungarian8: folds 
loko92a: calls $5
*** FLOP *** [7s 6c 7d]
loko92a: checks 
Elch: bets $5.17
loko92a: calls $5.17
*** TURN *** [7s 6c 7d] [7h]
loko92a: checks 
Elch: checks 
*** RIVER *** [7s 6c 7d 7h] [5h]
loko92a: checks 
Elch: checks 
*** SHOW DOWN ***
loko92a: shows [Qs Jd] (three of a kind, Sevens)
Elch: shows [9d Ad] (three of a kind, Sevens - Ace kicker)
Elch collected $25.50 from pot
*** SUMMARY ***
Total pot $26.84 | Rake $1.34 
Board [7s 6c 7d 7h 5h]
Seat 1: nidal55 (button) folded before Flop (didn't bet)
Seat 2: badbetman (small blind) folded before Flop
Seat 3: imhungarian8 (big blind) folded before Flop
Seat 4: loko92a showed [Qs Jd] and lost with three of a kind, Sevens
Seat 5: Mahu2021 folded before Flop (didn't bet)
Seat 6: Elch showed [9d Ad] and won ($25.50) with three of a kind, Sevens



PokerStars Zoom Hand #255375260069:  Hold'em No Limit ($0.50/$1.00) - 2025/03/20 21:37:39 CET [2025/03/20 16:37:39 ET]
Table 'Triangulum' 6-max Seat #1 is the button
Seat 1: AntoanetaDas ($156.16 in chips) 
Seat 2: ibaCker ($101 in chips) 
Seat 3: zoly88 ($135.91 in chips) 
Seat 4: 31oren ($101 in chips) 
Seat 5: Mahu2021 ($36.49 in chips) 
Seat 6: remid13 ($232.40 in chips) 
ibaCker: posts small blind $0.50
zoly88: posts big blind $1
*** HOLE CARDS ***
Dealt to Mahu2021 [9s 9c]
31oren: folds 
Mahu2021: folds 
remid13: raises $1.50 to $2.50
AntoanetaDas: folds 
ibaCker: folds 
zoly88: calls $1.50
*** FLOP *** [Ad Js 5s]
zoly88: checks 
remid13: bets $2.61
zoly88: folds 
Uncalled bet ($2.61) returned to remid13
remid13 collected $5.22 from pot
remid13: doesn't show hand 
*** SUMMARY ***
Total pot $5.50 | Rake $0.28 
Board [Ad Js 5s]
Seat 1: AntoanetaDas (button) folded before Flop (didn't bet)
Seat 2: ibaCker (small blind) folded before Flop
Seat 3: zoly88 (big blind) folded on the Flop
Seat 4: 31oren folded before Flop (didn't bet)
Seat 5: Mahu2021 folded before Flop (didn't bet)
Seat 6: remid13 collected ($5.22)



PokerStars Zoom Hand #255375232864:  Hold'em No Limit ($0.50/$1.00) - 2025/03/20 21:36:04 CET [2025/03/20 16:36:04 ET]
Table 'Triangulum' 6-max Seat #1 is the button
Seat 1: Mahu2021 ($41.79 in chips) 
Seat 2: Stepooo ($100.50 in chips) 
Seat 3: fabri318 ($100 in chips) 
Seat 4: gfp24 ($100 in chips) 
Seat 5: johnny24bravo ($82.23 in chips) 
Seat 6: caseace123 ($102.72 in chips) 
Stepooo: posts small blind $0.50
fabri318: posts big blind $1
*** HOLE CARDS ***
Dealt to Mahu2021 [Ad 9d]
gfp24: folds 
johnny24bravo: folds 
caseace123: raises $1.50 to $2.50
Mahu2021: calls $2.50
Stepooo: folds 
fabri318: raises $12.50 to $15
caseace123: calls $12.50
Mahu2021: folds 
*** FLOP *** [6s As Tc]
fabri318: bets $8.35
caseace123: calls $8.35
*** TURN *** [6s As Tc] [6d]
fabri318: bets $15.58
caseace123: calls $15.58
*** RIVER *** [6s As Tc 6d] [Qc]
fabri318: checks 
caseace123: bets $63.79 and is all-in
fabri318: folds 
Uncalled bet ($63.79) returned to caseace123
caseace123 collected $78.36 from pot
caseace123: doesn't show hand 
*** SUMMARY ***
Total pot $80.86 | Rake $2.50 
Board [6s As Tc 6d Qc]
Seat 1: Mahu2021 (button) folded before Flop
Seat 2: Stepooo (small blind) folded before Flop
Seat 3: fabri318 (big blind) folded on the River
Seat 4: gfp24 folded before Flop (didn't bet)
Seat 5: johnny24bravo folded before Flop (didn't bet)
Seat 6: caseace123 collected ($78.36)



PokerStars Zoom Hand #255375261034:  Hold'em No Limit ($0.50/$1.00) - 2025/03/20 21:37:42 CET [2025/03/20 16:37:42 ET]
Table 'Triangulum' 6-max Seat #1 is the button
Seat 1: CichiChanMarian ($101.50 in chips) 
Seat 2: treds17 ($100.50 in chips) 
Seat 3: Mahu2021 ($36.49 in chips) 
Seat 4: imhungarian8 ($100 in chips) 
Seat 5: ibaCker ($111.72 in chips) 
Seat 6: fabri318 ($100 in chips) 
treds17: posts small blind $0.50
Mahu2021: posts big blind $1
*** HOLE CARDS ***
Dealt to Mahu2021 [8h 3d]
imhungarian8: folds 
ibaCker: folds 
fabri318: folds 
CichiChanMarian: raises $1.50 to $2.50
treds17: folds 
Mahu2021: folds 
Uncalled bet ($1.50) returned to CichiChanMarian
CichiChanMarian collected $2.50 from pot
CichiChanMarian: doesn't show hand 
*** SUMMARY ***
Total pot $2.50 | Rake $0 
Seat 1: CichiChanMarian (button) collected ($2.50)
Seat 2: treds17 (small blind) folded before Flop
Seat 3: Mahu2021 (big blind) folded before Flop
Seat 4: imhungarian8 folded before Flop (didn't bet)
Seat 5: ibaCker folded before Flop (didn't bet)
Seat 6: fabri318 folded before Flop (didn't bet)



PokerStars Zoom Hand #255375266777:  Hold'em No Limit ($0.50/$1.00) - 2025/03/20 21:38:02 CET [2025/03/20 16:38:02 ET]
Table 'Triangulum' 6-max Seat #1 is the button
Seat 1: imhungarian8 ($103.66 in chips) 
Seat 2: remid13 ($179.32 in chips) 
Seat 3: ibaCker ($111.22 in chips) 
Seat 4: Maleure31 ($57.18 in chips) 
Seat 5: gfp24 ($141.50 in chips) 
Seat 6: Mahu2021 ($34.99 in chips) 
remid13: posts small blind $0.50
ibaCker: posts big blind $1
*** HOLE CARDS ***
Dealt to Mahu2021 [Td 8s]
Maleure31: folds 
gfp24: folds 
Mahu2021: folds 
imhungarian8: folds 
remid13: folds 
Uncalled bet ($0.50) returned to ibaCker
ibaCker collected $1 from pot
ibaCker: doesn't show hand 
*** SUMMARY ***
Total pot $1 | Rake $0 
Seat 1: imhungarian8 (button) folded before Flop (didn't bet)
Seat 2: remid13 (small blind) folded before Flop
Seat 3: ibaCker (big blind) collected ($1)
Seat 4: Maleure31 folded before Flop (didn't bet)
Seat 5: gfp24 folded before Flop (didn't bet)
Seat 6: Mahu2021 folded before Flop (didn't bet)



PokerStars Zoom Hand #255375265983:  Hold'em No Limit ($0.50/$1.00) - 2025/03/20 21:38:00 CET [2025/03/20 16:38:00 ET]
Table 'Triangulum' 6-max Seat #1 is the button
Seat 1: Mahu2021 ($34.99 in chips) 
Seat 2: justinnlt ($82.35 in chips) 
Seat 3: fabri318 ($170.74 in chips) 
Seat 4: Maleure31 ($57.18 in chips) 
Seat 5: loko92a ($126.19 in chips) 
Seat 6: gfp24 ($141.50 in chips) 
justinnlt: posts small blind $0.50
fabri318: posts big blind $1
*** HOLE CARDS ***
Dealt to Mahu2021 [3s 8s]
Maleure31: folds 
loko92a: folds 
gfp24: folds 
Mahu2021: folds 
justinnlt: raises $2 to $3
fabri318: folds 
Uncalled bet ($2) returned to justinnlt
justinnlt collected $2 from pot
justinnlt: doesn't show hand 
*** SUMMARY ***
Total pot $2 | Rake $0 
Seat 1: Mahu2021 (button) folded before Flop (didn't bet)
Seat 2: justinnlt (small blind) collected ($2)
Seat 3: fabri318 (big blind) folded before Flop
Seat 4: Maleure31 folded before Flop (didn't bet)
Seat 5: loko92a folded before Flop (didn't bet)
Seat 6: gfp24 folded before Flop (didn't bet)



PokerStars Zoom Hand #255375250648:  Hold'em No Limit ($0.50/$1.00) - 2025/03/20 21:37:06 CET [2025/03/20 16:37:06 ET]
Table 'Triangulum' 6-max Seat #1 is the button
Seat 1: ibaCker ($109.42 in chips) 
Seat 2: gfp24 ($98.50 in chips) 
Seat 3: red2652 ($137.83 in chips) 
Seat 4: Mahu2021 ($37.99 in chips) 
Seat 5: AntoanetaDas ($157.66 in chips) 
Seat 6: imhungarian8 ($100 in chips) 
gfp24: posts small blind $0.50
red2652: posts big blind $1
*** HOLE CARDS ***
Dealt to Mahu2021 [6h Kd]
Mahu2021: folds 
AntoanetaDas: folds 
imhungarian8: folds 
ibaCker: folds 
gfp24: raises $3 to $4
red2652: calls $3
*** FLOP *** [4h 6c 7d]
gfp24: checks 
red2652: bets $4.05
gfp24: calls $4.05
*** TURN *** [4h 6c 7d] [9h]
gfp24: checks 
red2652: checks 
*** RIVER *** [4h 6c 7d 9h] [Qd]
gfp24: bets $15.30
red2652: folds 
Uncalled bet ($15.30) returned to gfp24
gfp24 collected $15.30 from pot
gfp24: doesn't show hand 
*** SUMMARY ***
Total pot $16.10 | Rake $0.80 
Board [4h 6c 7d 9h Qd]
Seat 1: ibaCker (button) folded before Flop (didn't bet)
Seat 2: gfp24 (small blind) collected ($15.30)
Seat 3: red2652 (big blind) folded on the River
Seat 4: Mahu2021 folded before Flop (didn't bet)
Seat 5: AntoanetaDas folded before Flop (didn't bet)
Seat 6: imhungarian8 folded before Flop (didn't bet)



PokerStars Zoom Hand #255375263894:  Hold'em No Limit ($0.50/$1.00) - 2025/03/20 21:37:52 CET [2025/03/20 16:37:52 ET]
Table 'Triangulum' 6-max Seat #1 is the button
Seat 1: loko92a ($126.19 in chips) 
Seat 2: junioru111 ($103 in chips) 
Seat 3: Maleure31 ($58.18 in chips) 
Seat 4: Mahu2021 ($35.49 in chips) 
Seat 5: caseace123 ($368.46 in chips) 
Seat 6: 22Turk22 ($134.85 in chips) 
junioru111: posts small blind $0.50
Maleure31: posts big blind $1
*** HOLE CARDS ***
Dealt to Mahu2021 [Qc Kd]
Mahu2021: folds 
caseace123: raises $1.30 to $2.30
22Turk22: folds 
loko92a: folds 
junioru111: folds 
Maleure31: folds 
Uncalled bet ($1.30) returned to caseace123
caseace123 collected $2.50 from pot
caseace123: doesn't show hand 
*** SUMMARY ***
Total pot $2.50 | Rake $0 
Seat 1: loko92a (button) folded before Flop (didn't bet)
Seat 2: junioru111 (small blind) folded before Flop
Seat 3: Maleure31 (big blind) folded before Flop
Seat 4: Mahu2021 folded before Flop (didn't bet)
Seat 5: caseace123 collected ($2.50)
Seat 6: 22Turk22 folded before Flop (didn't bet)



PokerStars Zoom Hand #255375267772:  Hold'em No Limit ($0.50/$1.00) - 2025/03/20 21:38:06 CET [2025/03/20 16:38:06 ET]
Table 'Triangulum' 6-max Seat #1 is the button
Seat 1: Börns11777 ($59.43 in chips) 
Seat 2: imhungarian8 ($100 in chips) 
Seat 3: Mahu2021 ($34.99 in chips) 
Seat 4: fabri318 ($100 in chips) 
Seat 5: loko92a ($100 in chips) 
Seat 6: zoly88 ($133.41 in chips) 
imhungarian8: posts small blind $0.50
Mahu2021: posts big blind $1
*** HOLE CARDS ***
Dealt to Mahu2021 [5d Td]
fabri318: folds 
loko92a: raises $1.50 to $2.50
zoly88: folds 
Börns11777: folds 
imhungarian8: folds 
Mahu2021: folds 
Uncalled bet ($1.50) returned to loko92a
loko92a collected $2.50 from pot
loko92a: doesn't show hand 
*** SUMMARY ***
Total pot $2.50 | Rake $0 
Seat 1: Börns11777 (button) folded before Flop (didn't bet)
Seat 2: imhungarian8 (small blind) folded before Flop
Seat 3: Mahu2021 (big blind) folded before Flop
Seat 4: fabri318 folded before Flop (didn't bet)
Seat 5: loko92a collected ($2.50)
Seat 6: zoly88 folded before Flop (didn't bet)



PokerStars Zoom Hand #255375265103:  Hold'em No Limit ($0.50/$1.00) - 2025/03/20 21:37:56 CET [2025/03/20 16:37:56 ET]
Table 'Triangulum' 6-max Seat #1 is the button
Seat 1: RichPreacher ($340.27 in chips) 
Seat 2: Mahu2021 ($35.49 in chips) 
Seat 3: bubbles1155 ($100 in chips) 
Seat 4: justinnlt ($82.35 in chips) 
Seat 5: 22Turk22 ($134.85 in chips) 
Seat 6: ibaCker ($111.22 in chips) 
Mahu2021: posts small blind $0.50
bubbles1155: posts big blind $1
*** HOLE CARDS ***
Dealt to Mahu2021 [9s 6d]
justinnlt: folds 
22Turk22: folds 
ibaCker: folds 
RichPreacher: raises $1.25 to $2.25
Mahu2021: folds 
bubbles1155: calls $1.25
*** FLOP *** [Qs 8h Kh]
bubbles1155: checks 
RichPreacher: bets $1.47
bubbles1155: folds 
Uncalled bet ($1.47) returned to RichPreacher
RichPreacher collected $4.75 from pot
RichPreacher: doesn't show hand 
*** SUMMARY ***
Total pot $5 | Rake $0.25 
Board [Qs 8h Kh]
Seat 1: RichPreacher (button) collected ($4.75)
Seat 2: Mahu2021 (small blind) folded before Flop
Seat 3: bubbles1155 (big blind) folded on the Flop
Seat 4: justinnlt folded before Flop (didn't bet)
Seat 5: 22Turk22 folded before Flop (didn't bet)
Seat 6: ibaCker folded before Flop (didn't bet)



PokerStars Zoom Hand #255375258791:  Hold'em No Limit ($0.50/$1.00) - 2025/03/20 21:37:35 CET [2025/03/20 16:37:35 ET]
Table 'Triangulum' 6-max Seat #1 is the button
Seat 1: caseace123 ($263.22 in chips) 
Seat 2: imhungarian8 ($100 in chips) 
Seat 3: circoflax ($100 in chips) 
Seat 4: DL1B ($329.89 in chips) 
Seat 5: treds17 ($105.66 in chips) 
Seat 6: Mahu2021 ($36.49 in chips) 
imhungarian8: posts small blind $0.50
circoflax: posts big blind $1
*** HOLE CARDS ***
Dealt to Mahu2021 [3d 3h]
DL1B: folds 
treds17: folds 
Mahu2021: folds 
caseace123: raises $1.50 to $2.50
imhungarian8: raises $9 to $11.50
circoflax: raises $9.50 to $21
caseace123: folds 
imhungarian8: folds 
Uncalled bet ($9.50) returned to circoflax
circoflax collected $25.50 from pot
circoflax: doesn't show hand 
*** SUMMARY ***
Total pot $25.50 | Rake $0 
Seat 1: caseace123 (button) folded before Flop
Seat 2: imhungarian8 (small blind) folded before Flop
Seat 3: circoflax (big blind) collected ($25.50)
Seat 4: DL1B folded before Flop (didn't bet)
Seat 5: treds17 folded before Flop (didn't bet)
Seat 6: Mahu2021 folded before Flop (didn't bet)



PokerStars Zoom Hand #255375271036:  Hold'em No Limit ($0.50/$1.00) - 2025/03/20 21:38:17 CET [2025/03/20 16:38:17 ET]
Table 'Triangulum' 6-max Seat #1 is the button
Seat 1: junioru111 ($102.50 in chips) 
Seat 2: imhungarian8 ($103.66 in chips) 
Seat 3: loko92a ($101.50 in chips) 
Seat 4: fabri318 ($153.55 in chips) 
Seat 5: gfp24 ($179.49 in chips) 
Seat 6: Mahu2021 ($33.49 in chips) 
imhungarian8: posts small blind $0.50
loko92a: posts big blind $1
*** HOLE CARDS ***
Dealt to Mahu2021 [9s Kh]
fabri318: folds 
gfp24: folds 
Mahu2021: folds 
junioru111: folds 
imhungarian8: folds 
Uncalled bet ($0.50) returned to loko92a
loko92a collected $1 from pot
loko92a: doesn't show hand 
*** SUMMARY ***
Total pot $1 | Rake $0 
Seat 1: junioru111 (button) folded before Flop (didn't bet)
Seat 2: imhungarian8 (small blind) folded before Flop
Seat 3: loko92a (big blind) collected ($1)
Seat 4: fabri318 folded before Flop (didn't bet)
Seat 5: gfp24 folded before Flop (didn't bet)
Seat 6: Mahu2021 folded before Flop (didn't bet)



PokerStars Zoom Hand #255375269890:  Hold'em No Limit ($0.50/$1.00) - 2025/03/20 21:38:13 CET [2025/03/20 16:38:13 ET]
Table 'Triangulum' 6-max Seat #1 is the button
Seat 1: treds17 ($105.66 in chips) 
Seat 2: Mahu2021 ($33.99 in chips) 
Seat 3: caseace123 ($369.96 in chips) 
Seat 4: gfp24 ($179.49 in chips) 
Seat 5: RichPreacher ($139.98 in chips) 
Seat 6: badbetman ($320.31 in chips) 
Mahu2021: posts small blind $0.50
caseace123: posts big blind $1
*** HOLE CARDS ***
Dealt to Mahu2021 [3c 8c]
gfp24: folds 
RichPreacher: raises $1.25 to $2.25
badbetman: folds 
treds17: folds 
Mahu2021: folds 
caseace123: calls $1.25
*** FLOP *** [6d Qs 3h]
caseace123: checks 
RichPreacher: bets $2.71
caseace123: folds 
Uncalled bet ($2.71) returned to RichPreacher
RichPreacher collected $4.75 from pot
RichPreacher: doesn't show hand 
*** SUMMARY ***
Total pot $5 | Rake $0.25 
Board [6d Qs 3h]
Seat 1: treds17 (button) folded before Flop (didn't bet)
Seat 2: Mahu2021 (small blind) folded before Flop
Seat 3: caseace123 (big blind) folded on the Flop
Seat 4: gfp24 folded before Flop (didn't bet)
Seat 5: RichPreacher collected ($4.75)
Seat 6: badbetman folded before Flop (didn't bet)



PokerStars Zoom Hand #255375256561:  Hold'em No Limit ($0.50/$1.00) - 2025/03/20 21:37:27 CET [2025/03/20 16:37:27 ET]
Table 'Triangulum' 6-max Seat #1 is the button
Seat 1: ibaCker ($101 in chips) 
Seat 2: Mahu2021 ($36.99 in chips) 
Seat 3: Elch ($109.99 in chips) 
Seat 4: vivipige ($81.39 in chips) 
Seat 5: imhungarian8 ($100 in chips) 
Seat 6: justinnlt ($78.61 in chips) 
Mahu2021: posts small blind $0.50
Elch: posts big blind $1
*** HOLE CARDS ***
Dealt to Mahu2021 [Kh 7h]
vivipige: raises $1.50 to $2.50
imhungarian8: folds 
justinnlt: folds 
ibaCker: folds 
Mahu2021: folds 
Elch: raises $8.50 to $11
vivipige: calls $8.50
*** FLOP *** [As 6h Ah]
Elch: bets $4.35
vivipige: raises $13.54 to $17.89
Elch: calls $13.54
*** TURN *** [As 6h Ah] [3s]
Elch: checks 
vivipige: bets $52.50 and is all-in
Elch: calls $52.50
*** RIVER *** [As 6h Ah 3s] [7d]
*** SHOW DOWN ***
Elch: shows [Kd Ks] (two pair, Aces and Kings)
vivipige: shows [Js 9s] (a pair of Aces)
Elch collected $160.78 from pot
*** SUMMARY ***
Total pot $163.28 | Rake $2.50 
Board [As 6h Ah 3s 7d]
Seat 1: ibaCker (button) folded before Flop (didn't bet)
Seat 2: Mahu2021 (small blind) folded before Flop
Seat 3: Elch (big blind) showed [Kd Ks] and won ($160.78) with two pair, Aces and Kings
Seat 4: vivipige showed [Js 9s] and lost with a pair of Aces
Seat 5: imhungarian8 folded before Flop (didn't bet)
Seat 6: justinnlt folded before Flop (didn't bet)



PokerStars Zoom Hand #255375273994:  Hold'em No Limit ($0.50/$1.00) - 2025/03/20 21:38:27 CET [2025/03/20 16:38:27 ET]
Table 'Triangulum' 6-max Seat #1 is the button
Seat 1: circoflax ($140.77 in chips) 
Seat 2: red2652 ($129.78 in chips) 
Seat 3: ibaCker ($116.97 in chips) 
Seat 4: Mahu2021 ($33.49 in chips) 
Seat 5: 31oren ($126.86 in chips) 
Seat 6: CichiChanMarian ($102 in chips) 
red2652: posts small blind $0.50
ibaCker: posts big blind $1
*** HOLE CARDS ***
Dealt to Mahu2021 [Jh 5c]
Mahu2021: folds 
31oren: folds 
CichiChanMarian: folds 
circoflax: raises $1 to $2
red2652: raises $8 to $10
ibaCker: folds 
circoflax: folds 
Uncalled bet ($8) returned to red2652
red2652 collected $5 from pot
red2652: doesn't show hand 
*** SUMMARY ***
Total pot $5 | Rake $0 
Seat 1: circoflax (button) folded before Flop
Seat 2: red2652 (small blind) collected ($5)
Seat 3: ibaCker (big blind) folded before Flop
Seat 4: Mahu2021 folded before Flop (didn't bet)
Seat 5: 31oren folded before Flop (didn't bet)
Seat 6: CichiChanMarian folded before Flop (didn't bet)



PokerStars Zoom Hand #255375279699:  Hold'em No Limit ($0.50/$1.00) - 2025/03/20 21:38:46 CET [2025/03/20 16:38:46 ET]
Table 'Triangulum' 6-max Seat #1 is the button
Seat 1: Maleure31 ($48.50 in chips) 
Seat 2: junioru111 ($101.50 in chips) 
Seat 3: loko92a ($124.19 in chips) 
Seat 4: Börns11777 ($68.67 in chips) 
Seat 5: Mahu2021 ($32.49 in chips) 
Seat 6: caseace123 ($142.15 in chips) 
junioru111: posts small blind $0.50
loko92a: posts big blind $1
*** HOLE CARDS ***
Dealt to Mahu2021 [Tc 9d]
Börns11777: raises $1 to $2
Mahu2021: folds 
caseace123: folds 
Maleure31: folds 
junioru111: folds 
loko92a: folds 
Uncalled bet ($1) returned to Börns11777
Börns11777 collected $2.50 from pot
Börns11777: doesn't show hand 
*** SUMMARY ***
Total pot $2.50 | Rake $0 
Seat 1: Maleure31 (button) folded before Flop (didn't bet)
Seat 2: junioru111 (small blind) folded before Flop
Seat 3: loko92a (big blind) folded before Flop
Seat 4: Börns11777 collected ($2.50)
Seat 5: Mahu2021 folded before Flop (didn't bet)
Seat 6: caseace123 folded before Flop (didn't bet)



PokerStars Zoom Hand #255375278784:  Hold'em No Limit ($0.50/$1.00) - 2025/03/20 21:38:43 CET [2025/03/20 16:38:43 ET]
Table 'Triangulum' 6-max Seat #1 is the button
Seat 1: Mahu2021 ($32.49 in chips) 
Seat 2: Elch ($189.38 in chips) 
Seat 3: vivipige ($100 in chips) 
Seat 4: str3tto ($70.78 in chips) 
Seat 5: gfp24 ($104.75 in chips) 
Seat 6: loko92a ($124.19 in chips) 
Elch: posts small blind $0.50
vivipige: posts big blind $1
*** HOLE CARDS ***
Dealt to Mahu2021 [8d 9c]
str3tto: folds 
gfp24: raises $1 to $2
loko92a: folds 
Mahu2021: folds 
Elch: folds 
vivipige: folds 
Uncalled bet ($1) returned to gfp24
gfp24 collected $2.50 from pot
gfp24: doesn't show hand 
*** SUMMARY ***
Total pot $2.50 | Rake $0 
Seat 1: Mahu2021 (button) folded before Flop (didn't bet)
Seat 2: Elch (small blind) folded before Flop
Seat 3: vivipige (big blind) folded before Flop
Seat 4: str3tto folded before Flop (didn't bet)
Seat 5: gfp24 collected ($2.50)
Seat 6: loko92a folded before Flop (didn't bet)



PokerStars Zoom Hand #255375283863:  Hold'em No Limit ($0.50/$1.00) - 2025/03/20 21:39:01 CET [2025/03/20 16:39:01 ET]
Table 'Triangulum' 6-max Seat #1 is the button
Seat 1: remid13 ($174.82 in chips) 
Seat 2: ibaCker ($115.97 in chips) 
Seat 3: caseace123 ($142.15 in chips) 
Seat 4: AntoanetaDas ($232.82 in chips) 
Seat 5: gfp24 ($146 in chips) 
Seat 6: Mahu2021 ($31.99 in chips) 
ibaCker: posts small blind $0.50
caseace123: posts big blind $1
*** HOLE CARDS ***
Dealt to Mahu2021 [4c Kd]
AntoanetaDas: folds 
gfp24: folds 
Mahu2021: folds 
remid13: folds 
ibaCker: raises $2 to $3
caseace123: folds 
Uncalled bet ($2) returned to ibaCker
ibaCker collected $2 from pot
ibaCker: doesn't show hand 
*** SUMMARY ***
Total pot $2 | Rake $0 
Seat 1: remid13 (button) folded before Flop (didn't bet)
Seat 2: ibaCker (small blind) collected ($2)
Seat 3: caseace123 (big blind) folded before Flop
Seat 4: AntoanetaDas folded before Flop (didn't bet)
Seat 5: gfp24 folded before Flop (didn't bet)
Seat 6: Mahu2021 folded before Flop (didn't bet)



PokerStars Zoom Hand #255375286601:  Hold'em No Limit ($0.50/$1.00) - 2025/03/20 21:39:10 CET [2025/03/20 16:39:10 ET]
Table 'Triangulum' 6-max Seat #1 is the button
Seat 1: AntoanetaDas ($232.32 in chips) 
Seat 2: Elch ($188.88 in chips) 
Seat 3: tampakopoulo ($1106.39 in chips) 
Seat 4: Mahu2021 ($30.99 in chips) 
Seat 5: zoly88 ($134.41 in chips) 
Seat 6: treds17 ($101.50 in chips) 
Elch: posts small blind $0.50
tampakopoulo: posts big blind $1
*** HOLE CARDS ***
Dealt to Mahu2021 [6s 5s]
Mahu2021: folds 
zoly88: folds 
treds17: folds 
AntoanetaDas: folds 
Elch: folds 
Uncalled bet ($0.50) returned to tampakopoulo
tampakopoulo collected $1 from pot
tampakopoulo: doesn't show hand 
*** SUMMARY ***
Total pot $1 | Rake $0 
Seat 1: AntoanetaDas (button) folded before Flop (didn't bet)
Seat 2: Elch (small blind) folded before Flop
Seat 3: tampakopoulo (big blind) collected ($1)
Seat 4: Mahu2021 folded before Flop (didn't bet)
Seat 5: zoly88 folded before Flop (didn't bet)
Seat 6: treds17 folded before Flop (didn't bet)



PokerStars Zoom Hand #255375263153:  Hold'em No Limit ($0.50/$1.00) - 2025/03/20 21:37:49 CET [2025/03/20 16:37:49 ET]
Table 'Triangulum' 6-max Seat #1 is the button
Seat 1: Mahu2021 ($35.49 in chips) 
Seat 2: imhungarian8 ($100 in chips) 
Seat 3: fabri318 ($100 in chips) 
Seat 4: ibaCker ($100.50 in chips) 
Seat 5: AntoanetaDas ($243.32 in chips) 
Seat 6: xxxZeka ($100 in chips) 
imhungarian8: posts small blind $0.50
fabri318: posts big blind $1
*** HOLE CARDS ***
Dealt to Mahu2021 [2d Jd]
ibaCker: folds 
AntoanetaDas: folds 
xxxZeka: raises $1.50 to $2.50
Mahu2021: folds 
imhungarian8: folds 
fabri318: calls $1.50
*** FLOP *** [2c Js Ah]
fabri318: checks 
xxxZeka: bets $1.72
fabri318: calls $1.72
*** TURN *** [2c Js Ah] [9h]
fabri318: checks 
xxxZeka: bets $12
fabri318: calls $12
*** RIVER *** [2c Js Ah 9h] [9s]
fabri318: checks 
xxxZeka: checks 
*** SHOW DOWN ***
fabri318: shows [Th Kh] (a pair of Nines)
xxxZeka: shows [Qh Ks] (a pair of Nines - Ace+King+Queen kicker)
xxxZeka collected $31.29 from pot
*** SUMMARY ***
Total pot $32.94 | Rake $1.65 
Board [2c Js Ah 9h 9s]
Seat 1: Mahu2021 (button) folded before Flop (didn't bet)
Seat 2: imhungarian8 (small blind) folded before Flop
Seat 3: fabri318 (big blind) showed [Th Kh] and lost with a pair of Nines
Seat 4: ibaCker folded before Flop (didn't bet)
Seat 5: AntoanetaDas folded before Flop (didn't bet)
Seat 6: xxxZeka showed [Qh Ks] and won ($31.29) with a pair of Nines



PokerStars Zoom Hand #255375281033:  Hold'em No Limit ($0.50/$1.00) - 2025/03/20 21:38:51 CET [2025/03/20 16:38:51 ET]
Table 'Triangulum' 6-max Seat #1 is the button
Seat 1: junioru111 ($101 in chips) 
Seat 2: treds17 ($102 in chips) 
Seat 3: RichPreacher ($142.48 in chips) 
Seat 4: Mahu2021 ($32.49 in chips) 
Seat 5: circoflax ($138.77 in chips) 
Seat 6: caseace123 ($367.21 in chips) 
treds17: posts small blind $0.50
RichPreacher: posts big blind $1
*** HOLE CARDS ***
Dealt to Mahu2021 [7s 3c]
Mahu2021: folds 
circoflax: folds 
caseace123: raises $1.50 to $2.50
junioru111: raises $6.50 to $9
treds17: folds 
RichPreacher: folds 
caseace123: folds 
Uncalled bet ($6.50) returned to junioru111
junioru111 collected $6.50 from pot
junioru111: doesn't show hand 
*** SUMMARY ***
Total pot $6.50 | Rake $0 
Seat 1: junioru111 (button) collected ($6.50)
Seat 2: treds17 (small blind) folded before Flop
Seat 3: RichPreacher (big blind) folded before Flop
Seat 4: Mahu2021 folded before Flop (didn't bet)
Seat 5: circoflax folded before Flop (didn't bet)
Seat 6: caseace123 folded before Flop



PokerStars Zoom Hand #255375275404:  Hold'em No Limit ($0.50/$1.00) - 2025/03/20 21:38:32 CET [2025/03/20 16:38:32 ET]
Table 'Triangulum' 6-max Seat #1 is the button
Seat 1: nidal55 ($65.35 in chips) 
Seat 2: ibaCker ($111.72 in chips) 
Seat 3: Mahu2021 ($33.49 in chips) 
Seat 4: fabri318 ($153.55 in chips) 
Seat 5: gfp24 ($104.75 in chips) 
Seat 6: 31oren ($126.86 in chips) 
ibaCker: posts small blind $0.50
Mahu2021: posts big blind $1
*** HOLE CARDS ***
Dealt to Mahu2021 [Qh Jd]
fabri318: raises $1 to $2
gfp24: folds 
31oren: folds 
nidal55: raises $4.05 to $6.05
ibaCker: folds 
Mahu2021: folds 
fabri318: calls $4.05
*** FLOP *** [9d 9s Jh]
fabri318: checks 
nidal55: bets $4.26
fabri318: calls $4.26
*** TURN *** [9d 9s Jh] [Kc]
fabri318: checks 
nidal55: bets $6.93
fabri318: folds 
Uncalled bet ($6.93) returned to nidal55
nidal55 collected $21.01 from pot
nidal55: doesn't show hand 
*** SUMMARY ***
Total pot $22.12 | Rake $1.11 
Board [9d 9s Jh Kc]
Seat 1: nidal55 (button) collected ($21.01)
Seat 2: ibaCker (small blind) folded before Flop
Seat 3: Mahu2021 (big blind) folded before Flop
Seat 4: fabri318 folded on the Turn
Seat 5: gfp24 folded before Flop (didn't bet)
Seat 6: 31oren folded before Flop (didn't bet)



PokerStars Zoom Hand #255375281967:  Hold'em No Limit ($0.50/$1.00) - 2025/03/20 21:38:54 CET [2025/03/20 16:38:54 ET]
Table 'Triangulum' 6-max Seat #1 is the button
Seat 1: RichPreacher ($341.77 in chips) 
Seat 2: Mahu2021 ($32.49 in chips) 
Seat 3: Börns11777 ($70.17 in chips) 
Seat 4: johnny24bravo ($71.08 in chips) 
Seat 5: Elch ($188.88 in chips) 
Seat 6: gfp24 ($146 in chips) 
Mahu2021: posts small blind $0.50
Börns11777: posts big blind $1
*** HOLE CARDS ***
Dealt to Mahu2021 [4h 6s]
johnny24bravo: calls $1
Elch: folds 
gfp24: folds 
RichPreacher: folds 
Mahu2021: folds 
Börns11777: checks 
*** FLOP *** [6c Th 3c]
Börns11777: checks 
johnny24bravo: bets $1.19
Börns11777: folds 
Uncalled bet ($1.19) returned to johnny24bravo
johnny24bravo collected $2.38 from pot
johnny24bravo: doesn't show hand 
*** SUMMARY ***
Total pot $2.50 | Rake $0.12 
Board [6c Th 3c]
Seat 1: RichPreacher (button) folded before Flop (didn't bet)
Seat 2: Mahu2021 (small blind) folded before Flop
Seat 3: Börns11777 (big blind) folded on the Flop
Seat 4: johnny24bravo collected ($2.38)
Seat 5: Elch folded before Flop (didn't bet)
Seat 6: gfp24 folded before Flop (didn't bet)



PokerStars Zoom Hand #255375289423:  Hold'em No Limit ($0.50/$1.00) - 2025/03/20 21:39:19 CET [2025/03/20 16:39:19 ET]
Table 'Triangulum' 6-max Seat #1 is the button
Seat 1: justinnlt ($64.30 in chips) 
Seat 2: Elch ($136.32 in chips) 
Seat 3: ibaCker ($116.97 in chips) 
Seat 4: tampakopoulo ($1106.89 in chips) 
Seat 5: caseace123 ($141.15 in chips) 
Seat 6: Mahu2021 ($30.99 in chips) 
Elch: posts small blind $0.50
ibaCker: posts big blind $1
*** HOLE CARDS ***
Dealt to Mahu2021 [9s 8d]
tampakopoulo: folds 
caseace123: folds 
Mahu2021: folds 
justinnlt: raises $1 to $2
Elch: folds 
ibaCker: folds 
Uncalled bet ($1) returned to justinnlt
justinnlt collected $2.50 from pot
justinnlt: doesn't show hand 
*** SUMMARY ***
Total pot $2.50 | Rake $0 
Seat 1: justinnlt (button) collected ($2.50)
Seat 2: Elch (small blind) folded before Flop
Seat 3: ibaCker (big blind) folded before Flop
Seat 4: tampakopoulo folded before Flop (didn't bet)
Seat 5: caseace123 folded before Flop (didn't bet)
Seat 6: Mahu2021 folded before Flop (didn't bet)



PokerStars Zoom Hand #255375290561:  Hold'em No Limit ($0.50/$1.00) - 2025/03/20 21:39:23 CET [2025/03/20 16:39:23 ET]
Table 'Triangulum' 6-max Seat #1 is the button
Seat 1: 22Turk22 ($135.85 in chips) 
Seat 2: xxxZeka ($115.07 in chips) 
Seat 3: junioru111 ($105 in chips) 
Seat 4: fabri318 ($100 in chips) 
Seat 5: Mahu2021 ($30.99 in chips) 
Seat 6: imhungarian8 ($100 in chips) 
xxxZeka: posts small blind $0.50
junioru111: posts big blind $1
*** HOLE CARDS ***
Dealt to Mahu2021 [9d 3d]
fabri318: folds 
Mahu2021: folds 
imhungarian8: folds 
22Turk22: folds 
xxxZeka: folds 
Uncalled bet ($0.50) returned to junioru111
junioru111 collected $1 from pot
junioru111: doesn't show hand 
*** SUMMARY ***
Total pot $1 | Rake $0 
Seat 1: 22Turk22 (button) folded before Flop (didn't bet)
Seat 2: xxxZeka (small blind) folded before Flop
Seat 3: junioru111 (big blind) collected ($1)
Seat 4: fabri318 folded before Flop (didn't bet)
Seat 5: Mahu2021 folded before Flop (didn't bet)
Seat 6: imhungarian8 folded before Flop (didn't bet)



PokerStars Zoom Hand #255375291849:  Hold'em No Limit ($0.50/$1.00) - 2025/03/20 21:39:27 CET [2025/03/20 16:39:27 ET]
Table 'Triangulum' 6-max Seat #1 is the button
Seat 1: Börns11777 ($69.17 in chips) 
Seat 2: Mahu2021 ($30.99 in chips) 
Seat 3: Elch ($188.38 in chips) 
Seat 4: caseace123 ($141.15 in chips) 
Seat 5: loko92a ($100.76 in chips) 
Seat 6: 22Turk22 ($135.85 in chips) 
Mahu2021: posts small blind $0.50
Elch: posts big blind $1
*** HOLE CARDS ***
Dealt to Mahu2021 [3c Ah]
caseace123: folds 
loko92a: raises $1.50 to $2.50
22Turk22: folds 
Börns11777: folds 
Mahu2021: folds 
Elch: folds 
Uncalled bet ($1.50) returned to loko92a
loko92a collected $2.50 from pot
loko92a: doesn't show hand 
*** SUMMARY ***
Total pot $2.50 | Rake $0 
Seat 1: Börns11777 (button) folded before Flop (didn't bet)
Seat 2: Mahu2021 (small blind) folded before Flop
Seat 3: Elch (big blind) folded before Flop
Seat 4: caseace123 folded before Flop (didn't bet)
Seat 5: loko92a collected ($2.50)
Seat 6: 22Turk22 folded before Flop (didn't bet)



PokerStars Zoom Hand #255375293876:  Hold'em No Limit ($0.50/$1.00) - 2025/03/20 21:39:34 CET [2025/03/20 16:39:34 ET]
Table 'Triangulum' 6-max Seat #1 is the button
Seat 1: circoflax ($141.27 in chips) 
Seat 2: fabri318 ($100 in chips) 
Seat 3: nidal55 ($108.33 in chips) 
Seat 4: Mahu2021 ($30.49 in chips) 
Seat 5: imhungarian8 ($150.50 in chips) 
Seat 6: ibaCker ($115.97 in chips) 
fabri318: posts small blind $0.50
nidal55: posts big blind $1
*** HOLE CARDS ***
Dealt to Mahu2021 [Kh 7c]
Mahu2021: folds 
imhungarian8: folds 
ibaCker: raises $1.50 to $2.50
circoflax: folds 
fabri318: folds 
nidal55: folds 
Uncalled bet ($1.50) returned to ibaCker
ibaCker collected $2.50 from pot
ibaCker: doesn't show hand 
*** SUMMARY ***
Total pot $2.50 | Rake $0 
Seat 1: circoflax (button) folded before Flop (didn't bet)
Seat 2: fabri318 (small blind) folded before Flop
Seat 3: nidal55 (big blind) folded before Flop
Seat 4: Mahu2021 folded before Flop (didn't bet)
Seat 5: imhungarian8 folded before Flop (didn't bet)
Seat 6: ibaCker collected ($2.50)



PokerStars Zoom Hand #255375285402:  Hold'em No Limit ($0.50/$1.00) - 2025/03/20 21:39:06 CET [2025/03/20 16:39:06 ET]
Table 'Triangulum' 6-max Seat #1 is the button
Seat 1: loko92a ($123.19 in chips) 
Seat 2: gfp24 ($181.84 in chips) 
Seat 3: Mahu2021 ($31.99 in chips) 
Seat 4: 31oren ($125.86 in chips) 
Seat 5: imhungarian8 ($117.19 in chips) 
Seat 6: remid13 ($174.82 in chips) 
gfp24: posts small blind $0.50
Mahu2021: posts big blind $1
*** HOLE CARDS ***
Dealt to Mahu2021 [9s 4c]
31oren: raises $1 to $2
imhungarian8: folds 
remid13: folds 
loko92a: calls $2
gfp24: folds 
Mahu2021: folds 
*** FLOP *** [6c 4s Js]
31oren: checks 
loko92a: checks 
*** TURN *** [6c 4s Js] [9c]
31oren: bets $3.92
loko92a: calls $3.92
*** RIVER *** [6c 4s Js 9c] [8d]
31oren: bets $12
loko92a: calls $12
*** SHOW DOWN ***
31oren: shows [As Th] (high card Ace)
loko92a: shows [Jh Qc] (a pair of Jacks)
loko92a collected $35.47 from pot
*** SUMMARY ***
Total pot $37.34 | Rake $1.87 
Board [6c 4s Js 9c 8d]
Seat 1: loko92a (button) showed [Jh Qc] and won ($35.47) with a pair of Jacks
Seat 2: gfp24 (small blind) folded before Flop
Seat 3: Mahu2021 (big blind) folded before Flop
Seat 4: 31oren showed [As Th] and lost with high card Ace
Seat 5: imhungarian8 folded before Flop (didn't bet)
Seat 6: remid13 folded before Flop (didn't bet)



PokerStars Zoom Hand #255375298975:  Hold'em No Limit ($0.50/$1.00) - 2025/03/20 21:39:51 CET [2025/03/20 16:39:51 ET]
Table 'Triangulum' 6-max Seat #1 is the button
Seat 1: Mahu2021 ($29.49 in chips) 
Seat 2: imhungarian8 ($150.50 in chips) 
Seat 3: red2652 ($123.18 in chips) 
Seat 4: Stepooo ($109.50 in chips) 
Seat 5: str3tto ($69.78 in chips) 
Seat 6: nidal55 ($107.33 in chips) 
imhungarian8: posts small blind $0.50
red2652: posts big blind $1
*** HOLE CARDS ***
Dealt to Mahu2021 [4c Jh]
Stepooo: raises $1.50 to $2.50
str3tto: folds 
nidal55: folds 
Mahu2021: folds 
imhungarian8: folds 
red2652: folds 
Uncalled bet ($1.50) returned to Stepooo
Stepooo collected $2.50 from pot
Stepooo: doesn't show hand 
*** SUMMARY ***
Total pot $2.50 | Rake $0 
Seat 1: Mahu2021 (button) folded before Flop (didn't bet)
Seat 2: imhungarian8 (small blind) folded before Flop
Seat 3: red2652 (big blind) folded before Flop
Seat 4: Stepooo collected ($2.50)
Seat 5: str3tto folded before Flop (didn't bet)
Seat 6: nidal55 folded before Flop (didn't bet)



PokerStars Zoom Hand #255375272505:  Hold'em No Limit ($0.50/$1.00) - 2025/03/20 21:38:22 CET [2025/03/20 16:38:22 ET]
Table 'Triangulum' 6-max Seat #1 is the button
Seat 1: Y_19 ($104.77 in chips) 
Seat 2: bubbles1155 ($100 in chips) 
Seat 3: treds17 ($105.66 in chips) 
Seat 4: Stepooo ($102.22 in chips) 
Seat 5: Mahu2021 ($33.49 in chips) 
Seat 6: nidal55 ($65.35 in chips) 
bubbles1155: posts small blind $0.50
treds17: posts big blind $1
*** HOLE CARDS ***
Dealt to Mahu2021 [Ks 8h]
Stepooo: folds 
Mahu2021: folds 
nidal55: folds 
Y_19: folds 
bubbles1155: raises $2 to $3
treds17: calls $2
*** FLOP *** [Qd 7h Qs]
bubbles1155: bets $1.60
treds17: calls $1.60
*** TURN *** [Qd 7h Qs] [Ac]
bubbles1155: checks 
treds17: bets $6.56
bubbles1155: calls $6.56
*** RIVER *** [Qd 7h Qs Ac] [3h]
bubbles1155: checks 
treds17: bets $12.72
bubbles1155: calls $12.72
*** SHOW DOWN ***
treds17: shows [Ad Ts] (two pair, Aces and Queens)
bubbles1155: mucks hand 
treds17 collected $45.37 from pot
*** SUMMARY ***
Total pot $47.76 | Rake $2.39 
Board [Qd 7h Qs Ac 3h]
Seat 1: Y_19 (button) folded before Flop (didn't bet)
Seat 2: bubbles1155 (small blind) mucked [8d Ah]
Seat 3: treds17 (big blind) showed [Ad Ts] and won ($45.37) with two pair, Aces and Queens
Seat 4: Stepooo folded before Flop (didn't bet)
Seat 5: Mahu2021 folded before Flop (didn't bet)
Seat 6: nidal55 folded before Flop (didn't bet)



PokerStars Zoom Hand #255375300333:  Hold'em No Limit ($0.50/$1.00) - 2025/03/20 21:39:56 CET [2025/03/20 16:39:56 ET]
Table 'Triangulum' 6-max Seat #1 is the button
Seat 1: ibaCker ($117.47 in chips) 
Seat 2: caseace123 ($363.71 in chips) 
Seat 3: CichiChanMarian ($101.50 in chips) 
Seat 4: remid13 ($201.12 in chips) 
Seat 5: Maleure31 ($62.75 in chips) 
Seat 6: Mahu2021 ($29.49 in chips) 
caseace123: posts small blind $0.50
CichiChanMarian: posts big blind $1
*** HOLE CARDS ***
Dealt to Mahu2021 [2c 6d]
remid13: folds 
Maleure31: folds 
Mahu2021: folds 
ibaCker: folds 
caseace123: raises $2 to $3
CichiChanMarian: folds 
Uncalled bet ($2) returned to caseace123
caseace123 collected $2 from pot
caseace123: doesn't show hand 
*** SUMMARY ***
Total pot $2 | Rake $0 
Seat 1: ibaCker (button) folded before Flop (didn't bet)
Seat 2: caseace123 (small blind) collected ($2)
Seat 3: CichiChanMarian (big blind) folded before Flop
Seat 4: remid13 folded before Flop (didn't bet)
Seat 5: Maleure31 folded before Flop (didn't bet)
Seat 6: Mahu2021 folded before Flop (didn't bet)



PokerStars Zoom Hand #255375294718:  Hold'em No Limit ($0.50/$1.00) - 2025/03/20 21:39:37 CET [2025/03/20 16:39:37 ET]
Table 'Triangulum' 6-max Seat #1 is the button
Seat 1: Maleure31 ($61.25 in chips) 
Seat 2: treds17 ($100.50 in chips) 
Seat 3: Mahu2021 ($30.49 in chips) 
Seat 4: AntoanetaDas ($232.32 in chips) 
Seat 5: nidal55 ($81.10 in chips) 
Seat 6: Elch ($187.38 in chips) 
treds17: posts small blind $0.50
Mahu2021: posts big blind $1
*** HOLE CARDS ***
Dealt to Mahu2021 [Kh 7s]
AntoanetaDas: folds 
nidal55: raises $1.24 to $2.24
Elch: raises $4.76 to $7
Maleure31: folds 
treds17: folds 
Mahu2021: folds 
nidal55: raises $13 to $20
Elch: raises $167.38 to $187.38 and is all-in
nidal55: folds 
Uncalled bet ($167.38) returned to Elch
Elch collected $41.50 from pot
Elch: doesn't show hand 
*** SUMMARY ***
Total pot $41.50 | Rake $0 
Seat 1: Maleure31 (button) folded before Flop (didn't bet)
Seat 2: treds17 (small blind) folded before Flop
Seat 3: Mahu2021 (big blind) folded before Flop
Seat 4: AntoanetaDas folded before Flop (didn't bet)
Seat 5: nidal55 folded before Flop
Seat 6: Elch collected ($41.50)



PokerStars Zoom Hand #255375302010:  Hold'em No Limit ($0.50/$1.00) - 2025/03/20 21:40:02 CET [2025/03/20 16:40:02 ET]
Table 'Triangulum' 6-max Seat #1 is the button
Seat 1: circoflax ($111.60 in chips) 
Seat 2: Maleure31 ($62.75 in chips) 
Seat 3: Elch ($137.32 in chips) 
Seat 4: remid13 ($249.39 in chips) 
Seat 5: Mahu2021 ($28.99 in chips) 
Seat 6: caseace123 ($274.07 in chips) 
Maleure31: posts small blind $0.50
Elch: posts big blind $1
*** HOLE CARDS ***
Dealt to Mahu2021 [Ac Jh]
remid13: folds 
Mahu2021: raises $1.20 to $2.20
caseace123: folds 
circoflax: folds 
Maleure31: folds 
Elch: folds 
Uncalled bet ($1.20) returned to Mahu2021
Mahu2021 collected $2.50 from pot
Mahu2021: doesn't show hand 
*** SUMMARY ***
Total pot $2.50 | Rake $0 
Seat 1: circoflax (button) folded before Flop (didn't bet)
Seat 2: Maleure31 (small blind) folded before Flop
Seat 3: Elch (big blind) folded before Flop
Seat 4: remid13 folded before Flop (didn't bet)
Seat 5: Mahu2021 collected ($2.50)
Seat 6: caseace123 folded before Flop (didn't bet)



PokerStars Zoom Hand #255375301026:  Hold'em No Limit ($0.50/$1.00) - 2025/03/20 21:39:58 CET [2025/03/20 16:39:58 ET]
Table 'Triangulum' 6-max Seat #1 is the button
Seat 1: junioru111 ($105 in chips) 
Seat 2: Mahu2021 ($29.49 in chips) 
Seat 3: Stepooo ($101.96 in chips) 
Seat 4: 31oren ($100 in chips) 
Seat 5: DL1B ($339.33 in chips) 
Seat 6: imhungarian8 ($117.19 in chips) 
Mahu2021: posts small blind $0.50
Stepooo: posts big blind $1
*** HOLE CARDS ***
Dealt to Mahu2021 [4h Ts]
31oren: folds 
DL1B: folds 
imhungarian8: raises $1.50 to $2.50
junioru111: raises $7.50 to $10
Mahu2021: folds 
Stepooo: folds 
imhungarian8: calls $7.50
*** FLOP *** [9c Ks Th]
imhungarian8: checks 
junioru111: bets $10.21
imhungarian8: folds 
Uncalled bet ($10.21) returned to junioru111
junioru111 collected $20.42 from pot
junioru111: doesn't show hand 
*** SUMMARY ***
Total pot $21.50 | Rake $1.08 
Board [9c Ks Th]
Seat 1: junioru111 (button) collected ($20.42)
Seat 2: Mahu2021 (small blind) folded before Flop
Seat 3: Stepooo (big blind) folded before Flop
Seat 4: 31oren folded before Flop (didn't bet)
Seat 5: DL1B folded before Flop (didn't bet)
Seat 6: imhungarian8 folded on the Flop



PokerStars Zoom Hand #255375288102:  Hold'em No Limit ($0.50/$1.00) - 2025/03/20 21:39:15 CET [2025/03/20 16:39:15 ET]
Table 'Triangulum' 6-max Seat #1 is the button
Seat 1: Mahu2021 ($30.99 in chips) 
Seat 2: imhungarian8 ($107.66 in chips) 
Seat 3: zoly88 ($134.41 in chips) 
Seat 4: red2652 ($125.18 in chips) 
Seat 5: gfp24 ($181.34 in chips) 
Seat 6: AntoanetaDas ($232.32 in chips) 
imhungarian8: posts small blind $0.50
zoly88: posts big blind $1
*** HOLE CARDS ***
Dealt to Mahu2021 [Th 8d]
red2652: raises $1 to $2
gfp24: calls $2
AntoanetaDas: folds 
Mahu2021: folds 
imhungarian8: folds 
zoly88: calls $1
*** FLOP *** [2h 3c 5s]
zoly88: checks 
red2652: checks 
gfp24: bets $3.09
zoly88: calls $3.09
red2652: folds 
*** TURN *** [2h 3c 5s] [5h]
zoly88: checks 
gfp24: bets $8.03
zoly88: calls $8.03
*** RIVER *** [2h 3c 5s 5h] [Ad]
zoly88: checks 
gfp24: bets $27.30
zoly88: folds 
Uncalled bet ($27.30) returned to gfp24
gfp24 collected $27.30 from pot
gfp24: doesn't show hand 
*** SUMMARY ***
Total pot $28.74 | Rake $1.44 
Board [2h 3c 5s 5h Ad]
Seat 1: Mahu2021 (button) folded before Flop (didn't bet)
Seat 2: imhungarian8 (small blind) folded before Flop
Seat 3: zoly88 (big blind) folded on the River
Seat 4: red2652 folded on the Flop
Seat 5: gfp24 collected ($27.30)
Seat 6: AntoanetaDas folded before Flop (didn't bet)



PokerStars Zoom Hand #255375305710:  Hold'em No Limit ($0.50/$1.00) - 2025/03/20 21:40:14 CET [2025/03/20 16:40:14 ET]
Table 'Triangulum' 6-max Seat #1 is the button
Seat 1: Mahu2021 ($30.49 in chips) 
Seat 2: imhungarian8 ($100 in chips) 
Seat 3: tampakopoulo ($1115.46 in chips) 
Seat 4: Börns11777 ($68.27 in chips) 
Seat 5: fabri318 ($168.72 in chips) 
Seat 6: Elch ($208.88 in chips) 
imhungarian8: posts small blind $0.50
tampakopoulo: posts big blind $1
*** HOLE CARDS ***
Dealt to Mahu2021 [3h 7s]
Börns11777: raises $1 to $2
fabri318: raises $5.50 to $7.50
Elch: folds 
Mahu2021: folds 
imhungarian8: folds 
tampakopoulo: folds 
Börns11777: folds 
Uncalled bet ($5.50) returned to fabri318
fabri318 collected $5.50 from pot
fabri318: doesn't show hand 
*** SUMMARY ***
Total pot $5.50 | Rake $0 
Seat 1: Mahu2021 (button) folded before Flop (didn't bet)
Seat 2: imhungarian8 (small blind) folded before Flop
Seat 3: tampakopoulo (big blind) folded before Flop
Seat 4: Börns11777 folded before Flop
Seat 5: fabri318 collected ($5.50)
Seat 6: Elch folded before Flop (didn't bet)



PokerStars Zoom Hand #255375307706:  Hold'em No Limit ($0.50/$1.00) - 2025/03/20 21:40:21 CET [2025/03/20 16:40:21 ET]
Table 'Triangulum' 6-max Seat #1 is the button
Seat 1: Maleure31 ($62.75 in chips) 
Seat 2: tampakopoulo ($1114.46 in chips) 
Seat 3: Y_19 ($100 in chips) 
Seat 4: caseace123 ($136.32 in chips) 
Seat 5: red2652 ($121.68 in chips) 
Seat 6: Mahu2021 ($30.49 in chips) 
tampakopoulo: posts small blind $0.50
Y_19: posts big blind $1
*** HOLE CARDS ***
Dealt to Mahu2021 [6c 5d]
caseace123: folds 
red2652: folds 
Mahu2021: folds 
Maleure31: raises $1.20 to $2.20
tampakopoulo: raises $1112.26 to $1114.46 and is all-in
Y_19: folds 
Maleure31: folds 
Uncalled bet ($1112.26) returned to tampakopoulo
tampakopoulo collected $5.40 from pot
tampakopoulo: doesn't show hand 
*** SUMMARY ***
Total pot $5.40 | Rake $0 
Seat 1: Maleure31 (button) folded before Flop
Seat 2: tampakopoulo (small blind) collected ($5.40)
Seat 3: Y_19 (big blind) folded before Flop
Seat 4: caseace123 folded before Flop (didn't bet)
Seat 5: red2652 folded before Flop (didn't bet)
Seat 6: Mahu2021 folded before Flop (didn't bet)



PokerStars Zoom Hand #255375309591:  Hold'em No Limit ($0.50/$1.00) - 2025/03/20 21:40:27 CET [2025/03/20 16:40:27 ET]
Table 'Triangulum' 6-max Seat #1 is the button
Seat 1: imhungarian8 ($107.19 in chips) 
Seat 2: zoly88 ($121.29 in chips) 
Seat 3: Mahu2021 ($30.49 in chips) 
Seat 4: red2652 ($121.68 in chips) 
Seat 5: nidal55 ($108.33 in chips) 
Seat 6: treds17 ($126.65 in chips) 
zoly88: posts small blind $0.50
Mahu2021: posts big blind $1
*** HOLE CARDS ***
Dealt to Mahu2021 [4d 5d]
red2652: folds 
nidal55: folds 
treds17: folds 
imhungarian8: raises $1.50 to $2.50
zoly88: folds 
Mahu2021: calls $1.50
*** FLOP *** [7h Kd 7s]
Mahu2021: checks 
imhungarian8: bets $1.57
Mahu2021: folds 
Uncalled bet ($1.57) returned to imhungarian8
imhungarian8 collected $5.22 from pot
imhungarian8: doesn't show hand 
*** SUMMARY ***
Total pot $5.50 | Rake $0.28 
Board [7h Kd 7s]
Seat 1: imhungarian8 (button) collected ($5.22)
Seat 2: zoly88 (small blind) folded before Flop
Seat 3: Mahu2021 (big blind) folded on the Flop
Seat 4: red2652 folded before Flop (didn't bet)
Seat 5: nidal55 folded before Flop (didn't bet)
Seat 6: treds17 folded before Flop (didn't bet)



PokerStars Zoom Hand #255375317069:  Hold'em No Limit ($0.50/$1.00) - 2025/03/20 21:40:53 CET [2025/03/20 16:40:53 ET]
Table 'Triangulum' 6-max Seat #1 is the button
Seat 1: vivipige ($91.31 in chips) 
Seat 2: justinnlt ($57.80 in chips) 
Seat 3: tampakopoulo ($1117.66 in chips) 
Seat 4: 31oren ($101.28 in chips) 
Seat 5: Mahu2021 ($27.99 in chips) 
Seat 6: imhungarian8 ($100 in chips) 
justinnlt: posts small blind $0.50
tampakopoulo: posts big blind $1
*** HOLE CARDS ***
Dealt to Mahu2021 [7d 3d]
31oren: raises $1 to $2
Mahu2021: folds 
imhungarian8: raises $4 to $6
vivipige: folds 
justinnlt: folds 
tampakopoulo: folds 
31oren: folds 
Uncalled bet ($4) returned to imhungarian8
imhungarian8 collected $5.50 from pot
imhungarian8: doesn't show hand 
*** SUMMARY ***
Total pot $5.50 | Rake $0 
Seat 1: vivipige (button) folded before Flop (didn't bet)
Seat 2: justinnlt (small blind) folded before Flop
Seat 3: tampakopoulo (big blind) folded before Flop
Seat 4: 31oren folded before Flop
Seat 5: Mahu2021 folded before Flop (didn't bet)
Seat 6: imhungarian8 collected ($5.50)



PokerStars Zoom Hand #255375318734:  Hold'em No Limit ($0.50/$1.00) - 2025/03/20 21:40:58 CET [2025/03/20 16:40:58 ET]
Table 'Triangulum' 6-max Seat #1 is the button
Seat 1: caseace123 ($137.32 in chips) 
Seat 2: Mahu2021 ($27.99 in chips) 
Seat 3: YouBetterFold11 ($100 in chips) 
Seat 4: ibaCker ($122.45 in chips) 
Seat 5: justinnlt ($57.30 in chips) 
Seat 6: remid13 ($222.15 in chips) 
Mahu2021: posts small blind $0.50
YouBetterFold11: posts big blind $1
*** HOLE CARDS ***
Dealt to Mahu2021 [5h Ah]
ibaCker: folds 
justinnlt: raises $1 to $2
remid13: folds 
caseace123: folds 
Mahu2021: calls $1.50
YouBetterFold11: folds 
*** FLOP *** [8d 2h 6c]
Mahu2021: checks 
justinnlt: bets $1.70
Mahu2021: calls $1.70
*** TURN *** [8d 2h 6c] [Qd]
Mahu2021: checks 
justinnlt: bets $4.98
Mahu2021: folds 
Uncalled bet ($4.98) returned to justinnlt
justinnlt collected $7.98 from pot
justinnlt: doesn't show hand 
*** SUMMARY ***
Total pot $8.40 | Rake $0.42 
Board [8d 2h 6c Qd]
Seat 1: caseace123 (button) folded before Flop (didn't bet)
Seat 2: Mahu2021 (small blind) folded on the Turn
Seat 3: YouBetterFold11 (big blind) folded before Flop
Seat 4: ibaCker folded before Flop (didn't bet)
Seat 5: justinnlt collected ($7.98)
Seat 6: remid13 folded before Flop (didn't bet)



PokerStars Zoom Hand #255375328461:  Hold'em No Limit ($0.50/$1.00) - 2025/03/20 21:41:31 CET [2025/03/20 16:41:31 ET]
Table 'Triangulum' 6-max Seat #1 is the button
Seat 1: Mahu2021 ($24.29 in chips) 
Seat 2: treds17 ($100 in chips) 
Seat 3: imhungarian8 ($101.50 in chips) 
Seat 4: tampakopoulo ($1116.16 in chips) 
Seat 5: fabri318 ($139.74 in chips) 
Seat 6: justinnlt ($61.58 in chips) 
treds17: posts small blind $0.50
imhungarian8: posts big blind $1
*** HOLE CARDS ***
Dealt to Mahu2021 [Ks 4c]
tampakopoulo: folds 
fabri318: folds 
justinnlt: raises $1 to $2
Mahu2021: folds 
treds17: folds 
imhungarian8: calls $1
*** FLOP *** [5d 2s 2h]
imhungarian8: checks 
justinnlt: bets $1.70
imhungarian8: raises $3.84 to $5.54
justinnlt: folds 
Uncalled bet ($3.84) returned to imhungarian8
imhungarian8 collected $7.50 from pot
imhungarian8: doesn't show hand 
*** SUMMARY ***
Total pot $7.90 | Rake $0.40 
Board [5d 2s 2h]
Seat 1: Mahu2021 (button) folded before Flop (didn't bet)
Seat 2: treds17 (small blind) folded before Flop
Seat 3: imhungarian8 (big blind) collected ($7.50)
Seat 4: tampakopoulo folded before Flop (didn't bet)
Seat 5: fabri318 folded before Flop (didn't bet)
Seat 6: justinnlt folded on the Flop



PokerStars Zoom Hand #255375330759:  Hold'em No Limit ($0.50/$1.00) - 2025/03/20 21:41:39 CET [2025/03/20 16:41:39 ET]
Table 'Triangulum' 6-max Seat #1 is the button
Seat 1: Stepooo ($103.50 in chips) 
Seat 2: ibaCker ($100 in chips) 
Seat 3: fabri318 ($139.74 in chips) 
Seat 4: Mahu2021 ($24.29 in chips) 
Seat 5: circoflax ($138.27 in chips) 
Seat 6: DL1B ($344.33 in chips) 
ibaCker: posts small blind $0.50
fabri318: posts big blind $1
*** HOLE CARDS ***
Dealt to Mahu2021 [Js 4s]
Mahu2021: folds 
circoflax: folds 
DL1B: folds 
Stepooo: raises $1.50 to $2.50
ibaCker: folds 
fabri318: calls $1.50
*** FLOP *** [Jh Ad Ts]
fabri318: checks 
Stepooo: bets $1.57
fabri318: folds 
Uncalled bet ($1.57) returned to Stepooo
Stepooo collected $5.22 from pot
Stepooo: doesn't show hand 
*** SUMMARY ***
Total pot $5.50 | Rake $0.28 
Board [Jh Ad Ts]
Seat 1: Stepooo (button) collected ($5.22)
Seat 2: ibaCker (small blind) folded before Flop
Seat 3: fabri318 (big blind) folded on the Flop
Seat 4: Mahu2021 folded before Flop (didn't bet)
Seat 5: circoflax folded before Flop (didn't bet)
Seat 6: DL1B folded before Flop (didn't bet)



PokerStars Zoom Hand #255375332477:  Hold'em No Limit ($0.50/$1.00) - 2025/03/20 21:41:45 CET [2025/03/20 16:41:45 ET]
Table 'Triangulum' 6-max Seat #1 is the button
Seat 1: Y_19 ($110.08 in chips) 
Seat 2: imhungarian8 ($102 in chips) 
Seat 3: Mahu2021 ($24.29 in chips) 
Seat 4: gfp24 ($196.02 in chips) 
Seat 5: red2652 ($240.86 in chips) 
Seat 6: treds17 ($102 in chips) 
imhungarian8: posts small blind $0.50
Mahu2021: posts big blind $1
*** HOLE CARDS ***
Dealt to Mahu2021 [2s 4s]
gfp24: folds 
red2652: folds 
treds17: folds 
Y_19: folds 
imhungarian8: raises $2 to $3
Mahu2021: folds 
Uncalled bet ($2) returned to imhungarian8
imhungarian8 collected $2 from pot
imhungarian8: doesn't show hand 
*** SUMMARY ***
Total pot $2 | Rake $0 
Seat 1: Y_19 (button) folded before Flop (didn't bet)
Seat 2: imhungarian8 (small blind) collected ($2)
Seat 3: Mahu2021 (big blind) folded before Flop
Seat 4: gfp24 folded before Flop (didn't bet)
Seat 5: red2652 folded before Flop (didn't bet)
Seat 6: treds17 folded before Flop (didn't bet)



PokerStars Zoom Hand #255375341916:  Hold'em No Limit ($0.50/$1.00) - 2025/03/20 21:42:18 CET [2025/03/20 16:42:18 ET]
Table 'Triangulum' 6-max Seat #1 is the button
Seat 1: fabri318 ($136.74 in chips) 
Seat 2: ibaCker ($100 in chips) 
Seat 3: Börns11777 ($53.89 in chips) 
Seat 4: Mahu2021 ($23.29 in chips) 
Seat 5: RichPreacher ($453.27 in chips) 
Seat 6: 31oren ($109.14 in chips) 
ibaCker: posts small blind $0.50
Börns11777: posts big blind $1
*** HOLE CARDS ***
Dealt to Mahu2021 [8d Ac]
Mahu2021: folds 
RichPreacher: folds 
31oren: folds 
fabri318: folds 
ibaCker: raises $2 to $3
Börns11777: folds 
Uncalled bet ($2) returned to ibaCker
ibaCker collected $2 from pot
ibaCker: doesn't show hand 
*** SUMMARY ***
Total pot $2 | Rake $0 
Seat 1: fabri318 (button) folded before Flop (didn't bet)
Seat 2: ibaCker (small blind) collected ($2)
Seat 3: Börns11777 (big blind) folded before Flop
Seat 4: Mahu2021 folded before Flop (didn't bet)
Seat 5: RichPreacher folded before Flop (didn't bet)
Seat 6: 31oren folded before Flop (didn't bet)



PokerStars Zoom Hand #255375329592:  Hold'em No Limit ($0.50/$1.00) - 2025/03/20 21:41:35 CET [2025/03/20 16:41:35 ET]
Table 'Triangulum' 6-max Seat #1 is the button
Seat 1: caseace123 ($363.71 in chips) 
Seat 2: treds17 ($100.70 in chips) 
Seat 3: tampakopoulo ($1116.16 in chips) 
Seat 4: Elch ($114.32 in chips) 
Seat 5: Mahu2021 ($24.29 in chips) 
Seat 6: ibaCker ($100 in chips) 
treds17: posts small blind $0.50
tampakopoulo: posts big blind $1
*** HOLE CARDS ***
Dealt to Mahu2021 [Ah 2d]
Elch: folds 
Mahu2021: folds 
ibaCker: folds 
caseace123: raises $1.50 to $2.50
treds17: calls $2
tampakopoulo: folds 
*** FLOP *** [2s 9c 7c]
treds17: checks 
caseace123: checks 
*** TURN *** [2s 9c 7c] [4h]
treds17: bets $1.31
caseace123: calls $1.31
*** RIVER *** [2s 9c 7c 4h] [8h]
treds17: checks 
caseace123: bets $6.31
treds17: calls $6.31
*** SHOW DOWN ***
caseace123: shows [Qh Js] (high card Queen)
treds17: shows [3h 3s] (a pair of Threes)
treds17 collected $20.18 from pot
*** SUMMARY ***
Total pot $21.24 | Rake $1.06 
Board [2s 9c 7c 4h 8h]
Seat 1: caseace123 (button) showed [Qh Js] and lost with high card Queen
Seat 2: treds17 (small blind) showed [3h 3s] and won ($20.18) with a pair of Threes
Seat 3: tampakopoulo (big blind) folded before Flop
Seat 4: Elch folded before Flop (didn't bet)
Seat 5: Mahu2021 folded before Flop (didn't bet)
Seat 6: ibaCker folded before Flop (didn't bet)



PokerStars Zoom Hand #255375344036:  Hold'em No Limit ($0.50/$1.00) - 2025/03/20 21:42:25 CET [2025/03/20 16:42:25 ET]
Table 'Triangulum' 6-max Seat #1 is the button
Seat 1: Mahu2021 ($22.79 in chips) 
Seat 2: CichiChanMarian ($100 in chips) 
Seat 3: 22Turk22 ($100 in chips) 
Seat 4: treds17 ($102 in chips) 
Seat 5: circoflax ($136.77 in chips) 
Seat 6: YouBetterFold11 ($110.12 in chips) 
CichiChanMarian: posts small blind $0.50
22Turk22: posts big blind $1
*** HOLE CARDS ***
Dealt to Mahu2021 [Qd 3c]
treds17: folds 
circoflax: folds 
YouBetterFold11: folds 
Mahu2021: folds 
CichiChanMarian: raises $2 to $3
22Turk22: folds 
Uncalled bet ($2) returned to CichiChanMarian
CichiChanMarian collected $2 from pot
CichiChanMarian: doesn't show hand 
*** SUMMARY ***
Total pot $2 | Rake $0 
Seat 1: Mahu2021 (button) folded before Flop (didn't bet)
Seat 2: CichiChanMarian (small blind) collected ($2)
Seat 3: 22Turk22 (big blind) folded before Flop
Seat 4: treds17 folded before Flop (didn't bet)
Seat 5: circoflax folded before Flop (didn't bet)
Seat 6: YouBetterFold11 folded before Flop (didn't bet)



PokerStars Zoom Hand #255375340692:  Hold'em No Limit ($0.50/$1.00) - 2025/03/20 21:42:14 CET [2025/03/20 16:42:14 ET]
Table 'Triangulum' 6-max Seat #1 is the button
Seat 1: AntoanetaDas ($135.30 in chips) 
Seat 2: fabri318 ($137.24 in chips) 
Seat 3: gfp24 ($196.02 in chips) 
Seat 4: remid13 ($184.79 in chips) 
Seat 5: justinnlt ($56.88 in chips) 
Seat 6: Mahu2021 ($23.29 in chips) 
fabri318: posts small blind $0.50
gfp24: posts big blind $1
*** HOLE CARDS ***
Dealt to Mahu2021 [5d 9s]
remid13: raises $1.50 to $2.50
justinnlt: folds 
Mahu2021: folds 
AntoanetaDas: raises $4.50 to $7
fabri318: folds 
gfp24: folds 
remid13: calls $4.50
*** FLOP *** [9c 6s 3s]
remid13: checks 
AntoanetaDas: bets $5.15
remid13: calls $5.15
*** TURN *** [9c 6s 3s] [2c]
remid13: checks 
AntoanetaDas: bets $8.58
remid13: calls $8.58
*** RIVER *** [9c 6s 3s 2c] [6c]
remid13: checks 
AntoanetaDas: checks 
*** SHOW DOWN ***
remid13: shows [Ad Kh] (a pair of Sixes)
AntoanetaDas: shows [Kd Ah] (a pair of Sixes)
remid13 collected $20.41 from pot
AntoanetaDas collected $20.40 from pot
*** SUMMARY ***
Total pot $42.96 | Rake $2.15 
Board [9c 6s 3s 2c 6c]
Seat 1: AntoanetaDas (button) showed [Kd Ah] and won ($20.40) with a pair of Sixes
Seat 2: fabri318 (small blind) folded before Flop
Seat 3: gfp24 (big blind) folded before Flop
Seat 4: remid13 showed [Ad Kh] and won ($20.41) with a pair of Sixes
Seat 5: justinnlt folded before Flop (didn't bet)
Seat 6: Mahu2021 folded before Flop (didn't bet)



PokerStars Zoom Hand #255375350357:  Hold'em No Limit ($0.50/$1.00) - 2025/03/20 21:42:46 CET [2025/03/20 16:42:46 ET]
Table 'Triangulum' 6-max Seat #1 is the button
Seat 1: imhungarian8 ($104.50 in chips) 
Seat 2: RichPreacher ($146.98 in chips) 
Seat 3: Mahu2021 ($22.79 in chips) 
Seat 4: ibaCker ($109.14 in chips) 
Seat 5: Stepooo ($104.72 in chips) 
Seat 6: junioru111 ($132.78 in chips) 
RichPreacher: posts small blind $0.50
Mahu2021: posts big blind $1
*** HOLE CARDS ***
Dealt to Mahu2021 [9c 9s]
ibaCker: folds 
Stepooo: folds 
junioru111: folds 
imhungarian8: folds 
RichPreacher: raises $1.50 to $2.50
Mahu2021: raises $20.29 to $22.79 and is all-in
RichPreacher: folds 
Uncalled bet ($20.29) returned to Mahu2021
Mahu2021 collected $5 from pot
Mahu2021: doesn't show hand 
*** SUMMARY ***
Total pot $5 | Rake $0 
Seat 1: imhungarian8 (button) folded before Flop (didn't bet)
Seat 2: RichPreacher (small blind) folded before Flop
Seat 3: Mahu2021 (big blind) collected ($5)
Seat 4: ibaCker folded before Flop (didn't bet)
Seat 5: Stepooo folded before Flop (didn't bet)
Seat 6: junioru111 folded before Flop (didn't bet)



PokerStars Zoom Hand #255375349654:  Hold'em No Limit ($0.50/$1.00) - 2025/03/20 21:42:44 CET [2025/03/20 16:42:44 ET]
Table 'Triangulum' 6-max Seat #1 is the button
Seat 1: ibaCker ($101 in chips) 
Seat 2: red2652 ($238.36 in chips) 
Seat 3: fabri318 ($136.74 in chips) 
Seat 4: Mahu2021 ($22.79 in chips) 
Seat 5: imhungarian8 ($100 in chips) 
Seat 6: CichiChanMarian ($101 in chips) 
red2652: posts small blind $0.50
fabri318: posts big blind $1
*** HOLE CARDS ***
Dealt to Mahu2021 [As 7h]
Mahu2021: folds 
imhungarian8: folds 
CichiChanMarian: folds 
ibaCker: raises $1.50 to $2.50
red2652: folds 
fabri318: folds 
Uncalled bet ($1.50) returned to ibaCker
ibaCker collected $2.50 from pot
ibaCker: doesn't show hand 
*** SUMMARY ***
Total pot $2.50 | Rake $0 
Seat 1: ibaCker (button) collected ($2.50)
Seat 2: red2652 (small blind) folded before Flop
Seat 3: fabri318 (big blind) folded before Flop
Seat 4: Mahu2021 folded before Flop (didn't bet)
Seat 5: imhungarian8 folded before Flop (didn't bet)
Seat 6: CichiChanMarian folded before Flop (didn't bet)



PokerStars Zoom Hand #255375343023:  Hold'em No Limit ($0.50/$1.00) - 2025/03/20 21:42:21 CET [2025/03/20 16:42:21 ET]
Table 'Triangulum' 6-max Seat #1 is the button
Seat 1: str3tto ($57.28 in chips) 
Seat 2: Mahu2021 ($23.29 in chips) 
Seat 3: caseace123 ($277.11 in chips) 
Seat 4: 31oren ($109.14 in chips) 
Seat 5: Maleure31 ($55.86 in chips) 
Seat 6: fabri318 ($190.88 in chips) 
Mahu2021: posts small blind $0.50
caseace123: posts big blind $1
*** HOLE CARDS ***
Dealt to Mahu2021 [2d 9c]
31oren: folds 
Maleure31: raises $1.20 to $2.20
fabri318: folds 
str3tto: raises $6.90 to $9.10
Mahu2021: folds 
caseace123: folds 
Maleure31: calls $6.90
*** FLOP *** [3d 4d 8c]
Maleure31: checks 
str3tto: bets $9.36
Maleure31: folds 
Uncalled bet ($9.36) returned to str3tto
str3tto collected $18.72 from pot
str3tto: doesn't show hand 
*** SUMMARY ***
Total pot $19.70 | Rake $0.98 
Board [3d 4d 8c]
Seat 1: str3tto (button) collected ($18.72)
Seat 2: Mahu2021 (small blind) folded before Flop
Seat 3: caseace123 (big blind) folded before Flop
Seat 4: 31oren folded before Flop (didn't bet)
Seat 5: Maleure31 folded on the Flop
Seat 6: fabri318 folded before Flop (didn't bet)



PokerStars Zoom Hand #255375346857:  Hold'em No Limit ($0.50/$1.00) - 2025/03/20 21:42:34 CET [2025/03/20 16:42:34 ET]
Table 'Triangulum' 6-max Seat #1 is the button
Seat 1: DL1B ($345.83 in chips) 
Seat 2: imhungarian8 ($100.50 in chips) 
Seat 3: circoflax ($136.77 in chips) 
Seat 4: nidal55 ($100 in chips) 
Seat 5: Mahu2021 ($22.79 in chips) 
Seat 6: MrDevil_6666 ($80.74 in chips) 
imhungarian8: posts small blind $0.50
circoflax: posts big blind $1
*** HOLE CARDS ***
Dealt to Mahu2021 [Th Jh]
nidal55: raises $1.24 to $2.24
Mahu2021: folds 
MrDevil_6666: calls $2.24
DL1B: folds 
imhungarian8: calls $1.74
circoflax: folds 
*** FLOP *** [9s 7h 3c]
imhungarian8: checks 
nidal55: checks 
MrDevil_6666: bets $4
imhungarian8: raises $7.67 to $11.67
nidal55: folds 
MrDevil_6666: folds 
Uncalled bet ($7.67) returned to imhungarian8
imhungarian8 collected $14.93 from pot
imhungarian8: doesn't show hand 
*** SUMMARY ***
Total pot $15.72 | Rake $0.79 
Board [9s 7h 3c]
Seat 1: DL1B (button) folded before Flop (didn't bet)
Seat 2: imhungarian8 (small blind) collected ($14.93)
Seat 3: circoflax (big blind) folded before Flop
Seat 4: nidal55 folded on the Flop
Seat 5: Mahu2021 folded before Flop (didn't bet)
Seat 6: MrDevil_6666 folded on the Flop



PokerStars Zoom Hand #255375355775:  Hold'em No Limit ($0.50/$1.00) - 2025/03/20 21:43:05 CET [2025/03/20 16:43:05 ET]
Table 'Triangulum' 6-max Seat #1 is the button
Seat 1: treds17 ($100 in chips) 
Seat 2: Mahu2021 ($25.29 in chips) 
Seat 3: tampakopoulo ($1110.38 in chips) 
Seat 4: ibaCker ($116.95 in chips) 
Seat 5: Stepooo ($109.15 in chips) 
Seat 6: RichPreacher ($144.48 in chips) 
Mahu2021: posts small blind $0.50
tampakopoulo: posts big blind $1
*** HOLE CARDS ***
Dealt to Mahu2021 [8d Ah]
ibaCker: raises $1.50 to $2.50
Stepooo: folds 
RichPreacher: folds 
treds17: calls $2.50
Mahu2021: folds 
tampakopoulo: calls $1.50
*** FLOP *** [2c 7c 3s]
tampakopoulo: checks 
ibaCker: bets $3.80
treds17: folds 
tampakopoulo: calls $3.80
*** TURN *** [2c 7c 3s] [7d]
tampakopoulo: checks 
ibaCker: checks 
*** RIVER *** [2c 7c 3s 7d] [Th]
tampakopoulo: bets $7.41
ibaCker: calls $7.41
*** SHOW DOWN ***
tampakopoulo: shows [8s 9d] (a pair of Sevens)
ibaCker: shows [6c 6d] (two pair, Sevens and Sixes)
ibaCker collected $28.90 from pot
*** SUMMARY ***
Total pot $30.42 | Rake $1.52 
Board [2c 7c 3s 7d Th]
Seat 1: treds17 (button) folded on the Flop
Seat 2: Mahu2021 (small blind) folded before Flop
Seat 3: tampakopoulo (big blind) showed [8s 9d] and lost with a pair of Sevens
Seat 4: ibaCker showed [6c 6d] and won ($28.90) with two pair, Sevens and Sixes
Seat 5: Stepooo folded before Flop (didn't bet)
Seat 6: RichPreacher folded before Flop (didn't bet)



PokerStars Zoom Hand #255375358678:  Hold'em No Limit ($0.50/$1.00) - 2025/03/20 21:43:15 CET [2025/03/20 16:43:15 ET]
Table 'Triangulum' 6-max Seat #1 is the button
Seat 1: Mahu2021 ($24.79 in chips) 
Seat 2: Stepooo ($103.72 in chips) 
Seat 3: red2652 ($237.86 in chips) 
Seat 4: remid13 ($256.83 in chips) 
Seat 5: treds17 ($123.65 in chips) 
Seat 6: fabri318 ($105.50 in chips) 
Stepooo: posts small blind $0.50
red2652: posts big blind $1
*** HOLE CARDS ***
Dealt to Mahu2021 [Qs Ad]
remid13: folds 
treds17: folds 
fabri318: folds 
Mahu2021: raises $2 to $3
Stepooo: calls $2.50
red2652: folds 
*** FLOP *** [2s 9d Ah]
Stepooo: checks 
Mahu2021: bets $6.65
Stepooo: folds 
Uncalled bet ($6.65) returned to Mahu2021
Mahu2021 collected $6.65 from pot
Mahu2021: doesn't show hand 
*** SUMMARY ***
Total pot $7 | Rake $0.35 
Board [2s 9d Ah]
Seat 1: Mahu2021 (button) collected ($6.65)
Seat 2: Stepooo (small blind) folded on the Flop
Seat 3: red2652 (big blind) folded before Flop
Seat 4: remid13 folded before Flop (didn't bet)
Seat 5: treds17 folded before Flop (didn't bet)
Seat 6: fabri318 folded before Flop (didn't bet)



PokerStars Zoom Hand #255375366944:  Hold'em No Limit ($0.50/$1.00) - 2025/03/20 21:43:43 CET [2025/03/20 16:43:43 ET]
Table 'Triangulum' 6-max Seat #1 is the button
Seat 1: treds17 ($126.40 in chips) 
Seat 2: YouBetterFold11 ($105.10 in chips) 
Seat 3: remid13 ($256.33 in chips) 
Seat 4: red2652 ($236.86 in chips) 
Seat 5: vivipige ($100.81 in chips) 
Seat 6: Mahu2021 ($28.44 in chips) 
YouBetterFold11: posts small blind $0.50
remid13: posts big blind $1
*** HOLE CARDS ***
Dealt to Mahu2021 [8h 5d]
red2652: raises $1 to $2
vivipige: raises $5.50 to $7.50
Mahu2021: folds 
treds17: folds 
YouBetterFold11: folds 
remid13: folds 
red2652: folds 
Uncalled bet ($5.50) returned to vivipige
vivipige collected $5.50 from pot
vivipige: doesn't show hand 
*** SUMMARY ***
Total pot $5.50 | Rake $0 
Seat 1: treds17 (button) folded before Flop (didn't bet)
Seat 2: YouBetterFold11 (small blind) folded before Flop
Seat 3: remid13 (big blind) folded before Flop
Seat 4: red2652 folded before Flop
Seat 5: vivipige collected ($5.50)
Seat 6: Mahu2021 folded before Flop (didn't bet)



PokerStars Zoom Hand #255375368445:  Hold'em No Limit ($0.50/$1.00) - 2025/03/20 21:43:48 CET [2025/03/20 16:43:48 ET]
Table 'Triangulum' 6-max Seat #1 is the button
Seat 1: Stepooo ($100.72 in chips) 
Seat 2: treds17 ($126.40 in chips) 
Seat 3: Mahu2021 ($28.44 in chips) 
Seat 4: Maleure31 ($46.76 in chips) 
Seat 5: YouBetterFold11 ($104.60 in chips) 
Seat 6: gfp24 ($146.20 in chips) 
treds17: posts small blind $0.50
Mahu2021: posts big blind $1
*** HOLE CARDS ***
Dealt to Mahu2021 [9s 3s]
Maleure31: folds 
YouBetterFold11: raises $1.50 to $2.50
gfp24: folds 
Stepooo: folds 
treds17: folds 
Mahu2021: folds 
Uncalled bet ($1.50) returned to YouBetterFold11
YouBetterFold11 collected $2.50 from pot
YouBetterFold11: doesn't show hand 
*** SUMMARY ***
Total pot $2.50 | Rake $0 
Seat 1: Stepooo (button) folded before Flop (didn't bet)
Seat 2: treds17 (small blind) folded before Flop
Seat 3: Mahu2021 (big blind) folded before Flop
Seat 4: Maleure31 folded before Flop (didn't bet)
Seat 5: YouBetterFold11 collected ($2.50)
Seat 6: gfp24 folded before Flop (didn't bet)



PokerStars Zoom Hand #255375370194:  Hold'em No Limit ($0.50/$1.00) - 2025/03/20 21:43:54 CET [2025/03/20 16:43:54 ET]
Table 'Triangulum' 6-max Seat #1 is the button
Seat 1: Elch ($202.08 in chips) 
Seat 2: remid13 ($255.33 in chips) 
Seat 3: DL1B ($352.85 in chips) 
Seat 4: circoflax ($136.22 in chips) 
Seat 5: red2652 ($234.86 in chips) 
Seat 6: Mahu2021 ($27.44 in chips) 
remid13: posts small blind $0.50
DL1B: posts big blind $1
*** HOLE CARDS ***
Dealt to Mahu2021 [Js 4s]
circoflax: folds 
red2652: raises $1 to $2
Mahu2021: folds 
Elch: folds 
remid13: folds 
DL1B: folds 
Uncalled bet ($1) returned to red2652
red2652 collected $2.50 from pot
red2652: doesn't show hand 
*** SUMMARY ***
Total pot $2.50 | Rake $0 
Seat 1: Elch (button) folded before Flop (didn't bet)
Seat 2: remid13 (small blind) folded before Flop
Seat 3: DL1B (big blind) folded before Flop
Seat 4: circoflax folded before Flop (didn't bet)
Seat 5: red2652 collected ($2.50)
Seat 6: Mahu2021 folded before Flop (didn't bet)



PokerStars Zoom Hand #255375371337:  Hold'em No Limit ($0.50/$1.00) - 2025/03/20 21:43:58 CET [2025/03/20 16:43:58 ET]
Table 'Triangulum' 6-max Seat #1 is the button
Seat 1: nidal55 ($112.11 in chips) 
Seat 2: gfp24 ($146.20 in chips) 
Seat 3: xxxZeka ($131.88 in chips) 
Seat 4: treds17 ($103.26 in chips) 
Seat 5: Mahu2021 ($27.44 in chips) 
Seat 6: 31oren ($109.64 in chips) 
gfp24: posts small blind $0.50
xxxZeka: posts big blind $1
*** HOLE CARDS ***
Dealt to Mahu2021 [5c Kh]
treds17: folds 
Mahu2021: folds 
31oren: folds 
nidal55: raises $1.24 to $2.24
gfp24: folds 
xxxZeka: raises $9.76 to $12
nidal55: folds 
Uncalled bet ($9.76) returned to xxxZeka
xxxZeka collected $4.98 from pot
xxxZeka: doesn't show hand 
*** SUMMARY ***
Total pot $4.98 | Rake $0 
Seat 1: nidal55 (button) folded before Flop
Seat 2: gfp24 (small blind) folded before Flop
Seat 3: xxxZeka (big blind) collected ($4.98)
Seat 4: treds17 folded before Flop (didn't bet)
Seat 5: Mahu2021 folded before Flop (didn't bet)
Seat 6: 31oren folded before Flop (didn't bet)



PokerStars Zoom Hand #255375374239:  Hold'em No Limit ($0.50/$1.00) - 2025/03/20 21:44:08 CET [2025/03/20 16:44:08 ET]
Table 'Triangulum' 6-max Seat #1 is the button
Seat 1: gfp24 ($193.80 in chips) 
Seat 2: Mahu2021 ($27.44 in chips) 
Seat 3: badbetman ($312.45 in chips) 
Seat 4: treds17 ($104.26 in chips) 
Seat 5: vivipige ($103.81 in chips) 
Seat 6: circoflax ($108.80 in chips) 
Mahu2021: posts small blind $0.50
badbetman: posts big blind $1
*** HOLE CARDS ***
Dealt to Mahu2021 [8c 8h]
treds17: folds 
vivipige: folds 
circoflax: raises $1 to $2
gfp24: folds 
Mahu2021: calls $1.50
badbetman: calls $1
*** FLOP *** [9c 6s Kh]
Mahu2021: checks 
badbetman: bets $2.78
circoflax: folds 
Mahu2021: folds 
Uncalled bet ($2.78) returned to badbetman
badbetman collected $5.70 from pot
badbetman: doesn't show hand 
*** SUMMARY ***
Total pot $6 | Rake $0.30 
Board [9c 6s Kh]
Seat 1: gfp24 (button) folded before Flop (didn't bet)
Seat 2: Mahu2021 (small blind) folded on the Flop
Seat 3: badbetman (big blind) collected ($5.70)
Seat 4: treds17 folded before Flop (didn't bet)
Seat 5: vivipige folded before Flop (didn't bet)
Seat 6: circoflax folded on the Flop



PokerStars Zoom Hand #255375381054:  Hold'em No Limit ($0.50/$1.00) - 2025/03/20 21:44:31 CET [2025/03/20 16:44:31 ET]
Table 'Triangulum' 6-max Seat #1 is the button
Seat 1: 31oren ($104 in chips) 
Seat 2: YouBetterFold11 ($100 in chips) 
Seat 3: Börns11777 ($42.89 in chips) 
Seat 4: remid13 ($181.67 in chips) 
Seat 5: Mahu2021 ($25.44 in chips) 
Seat 6: DL1B ($351.35 in chips) 
YouBetterFold11: posts small blind $0.50
Börns11777: posts big blind $1
*** HOLE CARDS ***
Dealt to Mahu2021 [Js 4h]
remid13: folds 
Mahu2021: folds 
DL1B: folds 
31oren: raises $1.20 to $2.20
YouBetterFold11: folds 
Börns11777: folds 
Uncalled bet ($1.20) returned to 31oren
31oren collected $2.50 from pot
31oren: doesn't show hand 
*** SUMMARY ***
Total pot $2.50 | Rake $0 
Seat 1: 31oren (button) collected ($2.50)
Seat 2: YouBetterFold11 (small blind) folded before Flop
Seat 3: Börns11777 (big blind) folded before Flop
Seat 4: remid13 folded before Flop (didn't bet)
Seat 5: Mahu2021 folded before Flop (didn't bet)
Seat 6: DL1B folded before Flop (didn't bet)



PokerStars Zoom Hand #255375382165:  Hold'em No Limit ($0.50/$1.00) - 2025/03/20 21:44:35 CET [2025/03/20 16:44:35 ET]
Table 'Triangulum' 6-max Seat #1 is the button
Seat 1: YouBetterFold11 ($100 in chips) 
Seat 2: nidal55 ($70.82 in chips) 
Seat 3: Mahu2021 ($25.44 in chips) 
Seat 4: DL1B ($351.35 in chips) 
Seat 5: xxxZeka ($134.12 in chips) 
Seat 6: Stepooo ($107.65 in chips) 
nidal55: posts small blind $0.50
Mahu2021: posts big blind $1
*** HOLE CARDS ***
Dealt to Mahu2021 [3d 6c]
DL1B: raises $1 to $2
xxxZeka: folds 
Stepooo: folds 
YouBetterFold11: folds 
nidal55: folds 
Mahu2021: folds 
Uncalled bet ($1) returned to DL1B
DL1B collected $2.50 from pot
DL1B: doesn't show hand 
*** SUMMARY ***
Total pot $2.50 | Rake $0 
Seat 1: YouBetterFold11 (button) folded before Flop (didn't bet)
Seat 2: nidal55 (small blind) folded before Flop
Seat 3: Mahu2021 (big blind) folded before Flop
Seat 4: DL1B collected ($2.50)
Seat 5: xxxZeka folded before Flop (didn't bet)
Seat 6: Stepooo folded before Flop (didn't bet)



PokerStars Zoom Hand #255375385139:  Hold'em No Limit ($0.50/$1.00) - 2025/03/20 21:44:45 CET [2025/03/20 16:44:45 ET]
Table 'Triangulum' 6-max Seat #1 is the button
Seat 1: loko92a ($125.43 in chips) 
Seat 2: badbetman ($316.15 in chips) 
Seat 3: 31oren ($105.50 in chips) 
Seat 4: Mahu2021 ($24.44 in chips) 
Seat 5: imhungarian8 ($113.19 in chips) 
Seat 6: remid13 ($180.67 in chips) 
badbetman: posts small blind $0.50
31oren: posts big blind $1
*** HOLE CARDS ***
Dealt to Mahu2021 [5h 2c]
Mahu2021: folds 
imhungarian8: folds 
remid13: folds 
loko92a: raises $2 to $3
badbetman: folds 
31oren: folds 
Uncalled bet ($2) returned to loko92a
loko92a collected $2.50 from pot
loko92a: doesn't show hand 
*** SUMMARY ***
Total pot $2.50 | Rake $0 
Seat 1: loko92a (button) collected ($2.50)
Seat 2: badbetman (small blind) folded before Flop
Seat 3: 31oren (big blind) folded before Flop
Seat 4: Mahu2021 folded before Flop (didn't bet)
Seat 5: imhungarian8 folded before Flop (didn't bet)
Seat 6: remid13 folded before Flop (didn't bet)



PokerStars Zoom Hand #255375373122:  Hold'em No Limit ($0.50/$1.00) - 2025/03/20 21:44:04 CET [2025/03/20 16:44:04 ET]
Table 'Triangulum' 6-max Seat #1 is the button
Seat 1: Mahu2021 ($27.44 in chips) 
Seat 2: red2652 ($236.36 in chips) 
Seat 3: YouBetterFold11 ($100 in chips) 
Seat 4: badbetman ($312.45 in chips) 
Seat 5: MrDevil_6666 ($71.50 in chips) 
Seat 6: Maleure31 ($77.88 in chips) 
red2652: posts small blind $0.50
YouBetterFold11: posts big blind $1
*** HOLE CARDS ***
Dealt to Mahu2021 [8d 4h]
badbetman: folds 
MrDevil_6666: raises $2 to $3
Maleure31: calls $3
Mahu2021: folds 
red2652: folds 
YouBetterFold11: folds 
*** FLOP *** [7h 3h Jc]
MrDevil_6666: bets $3.56
Maleure31: raises $7.12 to $10.68
MrDevil_6666: raises $14.24 to $24.92
Maleure31: raises $49.96 to $74.88 and is all-in
MrDevil_6666: calls $43.58 and is all-in
Uncalled bet ($6.38) returned to Maleure31
*** TURN *** [7h 3h Jc] [Tc]
*** RIVER *** [7h 3h Jc Tc] [Qd]
*** SHOW DOWN ***
MrDevil_6666: shows [Js Qc] (two pair, Queens and Jacks)
Maleure31: shows [3c 3d] (three of a kind, Threes)
Maleure31 collected $141.38 from pot
*** SUMMARY ***
Total pot $144.50 | Rake $3.12 
Board [7h 3h Jc Tc Qd]
Seat 1: Mahu2021 (button) folded before Flop (didn't bet)
Seat 2: red2652 (small blind) folded before Flop
Seat 3: YouBetterFold11 (big blind) folded before Flop
Seat 4: badbetman folded before Flop (didn't bet)
Seat 5: MrDevil_6666 showed [Js Qc] and lost with two pair, Queens and Jacks
Seat 6: Maleure31 showed [3c 3d] and won ($141.38) with three of a kind, Threes



PokerStars Zoom Hand #255375386955:  Hold'em No Limit ($0.50/$1.00) - 2025/03/20 21:44:51 CET [2025/03/20 16:44:51 ET]
Table 'Triangulum' 6-max Seat #1 is the button
Seat 1: remid13 ($180.67 in chips) 
Seat 2: 31oren ($110.14 in chips) 
Seat 3: Y_19 ($110.06 in chips) 
Seat 4: zoly88 ($119.70 in chips) 
Seat 5: YouBetterFold11 ($100 in chips) 
Seat 6: Mahu2021 ($24.44 in chips) 
31oren: posts small blind $0.50
Y_19: posts big blind $1
*** HOLE CARDS ***
Dealt to Mahu2021 [5d 5h]
zoly88: raises $1 to $2
YouBetterFold11: folds 
Mahu2021: folds 
remid13: folds 
31oren: folds 
Y_19: folds 
Uncalled bet ($1) returned to zoly88
zoly88 collected $2.50 from pot
zoly88: doesn't show hand 
*** SUMMARY ***
Total pot $2.50 | Rake $0 
Seat 1: remid13 (button) folded before Flop (didn't bet)
Seat 2: 31oren (small blind) folded before Flop
Seat 3: Y_19 (big blind) folded before Flop
Seat 4: zoly88 collected ($2.50)
Seat 5: YouBetterFold11 folded before Flop (didn't bet)
Seat 6: Mahu2021 folded before Flop (didn't bet)



PokerStars Zoom Hand #255375385872:  Hold'em No Limit ($0.50/$1.00) - 2025/03/20 21:44:48 CET [2025/03/20 16:44:48 ET]
Table 'Triangulum' 6-max Seat #1 is the button
Seat 1: Y_19 ($110.06 in chips) 
Seat 2: junioru111 ($163.28 in chips) 
Seat 3: DL1B ($352.85 in chips) 
Seat 4: Mahu2021 ($24.44 in chips) 
Seat 5: Stepooo ($106.65 in chips) 
Seat 6: 22Turk22 ($102 in chips) 
junioru111: posts small blind $0.50
DL1B: posts big blind $1
*** HOLE CARDS ***
Dealt to Mahu2021 [Js Tc]
Mahu2021: folds 
Stepooo: folds 
22Turk22: folds 
Y_19: folds 
junioru111: raises $2 to $3
DL1B: folds 
Uncalled bet ($2) returned to junioru111
junioru111 collected $2 from pot
junioru111: doesn't show hand 
*** SUMMARY ***
Total pot $2 | Rake $0 
Seat 1: Y_19 (button) folded before Flop (didn't bet)
Seat 2: junioru111 (small blind) collected ($2)
Seat 3: DL1B (big blind) folded before Flop
Seat 4: Mahu2021 folded before Flop (didn't bet)
Seat 5: Stepooo folded before Flop (didn't bet)
Seat 6: 22Turk22 folded before Flop (didn't bet)



PokerStars Zoom Hand #255375389255:  Hold'em No Limit ($0.50/$1.00) - 2025/03/20 21:44:59 CET [2025/03/20 16:44:59 ET]
Table 'Triangulum' 6-max Seat #1 is the button
Seat 1: imhungarian8 ($100 in chips) 
Seat 2: Mahu2021 ($24.44 in chips) 
Seat 3: 31oren ($109.64 in chips) 
Seat 4: nidal55 ($110.37 in chips) 
Seat 5: treds17 ($100 in chips) 
Seat 6: fabri318 ($100 in chips) 
Mahu2021: posts small blind $0.50
31oren: posts big blind $1
*** HOLE CARDS ***
Dealt to Mahu2021 [4c Ah]
nidal55: folds 
treds17: raises $1 to $2
fabri318: folds 
imhungarian8: folds 
Mahu2021: folds 
31oren: folds 
Uncalled bet ($1) returned to treds17
treds17 collected $2.50 from pot
treds17: doesn't show hand 
*** SUMMARY ***
Total pot $2.50 | Rake $0 
Seat 1: imhungarian8 (button) folded before Flop (didn't bet)
Seat 2: Mahu2021 (small blind) folded before Flop
Seat 3: 31oren (big blind) folded before Flop
Seat 4: nidal55 folded before Flop (didn't bet)
Seat 5: treds17 collected ($2.50)
Seat 6: fabri318 folded before Flop (didn't bet)



PokerStars Zoom Hand #255375393887:  Hold'em No Limit ($0.50/$1.00) - 2025/03/20 21:45:14 CET [2025/03/20 16:45:14 ET]
Table 'Triangulum' 6-max Seat #1 is the button
Seat 1: imhungarian8 ($101 in chips) 
Seat 2: gfp24 ($148.48 in chips) 
Seat 3: Mahu2021 ($23.94 in chips) 
Seat 4: Börns11777 ($41.39 in chips) 
Seat 5: 22Turk22 ($100.50 in chips) 
Seat 6: Elch ($117.44 in chips) 
gfp24: posts small blind $0.50
Mahu2021: posts big blind $1
*** HOLE CARDS ***
Dealt to Mahu2021 [Ah 2c]
Börns11777: folds 
22Turk22: raises $1.40 to $2.40
Elch: folds 
imhungarian8: raises $5.10 to $7.50
gfp24: folds 
Mahu2021: folds 
22Turk22: folds 
Uncalled bet ($5.10) returned to imhungarian8
imhungarian8 collected $6.30 from pot
imhungarian8: doesn't show hand 
*** SUMMARY ***
Total pot $6.30 | Rake $0 
Seat 1: imhungarian8 (button) collected ($6.30)
Seat 2: gfp24 (small blind) folded before Flop
Seat 3: Mahu2021 (big blind) folded before Flop
Seat 4: Börns11777 folded before Flop (didn't bet)
Seat 5: 22Turk22 folded before Flop
Seat 6: Elch folded before Flop (didn't bet)



PokerStars Zoom Hand #255375372226:  Hold'em No Limit ($0.50/$1.00) - 2025/03/20 21:44:01 CET [2025/03/20 16:44:01 ET]
Table 'Triangulum' 6-max Seat #1 is the button
Seat 1: 31oren ($109.64 in chips) 
Seat 2: YouBetterFold11 ($113.12 in chips) 
Seat 3: Stepooo ($109.15 in chips) 
Seat 4: Mahu2021 ($27.44 in chips) 
Seat 5: treds17 ($125.90 in chips) 
Seat 6: Elch ($202.08 in chips) 
YouBetterFold11: posts small blind $0.50
Stepooo: posts big blind $1
*** HOLE CARDS ***
Dealt to Mahu2021 [Ah 5c]
Mahu2021: folds 
treds17: raises $1 to $2
Elch: raises $4.50 to $6.50
31oren: folds 
YouBetterFold11: folds 
Stepooo: folds 
treds17: raises $13 to $19.50
Elch: calls $13
*** FLOP *** [5d 5h 9s]
treds17: checks 
Elch: checks 
*** TURN *** [5d 5h 9s] [Qd]
treds17: bets $8.85
Elch: calls $8.85
*** RIVER *** [5d 5h 9s Qd] [Kc]
treds17: bets $30.64
Elch: folds 
Uncalled bet ($30.64) returned to treds17
treds17 collected $55.70 from pot
treds17: doesn't show hand 
*** SUMMARY ***
Total pot $58.20 | Rake $2.50 
Board [5d 5h 9s Qd Kc]
Seat 1: 31oren (button) folded before Flop (didn't bet)
Seat 2: YouBetterFold11 (small blind) folded before Flop
Seat 3: Stepooo (big blind) folded before Flop
Seat 4: Mahu2021 folded before Flop (didn't bet)
Seat 5: treds17 collected ($55.70)
Seat 6: Elch folded on the River



PokerStars Zoom Hand #255375396774:  Hold'em No Limit ($0.50/$1.00) - 2025/03/20 21:45:24 CET [2025/03/20 16:45:24 ET]
Table 'Triangulum' 6-max Seat #1 is the button
Seat 1: Mahu2021 ($22.94 in chips) 
Seat 2: SitOnMoney ($99 in chips) 
Seat 3: junioru111 ($164.28 in chips) 
Seat 4: Maleure31 ($49.76 in chips) 
Seat 5: nidal55 ($109.87 in chips) 
Seat 6: badbetman ($318 in chips) 
SitOnMoney: posts small blind $0.50
junioru111: posts big blind $1
*** HOLE CARDS ***
Dealt to Mahu2021 [6s 6h]
Maleure31: folds 
nidal55: raises $1.24 to $2.24
badbetman: folds 
Mahu2021: calls $2.24
SitOnMoney: folds 
junioru111: raises $6.76 to $9
nidal55: raises $13 to $22
Mahu2021: folds 
junioru111: calls $13
*** FLOP *** [9h 3d 2c]
junioru111: bets $22.20
nidal55: folds 
Uncalled bet ($22.20) returned to junioru111
junioru111 collected $44.40 from pot
junioru111: doesn't show hand 
*** SUMMARY ***
Total pot $46.74 | Rake $2.34 
Board [9h 3d 2c]
Seat 1: Mahu2021 (button) folded before Flop
Seat 2: SitOnMoney (small blind) folded before Flop
Seat 3: junioru111 (big blind) collected ($44.40)
Seat 4: Maleure31 folded before Flop (didn't bet)
Seat 5: nidal55 folded on the Flop
Seat 6: badbetman folded before Flop (didn't bet)



PokerStars Zoom Hand #255375402707:  Hold'em No Limit ($0.50/$1.00) - 2025/03/20 21:45:44 CET [2025/03/20 16:45:44 ET]
Table 'Triangulum' 6-max Seat #1 is the button
Seat 1: Elch ($116.94 in chips) 
Seat 2: YouBetterFold11 ($100 in chips) 
Seat 3: caseace123 ($175.92 in chips) 
Seat 4: remid13 ($184.29 in chips) 
Seat 5: imhungarian8 ($111.69 in chips) 
Seat 6: Mahu2021 ($20.70 in chips) 
YouBetterFold11: posts small blind $0.50
caseace123: posts big blind $1
*** HOLE CARDS ***
Dealt to Mahu2021 [Qc Jd]
remid13: folds 
imhungarian8: folds 
Mahu2021: raises $1.40 to $2.40
Elch: folds 
YouBetterFold11: folds 
caseace123: calls $1.40
*** FLOP *** [7d 2c 3s]
caseace123: checks 
Mahu2021: checks 
*** TURN *** [7d 2c 3s] [3h]
caseace123: checks 
Mahu2021: checks 
*** RIVER *** [7d 2c 3s 3h] [2s]
caseace123: checks 
Mahu2021: checks 
*** SHOW DOWN ***
caseace123: shows [Kd Qd] (two pair, Threes and Deuces)
Mahu2021: mucks hand 
caseace123 collected $5.04 from pot
*** SUMMARY ***
Total pot $5.30 | Rake $0.26 
Board [7d 2c 3s 3h 2s]
Seat 1: Elch (button) folded before Flop (didn't bet)
Seat 2: YouBetterFold11 (small blind) folded before Flop
Seat 3: caseace123 (big blind) showed [Kd Qd] and won ($5.04) with two pair, Threes and Deuces
Seat 4: remid13 folded before Flop (didn't bet)
Seat 5: imhungarian8 folded before Flop (didn't bet)
Seat 6: Mahu2021 mucked [Qc Jd]



PokerStars Zoom Hand #255375415192:  Hold'em No Limit ($0.50/$1.00) - 2025/03/20 21:46:26 CET [2025/03/20 16:46:26 ET]
Table 'Triangulum' 6-max Seat #1 is the button
Seat 1: YouBetterFold11 ($105.61 in chips) 
Seat 2: imhungarian8 ($101.90 in chips) 
Seat 3: justinnlt ($163.64 in chips) 
Seat 4: loko92a ($160.83 in chips) 
Seat 5: Mahu2021 ($18.30 in chips) 
Seat 6: fabri318 ($153.04 in chips) 
imhungarian8: posts small blind $0.50
justinnlt: posts big blind $1
*** HOLE CARDS ***
Dealt to Mahu2021 [3s Qh]
loko92a: folds 
Mahu2021: folds 
fabri318: folds 
YouBetterFold11: folds 
imhungarian8: folds 
Uncalled bet ($0.50) returned to justinnlt
justinnlt collected $1 from pot
justinnlt: doesn't show hand 
*** SUMMARY ***
Total pot $1 | Rake $0 
Seat 1: YouBetterFold11 (button) folded before Flop (didn't bet)
Seat 2: imhungarian8 (small blind) folded before Flop
Seat 3: justinnlt (big blind) collected ($1)
Seat 4: loko92a folded before Flop (didn't bet)
Seat 5: Mahu2021 folded before Flop (didn't bet)
Seat 6: fabri318 folded before Flop (didn't bet)



PokerStars Zoom Hand #255375413049:  Hold'em No Limit ($0.50/$1.00) - 2025/03/20 21:46:19 CET [2025/03/20 16:46:19 ET]
Table 'Triangulum' 6-max Seat #1 is the button
Seat 1: treds17 ($100 in chips) 
Seat 2: Börns11777 ($51.79 in chips) 
Seat 3: YouBetterFold11 ($100 in chips) 
Seat 4: Y_19 ($107.86 in chips) 
Seat 5: Mahu2021 ($18.30 in chips) 
Seat 6: 22Turk22 ($100 in chips) 
Börns11777: posts small blind $0.50
YouBetterFold11: posts big blind $1
*** HOLE CARDS ***
Dealt to Mahu2021 [2d Ks]
Y_19: folds 
Mahu2021: folds 
22Turk22: folds 
treds17: raises $2 to $3
Börns11777: folds 
YouBetterFold11: folds 
Uncalled bet ($2) returned to treds17
treds17 collected $2.50 from pot
treds17: doesn't show hand 
*** SUMMARY ***
Total pot $2.50 | Rake $0 
Seat 1: treds17 (button) collected ($2.50)
Seat 2: Börns11777 (small blind) folded before Flop
Seat 3: YouBetterFold11 (big blind) folded before Flop
Seat 4: Y_19 folded before Flop (didn't bet)
Seat 5: Mahu2021 folded before Flop (didn't bet)
Seat 6: 22Turk22 folded before Flop (didn't bet)



PokerStars Zoom Hand #255375416393:  Hold'em No Limit ($0.50/$1.00) - 2025/03/20 21:46:30 CET [2025/03/20 16:46:30 ET]
Table 'Triangulum' 6-max Seat #1 is the button
Seat 1: bubbles1155 ($100 in chips) 
Seat 2: Mahu2021 ($18.30 in chips) 
Seat 3: str3tto ($72.07 in chips) 
Seat 4: treds17 ($100 in chips) 
Seat 5: Börns11777 ($49.65 in chips) 
Seat 6: caseace123 ($178.56 in chips) 
Mahu2021: posts small blind $0.50
str3tto: posts big blind $1
*** HOLE CARDS ***
Dealt to Mahu2021 [Jd 8c]
treds17: folds 
Börns11777: folds 
caseace123: folds 
bubbles1155: folds 
Mahu2021: folds 
Uncalled bet ($0.50) returned to str3tto
str3tto collected $1 from pot
str3tto: doesn't show hand 
*** SUMMARY ***
Total pot $1 | Rake $0 
Seat 1: bubbles1155 (button) folded before Flop (didn't bet)
Seat 2: Mahu2021 (small blind) folded before Flop
Seat 3: str3tto (big blind) collected ($1)
Seat 4: treds17 folded before Flop (didn't bet)
Seat 5: Börns11777 folded before Flop (didn't bet)
Seat 6: caseace123 folded before Flop (didn't bet)



PokerStars Zoom Hand #255375417172:  Hold'em No Limit ($0.50/$1.00) - 2025/03/20 21:46:33 CET [2025/03/20 16:46:33 ET]
Table 'Triangulum' 6-max Seat #1 is the button
Seat 1: Mahu2021 ($17.80 in chips) 
Seat 2: gfp24 ($197.08 in chips) 
Seat 3: 22Turk22 ($100 in chips) 
Seat 4: loko92a ($160.83 in chips) 
Seat 5: remid13 ($256.01 in chips) 
Seat 6: CichiChanMarian ($102.77 in chips) 
gfp24: posts small blind $0.50
22Turk22: posts big blind $1
*** HOLE CARDS ***
Dealt to Mahu2021 [4h Qd]
loko92a: folds 
remid13: folds 
CichiChanMarian: folds 
Mahu2021: folds 
gfp24: folds 
Uncalled bet ($0.50) returned to 22Turk22
22Turk22 collected $1 from pot
22Turk22: doesn't show hand 
*** SUMMARY ***
Total pot $1 | Rake $0 
Seat 1: Mahu2021 (button) folded before Flop (didn't bet)
Seat 2: gfp24 (small blind) folded before Flop
Seat 3: 22Turk22 (big blind) collected ($1)
Seat 4: loko92a folded before Flop (didn't bet)
Seat 5: remid13 folded before Flop (didn't bet)
Seat 6: CichiChanMarian folded before Flop (didn't bet)



PokerStars Zoom Hand #255375418316:  Hold'em No Limit ($0.50/$1.00) - 2025/03/20 21:46:37 CET [2025/03/20 16:46:37 ET]
Table 'Triangulum' 6-max Seat #1 is the button
Seat 1: junioru111 ($193.51 in chips) 
Seat 2: circoflax ($110.50 in chips) 
Seat 3: MrDevil_6666 ($102.70 in chips) 
Seat 4: Mahu2021 ($17.80 in chips) 
Seat 5: Börns11777 ($49.65 in chips) 
Seat 6: tampakopoulo ($1056.18 in chips) 
circoflax: posts small blind $0.50
MrDevil_6666: posts big blind $1
*** HOLE CARDS ***
Dealt to Mahu2021 [Jd 7d]
Mahu2021: folds 
Börns11777: folds 
tampakopoulo: folds 
junioru111: raises $2 to $3
circoflax: folds 
MrDevil_6666: folds 
Uncalled bet ($2) returned to junioru111
junioru111 collected $2.50 from pot
junioru111: doesn't show hand 
*** SUMMARY ***
Total pot $2.50 | Rake $0 
Seat 1: junioru111 (button) collected ($2.50)
Seat 2: circoflax (small blind) folded before Flop
Seat 3: MrDevil_6666 (big blind) folded before Flop
Seat 4: Mahu2021 folded before Flop (didn't bet)
Seat 5: Börns11777 folded before Flop (didn't bet)
Seat 6: tampakopoulo folded before Flop (didn't bet)



PokerStars Zoom Hand #255375419519:  Hold'em No Limit ($0.50/$1.00) - 2025/03/20 21:46:41 CET [2025/03/20 16:46:41 ET]
Table 'Triangulum' 6-max Seat #1 is the button
Seat 1: Y_19 ($106.36 in chips) 
Seat 2: caseace123 ($178.56 in chips) 
Seat 3: Mahu2021 ($17.80 in chips) 
Seat 4: imhungarian8 ($111.69 in chips) 
Seat 5: gfp24 ($196.58 in chips) 
Seat 6: str3tto ($72.57 in chips) 
caseace123: posts small blind $0.50
Mahu2021: posts big blind $1
*** HOLE CARDS ***
Dealt to Mahu2021 [3s 5h]
imhungarian8: folds 
gfp24: raises $1 to $2
str3tto: folds 
Y_19: folds 
caseace123: folds 
Mahu2021: folds 
Uncalled bet ($1) returned to gfp24
gfp24 collected $2.50 from pot
gfp24: doesn't show hand 
*** SUMMARY ***
Total pot $2.50 | Rake $0 
Seat 1: Y_19 (button) folded before Flop (didn't bet)
Seat 2: caseace123 (small blind) folded before Flop
Seat 3: Mahu2021 (big blind) folded before Flop
Seat 4: imhungarian8 folded before Flop (didn't bet)
Seat 5: gfp24 collected ($2.50)
Seat 6: str3tto folded before Flop (didn't bet)



PokerStars Zoom Hand #255375422513:  Hold'em No Limit ($0.50/$1.00) - 2025/03/20 21:46:51 CET [2025/03/20 16:46:51 ET]
Table 'Triangulum' 6-max Seat #1 is the button
Seat 1: MrDevil_6666 ($101.20 in chips) 
Seat 2: Mahu2021 ($16.80 in chips) 
Seat 3: caseace123 ($359.59 in chips) 
Seat 4: Stepooo ($104.65 in chips) 
Seat 5: fabri318 ($154.54 in chips) 
Seat 6: Y_19 ($106.36 in chips) 
Mahu2021: posts small blind $0.50
caseace123: posts big blind $1
*** HOLE CARDS ***
Dealt to Mahu2021 [4d Jd]
Stepooo: folds 
fabri318: folds 
Y_19: folds 
MrDevil_6666: raises $2 to $3
Mahu2021: folds 
caseace123: folds 
Uncalled bet ($2) returned to MrDevil_6666
MrDevil_6666 collected $2.50 from pot
MrDevil_6666: doesn't show hand 
*** SUMMARY ***
Total pot $2.50 | Rake $0 
Seat 1: MrDevil_6666 (button) collected ($2.50)
Seat 2: Mahu2021 (small blind) folded before Flop
Seat 3: caseace123 (big blind) folded before Flop
Seat 4: Stepooo folded before Flop (didn't bet)
Seat 5: fabri318 folded before Flop (didn't bet)
Seat 6: Y_19 folded before Flop (didn't bet)



PokerStars Zoom Hand #255375423254:  Hold'em No Limit ($0.50/$1.00) - 2025/03/20 21:46:54 CET [2025/03/20 16:46:54 ET]
Table 'Triangulum' 6-max Seat #1 is the button
Seat 1: str3tto ($72.57 in chips) 
Seat 2: justinnlt ($164.14 in chips) 
Seat 3: imhungarian8 ($100 in chips) 
Seat 4: johnny24bravo ($72.46 in chips) 
Seat 5: Maleure31 ($142.20 in chips) 
Seat 6: Mahu2021 ($16.30 in chips) 
justinnlt: posts small blind $0.50
imhungarian8: posts big blind $1
*** HOLE CARDS ***
Dealt to Mahu2021 [8h Qc]
johnny24bravo: calls $1
Maleure31: raises $1.50 to $2.50
Mahu2021: folds 
str3tto: folds 
justinnlt: folds 
imhungarian8: folds 
johnny24bravo: raises $7.50 to $10
Maleure31: folds 
Uncalled bet ($7.50) returned to johnny24bravo
johnny24bravo collected $6.50 from pot
johnny24bravo: doesn't show hand 
*** SUMMARY ***
Total pot $6.50 | Rake $0 
Seat 1: str3tto (button) folded before Flop (didn't bet)
Seat 2: justinnlt (small blind) folded before Flop
Seat 3: imhungarian8 (big blind) folded before Flop
Seat 4: johnny24bravo collected ($6.50)
Seat 5: Maleure31 folded before Flop
Seat 6: Mahu2021 folded before Flop (didn't bet)



PokerStars Zoom Hand #255375424998:  Hold'em No Limit ($0.50/$1.00) - 2025/03/20 21:46:59 CET [2025/03/20 16:46:59 ET]
Table 'Triangulum' 6-max Seat #1 is the button
Seat 1: Mahu2021 ($16.30 in chips) 
Seat 2: Börns11777 ($50.29 in chips) 
Seat 3: YouBetterFold11 ($105.61 in chips) 
Seat 4: fabri318 ($154.54 in chips) 
Seat 5: gfp24 ($137.87 in chips) 
Seat 6: 22Turk22 ($100 in chips) 
Börns11777: posts small blind $0.50
YouBetterFold11: posts big blind $1
*** HOLE CARDS ***
Dealt to Mahu2021 [Ks Ts]
fabri318: folds 
gfp24: folds 
22Turk22: folds 
Mahu2021: raises $2 to $3
Börns11777: raises $7 to $10
YouBetterFold11: folds 
Mahu2021: raises $6.30 to $16.30 and is all-in
Börns11777: calls $6.30
*** FLOP *** [8s 2s Qd]
*** TURN *** [8s 2s Qd] [7c]
*** RIVER *** [8s 2s Qd 7c] [Jc]
*** SHOW DOWN ***
Börns11777: shows [Kc Td] (high card King)
Mahu2021: shows [Ks Ts] (high card King)
Börns11777 collected $15.96 from pot
Mahu2021 collected $15.96 from pot
*** SUMMARY ***
Total pot $33.60 | Rake $1.68 
Board [8s 2s Qd 7c Jc]
Seat 1: Mahu2021 (button) showed [Ks Ts] and won ($15.96) with high card King
Seat 2: Börns11777 (small blind) showed [Kc Td] and won ($15.96) with high card King
Seat 3: YouBetterFold11 (big blind) folded before Flop
Seat 4: fabri318 folded before Flop (didn't bet)
Seat 5: gfp24 folded before Flop (didn't bet)
Seat 6: 22Turk22 folded before Flop (didn't bet)



PokerStars Zoom Hand #255375433787:  Hold'em No Limit ($0.50/$1.00) - 2025/03/20 21:47:29 CET [2025/03/20 16:47:29 ET]
Table 'Triangulum' 6-max Seat #1 is the button
Seat 1: imhungarian8 ($100 in chips) 
Seat 2: Elch ($166.61 in chips) 
Seat 3: Mahu2021 ($15.96 in chips) 
Seat 4: nidal55 ($68.51 in chips) 
Seat 5: remid13 ($288.13 in chips) 
Seat 6: Maleure31 ($45.06 in chips) 
Elch: posts small blind $0.50
Mahu2021: posts big blind $1
*** HOLE CARDS ***
Dealt to Mahu2021 [3c 7c]
nidal55: raises $1.24 to $2.24
remid13: folds 
Maleure31: folds 
imhungarian8: folds 
Elch: folds 
Mahu2021: folds 
Uncalled bet ($1.24) returned to nidal55
nidal55 collected $2.50 from pot
nidal55: doesn't show hand 
*** SUMMARY ***
Total pot $2.50 | Rake $0 
Seat 1: imhungarian8 (button) folded before Flop (didn't bet)
Seat 2: Elch (small blind) folded before Flop
Seat 3: Mahu2021 (big blind) folded before Flop
Seat 4: nidal55 collected ($2.50)
Seat 5: remid13 folded before Flop (didn't bet)
Seat 6: Maleure31 folded before Flop (didn't bet)



PokerStars Zoom Hand #255375436717:  Hold'em No Limit ($0.50/$1.00) - 2025/03/20 21:47:39 CET [2025/03/20 16:47:39 ET]
Table 'Triangulum' 6-max Seat #1 is the button
Seat 1: imhungarian8 ($100 in chips) 
Seat 2: Elch ($170.43 in chips) 
Seat 3: gfp24 ($414.66 in chips) 
Seat 4: SitOnMoney ($102.86 in chips) 
Seat 5: Mahu2021 ($14.96 in chips) 
Seat 6: YouBetterFold11 ($122.91 in chips) 
Elch: posts small blind $0.50
gfp24: posts big blind $1
*** HOLE CARDS ***
Dealt to Mahu2021 [Js 3h]
SitOnMoney: folds 
Mahu2021: folds 
YouBetterFold11: folds 
imhungarian8: folds 
Elch: folds 
Uncalled bet ($0.50) returned to gfp24
gfp24 collected $1 from pot
gfp24: doesn't show hand 
*** SUMMARY ***
Total pot $1 | Rake $0 
Seat 1: imhungarian8 (button) folded before Flop (didn't bet)
Seat 2: Elch (small blind) folded before Flop
Seat 3: gfp24 (big blind) collected ($1)
Seat 4: SitOnMoney folded before Flop (didn't bet)
Seat 5: Mahu2021 folded before Flop (didn't bet)
Seat 6: YouBetterFold11 folded before Flop (didn't bet)



PokerStars Zoom Hand #255375437734:  Hold'em No Limit ($0.50/$1.00) - 2025/03/20 21:47:43 CET [2025/03/20 16:47:43 ET]
Table 'Triangulum' 6-max Seat #1 is the button
Seat 1: nidal55 ($70.01 in chips) 
Seat 2: SitOnMoney ($102.86 in chips) 
Seat 3: MrDevil_6666 ($104.20 in chips) 
Seat 4: tampakopoulo ($1052.68 in chips) 
Seat 5: Mahu2021 ($14.96 in chips) 
Seat 6: YouBetterFold11 ($104.22 in chips) 
SitOnMoney: posts small blind $0.50
MrDevil_6666: posts big blind $1
*** HOLE CARDS ***
Dealt to Mahu2021 [Tc 3s]
tampakopoulo: folds 
Mahu2021: folds 
YouBetterFold11: raises $1.50 to $2.50
nidal55: folds 
SitOnMoney: folds 
MrDevil_6666: folds 
Uncalled bet ($1.50) returned to YouBetterFold11
YouBetterFold11 collected $2.50 from pot
YouBetterFold11: doesn't show hand 
*** SUMMARY ***
Total pot $2.50 | Rake $0 
Seat 1: nidal55 (button) folded before Flop (didn't bet)
Seat 2: SitOnMoney (small blind) folded before Flop
Seat 3: MrDevil_6666 (big blind) folded before Flop
Seat 4: tampakopoulo folded before Flop (didn't bet)
Seat 5: Mahu2021 folded before Flop (didn't bet)
Seat 6: YouBetterFold11 collected ($2.50)



PokerStars Zoom Hand #255375435184:  Hold'em No Limit ($0.50/$1.00) - 2025/03/20 21:47:34 CET [2025/03/20 16:47:34 ET]
Table 'Triangulum' 6-max Seat #1 is the button
Seat 1: Stepooo ($103.15 in chips) 
Seat 2: gfp24 ($197.08 in chips) 
Seat 3: remid13 ($288.13 in chips) 
Seat 4: vivipige ($100.97 in chips) 
Seat 5: SitOnMoney ($102.86 in chips) 
Seat 6: Mahu2021 ($14.96 in chips) 
gfp24: posts small blind $0.50
remid13: posts big blind $1
*** HOLE CARDS ***
Dealt to Mahu2021 [8d Th]
vivipige: folds 
SitOnMoney: folds 
Mahu2021: folds 
Stepooo: raises $1.50 to $2.50
gfp24: raises $9 to $11.50
remid13: folds 
Stepooo: folds 
Uncalled bet ($9) returned to gfp24
gfp24 collected $6 from pot
gfp24: doesn't show hand 
*** SUMMARY ***
Total pot $6 | Rake $0 
Seat 1: Stepooo (button) folded before Flop
Seat 2: gfp24 (small blind) collected ($6)
Seat 3: remid13 (big blind) folded before Flop
Seat 4: vivipige folded before Flop (didn't bet)
Seat 5: SitOnMoney folded before Flop (didn't bet)
Seat 6: Mahu2021 folded before Flop (didn't bet)



PokerStars Zoom Hand #255375420702:  Hold'em No Limit ($0.50/$1.00) - 2025/03/20 21:46:45 CET [2025/03/20 16:46:45 ET]
Table 'Triangulum' 6-max Seat #1 is the button
Seat 1: imhungarian8 ($111.69 in chips) 
Seat 2: 22Turk22 ($100.50 in chips) 
Seat 3: Börns11777 ($51.29 in chips) 
Seat 4: Mahu2021 ($16.80 in chips) 
Seat 5: xxxZeka ($135.89 in chips) 
Seat 6: loko92a ($117.71 in chips) 
22Turk22: posts small blind $0.50
Börns11777: posts big blind $1
*** HOLE CARDS ***
Dealt to Mahu2021 [5d 8d]
Mahu2021: folds 
xxxZeka: folds 
loko92a: raises $2 to $3
imhungarian8: raises $6 to $9
22Turk22: folds 
Börns11777: folds 
loko92a: calls $6
*** FLOP *** [Qh 3d 2h]
loko92a: checks 
imhungarian8: bets $9.26
loko92a: calls $9.26
*** TURN *** [Qh 3d 2h] [7h]
loko92a: checks 
imhungarian8: bets $18.06
loko92a: calls $18.06
*** RIVER *** [Qh 3d 2h 7h] [3s]
loko92a: checks 
imhungarian8: bets $75.37 and is all-in
loko92a: folds 
Uncalled bet ($75.37) returned to imhungarian8
imhungarian8 collected $71.64 from pot
imhungarian8: doesn't show hand 
*** SUMMARY ***
Total pot $74.14 | Rake $2.50 
Board [Qh 3d 2h 7h 3s]
Seat 1: imhungarian8 (button) collected ($71.64)
Seat 2: 22Turk22 (small blind) folded before Flop
Seat 3: Börns11777 (big blind) folded before Flop
Seat 4: Mahu2021 folded before Flop (didn't bet)
Seat 5: xxxZeka folded before Flop (didn't bet)
Seat 6: loko92a folded on the River



PokerStars Zoom Hand #255375442465:  Hold'em No Limit ($0.50/$1.00) - 2025/03/20 21:47:59 CET [2025/03/20 16:47:59 ET]
Table 'Triangulum' 6-max Seat #1 is the button
Seat 1: gfp24 ($200.58 in chips) 
Seat 2: caseace123 ($357.09 in chips) 
Seat 3: tampakopoulo ($1052.68 in chips) 
Seat 4: Elch ($166.11 in chips) 
Seat 5: treds17 ($161.98 in chips) 
Seat 6: Mahu2021 ($14.46 in chips) 
caseace123: posts small blind $0.50
tampakopoulo: posts big blind $1
*** HOLE CARDS ***
Dealt to Mahu2021 [Kc 7d]
Elch: folds 
treds17: folds 
Mahu2021: folds 
gfp24: folds 
caseace123: folds 
Uncalled bet ($0.50) returned to tampakopoulo
tampakopoulo collected $1 from pot
tampakopoulo: doesn't show hand 
*** SUMMARY ***
Total pot $1 | Rake $0 
Seat 1: gfp24 (button) folded before Flop (didn't bet)
Seat 2: caseace123 (small blind) folded before Flop
Seat 3: tampakopoulo (big blind) collected ($1)
Seat 4: Elch folded before Flop (didn't bet)
Seat 5: treds17 folded before Flop (didn't bet)
Seat 6: Mahu2021 folded before Flop (didn't bet)



PokerStars Zoom Hand #255375440150:  Hold'em No Limit ($0.50/$1.00) - 2025/03/20 21:47:51 CET [2025/03/20 16:47:51 ET]
Table 'Triangulum' 6-max Seat #1 is the button
Seat 1: SitOnMoney ($102.36 in chips) 
Seat 2: Mahu2021 ($14.96 in chips) 
Seat 3: nidal55 ($70.01 in chips) 
Seat 4: Elch ($166.11 in chips) 
Seat 5: bubbles1155 ($100.28 in chips) 
Seat 6: treds17 ($161.98 in chips) 
Mahu2021: posts small blind $0.50
nidal55: posts big blind $1
*** HOLE CARDS ***
Dealt to Mahu2021 [6d 8s]
Elch: folds 
bubbles1155: folds 
treds17: folds 
SitOnMoney: raises $1.20 to $2.20
Mahu2021: folds 
nidal55: calls $1.20
*** FLOP *** [2s 6h Ac]
nidal55: checks 
SitOnMoney: checks 
*** TURN *** [2s 6h Ac] [2d]
nidal55: bets $3.26
SitOnMoney: folds 
Uncalled bet ($3.26) returned to nidal55
nidal55 collected $4.66 from pot
nidal55: doesn't show hand 
*** SUMMARY ***
Total pot $4.90 | Rake $0.24 
Board [2s 6h Ac 2d]
Seat 1: SitOnMoney (button) folded on the Turn
Seat 2: Mahu2021 (small blind) folded before Flop
Seat 3: nidal55 (big blind) collected ($4.66)
Seat 4: Elch folded before Flop (didn't bet)
Seat 5: bubbles1155 folded before Flop (didn't bet)
Seat 6: treds17 folded before Flop (didn't bet)



PokerStars Zoom Hand #255375443359:  Hold'em No Limit ($0.50/$1.00) - 2025/03/20 21:48:02 CET [2025/03/20 16:48:02 ET]
Table 'Triangulum' 6-max Seat #1 is the button
Seat 1: caseace123 ($356.59 in chips) 
Seat 2: bubbles1155 ($100.28 in chips) 
Seat 3: Mahu2021 ($14.46 in chips) 
Seat 4: xxxZeka ($132.89 in chips) 
Seat 5: remid13 ($146.67 in chips) 
Seat 6: Lucastitos ($100 in chips) 
bubbles1155: posts small blind $0.50
Mahu2021: posts big blind $1
*** HOLE CARDS ***
Dealt to Mahu2021 [Js Ad]
xxxZeka: folds 
remid13: raises $1.50 to $2.50
Lucastitos: folds 
caseace123: folds 
bubbles1155: folds 
Mahu2021: raises $11.96 to $14.46 and is all-in
remid13: calls $11.96
*** FLOP *** [3h Ks 8c]
*** TURN *** [3h Ks 8c] [8s]
*** RIVER *** [3h Ks 8c 8s] [Qc]
*** SHOW DOWN ***
Mahu2021: shows [Js Ad] (a pair of Eights)
remid13: shows [5h 5s] (two pair, Eights and Fives)
remid13 collected $27.95 from pot
*** SUMMARY ***
Total pot $29.42 | Rake $1.47 
Board [3h Ks 8c 8s Qc]
Seat 1: caseace123 (button) folded before Flop (didn't bet)
Seat 2: bubbles1155 (small blind) folded before Flop
Seat 3: Mahu2021 (big blind) showed [Js Ad] and lost with a pair of Eights
Seat 4: xxxZeka folded before Flop (didn't bet)
Seat 5: remid13 showed [5h 5s] and won ($27.95) with two pair, Eights and Fives
Seat 6: Lucastitos folded before Flop (didn't bet)



PokerStars Zoom Hand #255375441616:  Hold'em No Limit ($0.50/$1.00) - 2025/03/20 21:47:56 CET [2025/03/20 16:47:56 ET]
Table 'Triangulum' 6-max Seat #1 is the button
Seat 1: Mahu2021 ($14.46 in chips) 
Seat 2: MrDevil_6666 ($103.20 in chips) 
Seat 3: imhungarian8 ($100 in chips) 
Seat 4: treds17 ($161.98 in chips) 
Seat 5: Stepooo ($100.65 in chips) 
Seat 6: CichiChanMarian ($105.02 in chips) 
MrDevil_6666: posts small blind $0.50
imhungarian8: posts big blind $1
*** HOLE CARDS ***
Dealt to Mahu2021 [4h 9c]
treds17: folds 
Stepooo: folds 
CichiChanMarian: folds 
Mahu2021: folds 
MrDevil_6666: raises $2 to $3
imhungarian8: raises $7 to $10
MrDevil_6666: raises $21 to $31
imhungarian8: folds 
Uncalled bet ($21) returned to MrDevil_6666
MrDevil_6666 collected $20 from pot
MrDevil_6666: doesn't show hand 
*** SUMMARY ***
Total pot $20 | Rake $0 
Seat 1: Mahu2021 (button) folded before Flop (didn't bet)
Seat 2: MrDevil_6666 (small blind) collected ($20)
Seat 3: imhungarian8 (big blind) folded before Flop
Seat 4: treds17 folded before Flop (didn't bet)
Seat 5: Stepooo folded before Flop (didn't bet)
Seat 6: CichiChanMarian folded before Flop (didn't bet)



