PokerStars Zoom Hand #255450887386:  Hold'em No Limit ($0.10/$0.25) - 2025/03/25 21:38:15 CET [2025/03/25 16:38:15 ET]
Table 'Hydra' 6-max Seat #1 is the button
Seat 1: Twink00 ($26.49 in chips) 
Seat 2: gmansilva ($38.42 in chips) 
Seat 3: Mahu2021 ($21.84 in chips) 
Seat 4: JustSay-nh ($25 in chips) 
Seat 5: blindprotector ($25 in chips) 
Seat 6: Wag1Wasteman ($80.89 in chips) 
gmansilva: posts small blind $0.10
Mahu2021: posts big blind $0.25
*** HOLE CARDS ***
Dealt to Mahu2021 [Js Qs]
gmansilva is disconnected 
JustSay-nh: folds 
blindprotector: folds 
Wag1Wasteman: folds 
Twink00: folds 
gmansilva has timed out while disconnected
gmansilva: folds 
Uncalled bet ($0.15) returned to Mahu2021
Mahu2021 collected $0.20 from pot
Mahu2021: doesn't show hand 
*** SUMMARY ***
Total pot $0.20 | Rake $0 
Seat 1: Twink00 (button) folded before Flop (didn't bet)
Seat 2: gmansilva (small blind) folded before Flop
Seat 3: Mahu2021 (big blind) collected ($0.20)
Seat 4: JustSay-nh folded before Flop (didn't bet)
Seat 5: blindprotector folded before Flop (didn't bet)
Seat 6: Wag1Wasteman folded before Flop (didn't bet)



PokerStars Zoom Hand #255450895689:  Hold'em No Limit ($0.10/$0.25) - 2025/03/25 21:38:42 CET [2025/03/25 16:38:42 ET]
Table 'Hydra' 6-max Seat #1 is the button
Seat 1: Mahu2021 ($21.94 in chips) 
Seat 2: Paha leshi ($43.77 in chips) 
Seat 3: sssehc ($25 in chips) 
Seat 4: LUC1NhO ($45 in chips) 
Seat 5: JustSay-nh ($26.26 in chips) 
Seat 6: xJackalope ($25.99 in chips) 
Paha leshi: posts small blind $0.10
sssehc: posts big blind $0.25
*** HOLE CARDS ***
Dealt to Mahu2021 [Jh 8c]
LUC1NhO: folds 
JustSay-nh: folds 
xJackalope: raises $0.37 to $0.62
Mahu2021: folds 
Paha leshi: folds 
sssehc: folds 
Uncalled bet ($0.37) returned to xJackalope
xJackalope collected $0.60 from pot
xJackalope: doesn't show hand 
*** SUMMARY ***
Total pot $0.60 | Rake $0 
Seat 1: Mahu2021 (button) folded before Flop (didn't bet)
Seat 2: Paha leshi (small blind) folded before Flop
Seat 3: sssehc (big blind) folded before Flop
Seat 4: LUC1NhO folded before Flop (didn't bet)
Seat 5: JustSay-nh folded before Flop (didn't bet)
Seat 6: xJackalope collected ($0.60)



PokerStars Zoom Hand #255450896631:  Hold'em No Limit ($0.10/$0.25) - 2025/03/25 21:38:45 CET [2025/03/25 16:38:45 ET]
Table 'Hydra' 6-max Seat #1 is the button
Seat 1: marosthebest ($76.19 in chips) 
Seat 2: Mahu2021 ($21.94 in chips) 
Seat 3: LUC1NhO ($45 in chips) 
Seat 4: kapvas ($20.01 in chips) 
Seat 5: hesus78 ($61.74 in chips) 
Seat 6: Twink00 ($26.24 in chips) 
Mahu2021: posts small blind $0.10
LUC1NhO: posts big blind $0.25
*** HOLE CARDS ***
Dealt to Mahu2021 [7c 5h]
kapvas: folds 
hesus78: folds 
Twink00: folds 
marosthebest: folds 
Mahu2021: folds 
Uncalled bet ($0.15) returned to LUC1NhO
LUC1NhO collected $0.20 from pot
LUC1NhO: doesn't show hand 
*** SUMMARY ***
Total pot $0.20 | Rake $0 
Seat 1: marosthebest (button) folded before Flop (didn't bet)
Seat 2: Mahu2021 (small blind) folded before Flop
Seat 3: LUC1NhO (big blind) collected ($0.20)
Seat 4: kapvas folded before Flop (didn't bet)
Seat 5: hesus78 folded before Flop (didn't bet)
Seat 6: Twink00 folded before Flop (didn't bet)



PokerStars Zoom Hand #255450898076:  Hold'em No Limit ($0.10/$0.25) - 2025/03/25 21:38:50 CET [2025/03/25 16:38:50 ET]
Table 'Hydra' 6-max Seat #1 is the button
Seat 1: Dayasael ($56.24 in chips) 
Seat 2: kapvas ($20.01 in chips) 
Seat 3: knerrad29 ($38.35 in chips) 
Seat 4: mativan ($24.88 in chips) 
Seat 5: Mahu2021 ($21.84 in chips) 
Seat 6: benyie ($25.37 in chips) 
kapvas: posts small blind $0.10
knerrad29: posts big blind $0.25
*** HOLE CARDS ***
Dealt to Mahu2021 [Ts Jh]
mativan: folds 
Mahu2021: folds 
benyie: folds 
Dayasael: folds 
kapvas: raises $0.50 to $0.75
knerrad29: raises $1.55 to $2.30
kapvas: folds 
Uncalled bet ($1.55) returned to knerrad29
knerrad29 collected $1.50 from pot
knerrad29: doesn't show hand 
*** SUMMARY ***
Total pot $1.50 | Rake $0 
Seat 1: Dayasael (button) folded before Flop (didn't bet)
Seat 2: kapvas (small blind) folded before Flop
Seat 3: knerrad29 (big blind) collected ($1.50)
Seat 4: mativan folded before Flop (didn't bet)
Seat 5: Mahu2021 folded before Flop (didn't bet)
Seat 6: benyie folded before Flop (didn't bet)



PokerStars Zoom Hand #255450899576:  Hold'em No Limit ($0.10/$0.25) - 2025/03/25 21:38:55 CET [2025/03/25 16:38:55 ET]
Table 'Hydra' 6-max Seat #1 is the button
Seat 1: GuigaMan ($25 in chips) 
Seat 2: LUC1NhO ($45.10 in chips) 
Seat 3: xJackalope ($25 in chips) 
Seat 4: Franceyyyy ($25.35 in chips) 
Seat 5: wasq001 ($49.62 in chips) 
Seat 6: Mahu2021 ($21.84 in chips) 
LUC1NhO: posts small blind $0.10
xJackalope: posts big blind $0.25
*** HOLE CARDS ***
Dealt to Mahu2021 [Th 6d]
Franceyyyy: folds 
wasq001: folds 
Mahu2021: folds 
GuigaMan: raises $0.31 to $0.56
LUC1NhO: folds 
xJackalope: folds 
Uncalled bet ($0.31) returned to GuigaMan
GuigaMan collected $0.60 from pot
GuigaMan: doesn't show hand 
*** SUMMARY ***
Total pot $0.60 | Rake $0 
Seat 1: GuigaMan (button) collected ($0.60)
Seat 2: LUC1NhO (small blind) folded before Flop
Seat 3: xJackalope (big blind) folded before Flop
Seat 4: Franceyyyy folded before Flop (didn't bet)
Seat 5: wasq001 folded before Flop (didn't bet)
Seat 6: Mahu2021 folded before Flop (didn't bet)



PokerStars Zoom Hand #255450911126:  Hold'em No Limit ($0.10/$0.25) - 2025/03/25 21:39:33 CET [2025/03/25 16:39:33 ET]
Table 'Hydra' 6-max Seat #1 is the button
Seat 1: NaomiBelfort ($30.24 in chips) 
Seat 2: blindprotector ($28.22 in chips) 
Seat 3: Mahu2021 ($21.31 in chips) 
Seat 4: Nemoo88 ($24.75 in chips) 
Seat 5: bcflaw ($25 in chips) 
Seat 6: brsbrs2015 ($19.40 in chips) 
blindprotector: posts small blind $0.10
Mahu2021: posts big blind $0.25
*** HOLE CARDS ***
Dealt to Mahu2021 [Th 3s]
Nemoo88: folds 
bcflaw: raises $0.31 to $0.56
brsbrs2015: folds 
NaomiBelfort: folds 
blindprotector: folds 
Mahu2021: folds 
Uncalled bet ($0.31) returned to bcflaw
bcflaw collected $0.60 from pot
bcflaw: doesn't show hand 
*** SUMMARY ***
Total pot $0.60 | Rake $0 
Seat 1: NaomiBelfort (button) folded before Flop (didn't bet)
Seat 2: blindprotector (small blind) folded before Flop
Seat 3: Mahu2021 (big blind) folded before Flop
Seat 4: Nemoo88 folded before Flop (didn't bet)
Seat 5: bcflaw collected ($0.60)
Seat 6: brsbrs2015 folded before Flop (didn't bet)



PokerStars Zoom Hand #255450900657:  Hold'em No Limit ($0.10/$0.25) - 2025/03/25 21:38:59 CET [2025/03/25 16:38:59 ET]
Table 'Hydra' 6-max Seat #1 is the button
Seat 1: NotNuttedOnT87 ($26.16 in chips) 
Seat 2: sssehc ($25 in chips) 
Seat 3: wasq001 ($49.62 in chips) 
Seat 4: NaomiBelfort ($73.48 in chips) 
Seat 5: Mahu2021 ($21.84 in chips) 
Seat 6: shizlebid ($21.14 in chips) 
sssehc: posts small blind $0.10
wasq001: posts big blind $0.25
*** HOLE CARDS ***
Dealt to Mahu2021 [Jc Kd]
NaomiBelfort: raises $0.28 to $0.53
Mahu2021: calls $0.53
shizlebid has timed out
shizlebid: folds 
NotNuttedOnT87: folds 
sssehc: folds 
wasq001: raises $2.03 to $2.56
NaomiBelfort: raises $6.04 to $8.60
Mahu2021: folds 
wasq001: folds 
Uncalled bet ($6.04) returned to NaomiBelfort
NaomiBelfort collected $5.75 from pot
NaomiBelfort: doesn't show hand 
*** SUMMARY ***
Total pot $5.75 | Rake $0 
Seat 1: NotNuttedOnT87 (button) folded before Flop (didn't bet)
Seat 2: sssehc (small blind) folded before Flop
Seat 3: wasq001 (big blind) folded before Flop
Seat 4: NaomiBelfort collected ($5.75)
Seat 5: Mahu2021 folded before Flop
Seat 6: shizlebid folded before Flop (didn't bet)



PokerStars Zoom Hand #255450914915:  Hold'em No Limit ($0.10/$0.25) - 2025/03/25 21:39:46 CET [2025/03/25 16:39:46 ET]
Table 'Hydra' 6-max Seat #1 is the button
Seat 1: houlichan ($28.80 in chips) 
Seat 2: l'm Sound ($25.35 in chips) 
Seat 3: alexandro385738 ($77.76 in chips) 
Seat 4: Sincere_DS ($24.75 in chips) 
Seat 5: xJackalope ($29.10 in chips) 
Seat 6: Mahu2021 ($20.96 in chips) 
l'm Sound: posts small blind $0.10
alexandro385738: posts big blind $0.25
*** HOLE CARDS ***
Dealt to Mahu2021 [As 7d]
Sincere_DS: raises $0.31 to $0.56
xJackalope: folds 
Mahu2021: folds 
houlichan: folds 
l'm Sound: folds 
alexandro385738: folds 
Uncalled bet ($0.31) returned to Sincere_DS
Sincere_DS collected $0.60 from pot
Sincere_DS: doesn't show hand 
*** SUMMARY ***
Total pot $0.60 | Rake $0 
Seat 1: houlichan (button) folded before Flop (didn't bet)
Seat 2: l'm Sound (small blind) folded before Flop
Seat 3: alexandro385738 (big blind) folded before Flop
Seat 4: Sincere_DS collected ($0.60)
Seat 5: xJackalope folded before Flop (didn't bet)
Seat 6: Mahu2021 folded before Flop (didn't bet)



PokerStars Zoom Hand #255450912802:  Hold'em No Limit ($0.10/$0.25) - 2025/03/25 21:39:39 CET [2025/03/25 16:39:39 ET]
Table 'Hydra' 6-max Seat #1 is the button
Seat 1: marosthebest ($58.77 in chips) 
Seat 2: Mahu2021 ($21.06 in chips) 
Seat 3: chirak1982 ($14.61 in chips) 
Seat 4: Vks333555 ($33.65 in chips) 
Seat 5: houlichan ($28.80 in chips) 
Seat 6: julpuj ($23.93 in chips) 
Mahu2021: posts small blind $0.10
chirak1982: posts big blind $0.25
*** HOLE CARDS ***
Dealt to Mahu2021 [8s Ks]
Vks333555: raises $0.60 to $0.85
houlichan: folds 
julpuj: calls $0.85
marosthebest: folds 
Mahu2021: folds 
chirak1982: folds 
*** FLOP *** [7c 6d 3s]
Vks333555: bets $1.96
julpuj: calls $1.96
*** TURN *** [7c 6d 3s] [Jc]
Vks333555: bets $5.70
julpuj: folds 
Uncalled bet ($5.70) returned to Vks333555
Vks333555 collected $5.70 from pot
Vks333555: doesn't show hand 
*** SUMMARY ***
Total pot $5.97 | Rake $0.27 
Board [7c 6d 3s Jc]
Seat 1: marosthebest (button) folded before Flop (didn't bet)
Seat 2: Mahu2021 (small blind) folded before Flop
Seat 3: chirak1982 (big blind) folded before Flop
Seat 4: Vks333555 collected ($5.70)
Seat 5: houlichan folded before Flop (didn't bet)
Seat 6: julpuj folded on the Turn



PokerStars Zoom Hand #255450916774:  Hold'em No Limit ($0.10/$0.25) - 2025/03/25 21:39:52 CET [2025/03/25 16:39:52 ET]
Table 'Hydra' 6-max Seat #1 is the button
Seat 1: YouBetterFold11 ($46.67 in chips) 
Seat 2: chirak1982 ($12.85 in chips) 
Seat 3: Mahu2021 ($20.96 in chips) 
Seat 4: wasq001 ($47.06 in chips) 
Seat 5: 1Lish ($26.83 in chips) 
Seat 6: VitorArj ($25 in chips) 
chirak1982: posts small blind $0.10
Mahu2021: posts big blind $0.25
*** HOLE CARDS ***
Dealt to Mahu2021 [9h 2s]
wasq001: folds 
1Lish: folds 
VitorArj: folds 
YouBetterFold11: raises $0.35 to $0.60
chirak1982: folds 
Mahu2021: folds 
Uncalled bet ($0.35) returned to YouBetterFold11
YouBetterFold11 collected $0.60 from pot
YouBetterFold11: doesn't show hand 
*** SUMMARY ***
Total pot $0.60 | Rake $0 
Seat 1: YouBetterFold11 (button) collected ($0.60)
Seat 2: chirak1982 (small blind) folded before Flop
Seat 3: Mahu2021 (big blind) folded before Flop
Seat 4: wasq001 folded before Flop (didn't bet)
Seat 5: 1Lish folded before Flop (didn't bet)
Seat 6: VitorArj folded before Flop (didn't bet)



PokerStars Zoom Hand #255450919495:  Hold'em No Limit ($0.10/$0.25) - 2025/03/25 21:40:01 CET [2025/03/25 16:40:01 ET]
Table 'Hydra' 6-max Seat #1 is the button
Seat 1: l'm Sound ($25.56 in chips) 
Seat 2: NaomiBelfort ($39.60 in chips) 
Seat 3: bcflaw ($25 in chips) 
Seat 4: Twink00 ($25 in chips) 
Seat 5: Mahu2021 ($20.71 in chips) 
Seat 6: rokk10 ($37.33 in chips) 
NaomiBelfort: posts small blind $0.10
bcflaw: posts big blind $0.25
*** HOLE CARDS ***
Dealt to Mahu2021 [Qc 2s]
Twink00: folds 
Mahu2021: folds 
rokk10: folds 
l'm Sound: folds 
NaomiBelfort: folds 
Uncalled bet ($0.15) returned to bcflaw
bcflaw collected $0.20 from pot
bcflaw: doesn't show hand 
*** SUMMARY ***
Total pot $0.20 | Rake $0 
Seat 1: l'm Sound (button) folded before Flop (didn't bet)
Seat 2: NaomiBelfort (small blind) folded before Flop
Seat 3: bcflaw (big blind) collected ($0.20)
Seat 4: Twink00 folded before Flop (didn't bet)
Seat 5: Mahu2021 folded before Flop (didn't bet)
Seat 6: rokk10 folded before Flop (didn't bet)



PokerStars Zoom Hand #255450913809:  Hold'em No Limit ($0.10/$0.25) - 2025/03/25 21:39:42 CET [2025/03/25 16:39:42 ET]
Table 'Hydra' 6-max Seat #1 is the button
Seat 1: Mahu2021 ($20.96 in chips) 
Seat 2: marosthebest ($58.77 in chips) 
Seat 3: NaomiBelfort ($46.31 in chips) 
Seat 4: DannyLennon ($95.09 in chips) 
Seat 5: ruffhund1 ($52.79 in chips) 
Seat 6: rokk10 ($31.09 in chips) 
marosthebest: posts small blind $0.10
NaomiBelfort: posts big blind $0.25
*** HOLE CARDS ***
Dealt to Mahu2021 [2h 8h]
DannyLennon: folds 
ruffhund1: folds 
rokk10: folds 
Mahu2021: folds 
marosthebest: raises $0.50 to $0.75
NaomiBelfort: raises $1.50 to $2.25
marosthebest: calls $1.50
*** FLOP *** [Ts Qs 2s]
marosthebest: checks 
NaomiBelfort: checks 
*** TURN *** [Ts Qs 2s] [Qd]
marosthebest: bets $2.60
NaomiBelfort: folds 
Uncalled bet ($2.60) returned to marosthebest
marosthebest collected $4.30 from pot
marosthebest: doesn't show hand 
*** SUMMARY ***
Total pot $4.50 | Rake $0.20 
Board [Ts Qs 2s Qd]
Seat 1: Mahu2021 (button) folded before Flop (didn't bet)
Seat 2: marosthebest (small blind) collected ($4.30)
Seat 3: NaomiBelfort (big blind) folded on the Turn
Seat 4: DannyLennon folded before Flop (didn't bet)
Seat 5: ruffhund1 folded before Flop (didn't bet)
Seat 6: rokk10 folded before Flop (didn't bet)



PokerStars Zoom Hand #255450922138:  Hold'em No Limit ($0.10/$0.25) - 2025/03/25 21:40:10 CET [2025/03/25 16:40:10 ET]
Table 'Hydra' 6-max Seat #1 is the button
Seat 1: rokk10 ($30.84 in chips) 
Seat 2: xJackalope ($25 in chips) 
Seat 3: luckman117 ($12.50 in chips) 
Seat 4: Mahu2021 ($20.61 in chips) 
Seat 5: YouBetterFold11 ($47.02 in chips) 
Seat 6: bcflaw ($25.10 in chips) 
xJackalope: posts small blind $0.10
luckman117: posts big blind $0.25
*** HOLE CARDS ***
Dealt to Mahu2021 [Tc 8d]
Mahu2021: folds 
YouBetterFold11: folds 
bcflaw: folds 
rokk10: raises $0.50 to $0.75
xJackalope: folds 
luckman117: folds 
Uncalled bet ($0.50) returned to rokk10
rokk10 collected $0.60 from pot
rokk10: doesn't show hand 
*** SUMMARY ***
Total pot $0.60 | Rake $0 
Seat 1: rokk10 (button) collected ($0.60)
Seat 2: xJackalope (small blind) folded before Flop
Seat 3: luckman117 (big blind) folded before Flop
Seat 4: Mahu2021 folded before Flop (didn't bet)
Seat 5: YouBetterFold11 folded before Flop (didn't bet)
Seat 6: bcflaw folded before Flop (didn't bet)



PokerStars Zoom Hand #255450923240:  Hold'em No Limit ($0.10/$0.25) - 2025/03/25 21:40:14 CET [2025/03/25 16:40:14 ET]
Table 'Hydra' 6-max Seat #1 is the button
Seat 1: Mahu2021 ($20.61 in chips) 
Seat 2: krillmaestrose ($24.83 in chips) 
Seat 3: Twink00 ($25 in chips) 
Seat 4: nerd90481 ($47.42 in chips) 
Seat 5: rokk10 ($37.33 in chips) 
Seat 6: pd159 ($35.46 in chips) 
krillmaestrose: posts small blind $0.10
Twink00: posts big blind $0.25
*** HOLE CARDS ***
Dealt to Mahu2021 [2c Tc]
nerd90481: folds 
rokk10: raises $0.50 to $0.75
pd159: folds 
Mahu2021: folds 
krillmaestrose: folds 
Twink00: folds 
Uncalled bet ($0.50) returned to rokk10
rokk10 collected $0.60 from pot
rokk10: doesn't show hand 
*** SUMMARY ***
Total pot $0.60 | Rake $0 
Seat 1: Mahu2021 (button) folded before Flop (didn't bet)
Seat 2: krillmaestrose (small blind) folded before Flop
Seat 3: Twink00 (big blind) folded before Flop
Seat 4: nerd90481 folded before Flop (didn't bet)
Seat 5: rokk10 collected ($0.60)
Seat 6: pd159 folded before Flop (didn't bet)



PokerStars Zoom Hand #255450924018:  Hold'em No Limit ($0.10/$0.25) - 2025/03/25 21:40:16 CET [2025/03/25 16:40:16 ET]
Table 'Hydra' 6-max Seat #1 is the button
Seat 1: bcflaw ($25.10 in chips) 
Seat 2: luckman117 ($14.40 in chips) 
Seat 3: Cardemonix ($13.46 in chips) 
Seat 4: Franceyyyy ($29.13 in chips) 
Seat 5: brsbrs2015 ($19.15 in chips) 
Seat 6: Mahu2021 ($20.61 in chips) 
luckman117: posts small blind $0.10
Cardemonix: posts big blind $0.25
*** HOLE CARDS ***
Dealt to Mahu2021 [Js Ts]
Franceyyyy: raises $0.37 to $0.62
brsbrs2015: folds 
Mahu2021: calls $0.62
bcflaw: folds 
luckman117: folds 
Cardemonix: calls $0.37
*** FLOP *** [Qd Qs 2d]
Cardemonix: checks 
Franceyyyy: bets $0.61
Mahu2021: folds 
Cardemonix: folds 
Uncalled bet ($0.61) returned to Franceyyyy
Franceyyyy collected $1.87 from pot
Franceyyyy: doesn't show hand 
*** SUMMARY ***
Total pot $1.96 | Rake $0.09 
Board [Qd Qs 2d]
Seat 1: bcflaw (button) folded before Flop (didn't bet)
Seat 2: luckman117 (small blind) folded before Flop
Seat 3: Cardemonix (big blind) folded on the Flop
Seat 4: Franceyyyy collected ($1.87)
Seat 5: brsbrs2015 folded before Flop (didn't bet)
Seat 6: Mahu2021 folded on the Flop



PokerStars Zoom Hand #255450928783:  Hold'em No Limit ($0.10/$0.25) - 2025/03/25 21:40:32 CET [2025/03/25 16:40:32 ET]
Table 'Hydra' 6-max Seat #1 is the button
Seat 1: Wag1Wasteman ($83.18 in chips) 
Seat 2: blindprotector ($25.98 in chips) 
Seat 3: HeabuxTo ($25 in chips) 
Seat 4: Mahu2021 ($19.99 in chips) 
Seat 5: redsy22 ($25.66 in chips) 
Seat 6: xJackalope ($25.58 in chips) 
blindprotector: posts small blind $0.10
HeabuxTo: posts big blind $0.25
*** HOLE CARDS ***
Dealt to Mahu2021 [8s 9s]
Mahu2021: raises $0.35 to $0.60
redsy22: folds 
xJackalope: folds 
Wag1Wasteman: folds 
blindprotector: folds 
HeabuxTo: raises $2.40 to $3
Mahu2021: calls $2.40
*** FLOP *** [Ah 5d Ad]
HeabuxTo: bets $1.46
Mahu2021: calls $1.46
*** TURN *** [Ah 5d Ad] [As]
HeabuxTo: bets $2.58
Mahu2021: folds 
Uncalled bet ($2.58) returned to HeabuxTo
HeabuxTo collected $8.61 from pot
HeabuxTo: doesn't show hand 
*** SUMMARY ***
Total pot $9.02 | Rake $0.41 
Board [Ah 5d Ad As]
Seat 1: Wag1Wasteman (button) folded before Flop (didn't bet)
Seat 2: blindprotector (small blind) folded before Flop
Seat 3: HeabuxTo (big blind) collected ($8.61)
Seat 4: Mahu2021 folded on the Turn
Seat 5: redsy22 folded before Flop (didn't bet)
Seat 6: xJackalope folded before Flop (didn't bet)



PokerStars Zoom Hand #255450944076:  Hold'em No Limit ($0.10/$0.25) - 2025/03/25 21:41:23 CET [2025/03/25 16:41:23 ET]
Table 'Hydra' 6-max Seat #1 is the button
Seat 1: 1Lish ($26.48 in chips) 
Seat 2: Mahu2021 ($15.28 in chips) 
Seat 3: Dayasael ($27.30 in chips) 
Seat 4: JustSay-nh ($35.13 in chips) 
Seat 5: HeabuxTo ($25.28 in chips) 
Seat 6: l'm Sound ($25 in chips) 
Mahu2021: posts small blind $0.10
Dayasael: posts big blind $0.25
*** HOLE CARDS ***
Dealt to Mahu2021 [3h 5d]
JustSay-nh: folds 
HeabuxTo: folds 
l'm Sound: folds 
1Lish: folds 
Mahu2021: folds 
Uncalled bet ($0.15) returned to Dayasael
Dayasael collected $0.20 from pot
Dayasael: doesn't show hand 
*** SUMMARY ***
Total pot $0.20 | Rake $0 
Seat 1: 1Lish (button) folded before Flop (didn't bet)
Seat 2: Mahu2021 (small blind) folded before Flop
Seat 3: Dayasael (big blind) collected ($0.20)
Seat 4: JustSay-nh folded before Flop (didn't bet)
Seat 5: HeabuxTo folded before Flop (didn't bet)
Seat 6: l'm Sound folded before Flop (didn't bet)



PokerStars Zoom Hand #255450920954:  Hold'em No Limit ($0.10/$0.25) - 2025/03/25 21:40:06 CET [2025/03/25 16:40:06 ET]
Table 'Hydra' 6-max Seat #1 is the button
Seat 1: anders54 ($27.37 in chips) 
Seat 2: Mahu2021 ($20.71 in chips) 
Seat 3: scott6991 ($25 in chips) 
Seat 4: l'm Sound ($27.63 in chips) 
Seat 5: 1Lish ($26.83 in chips) 
Seat 6: benyie ($25.15 in chips) 
Mahu2021: posts small blind $0.10
scott6991: posts big blind $0.25
*** HOLE CARDS ***
Dealt to Mahu2021 [4c 5s]
l'm Sound: folds 
1Lish: folds 
benyie: raises $0.25 to $0.50
anders54: folds 
Mahu2021: folds 
scott6991: calls $0.25
*** FLOP *** [8c 4d Jd]
scott6991: checks 
benyie: bets $0.42
scott6991: calls $0.42
*** TURN *** [8c 4d Jd] [8d]
scott6991: checks 
benyie: checks 
*** RIVER *** [8c 4d Jd 8d] [Qd]
scott6991: bets $1.76
benyie: raises $3.82 to $5.58
scott6991: folds 
Uncalled bet ($3.82) returned to benyie
benyie collected $5.21 from pot
benyie: doesn't show hand 
*** SUMMARY ***
Total pot $5.46 | Rake $0.25 
Board [8c 4d Jd 8d Qd]
Seat 1: anders54 (button) folded before Flop (didn't bet)
Seat 2: Mahu2021 (small blind) folded before Flop
Seat 3: scott6991 (big blind) folded on the River
Seat 4: l'm Sound folded before Flop (didn't bet)
Seat 5: 1Lish folded before Flop (didn't bet)
Seat 6: benyie collected ($5.21)



PokerStars Zoom Hand #255450938063:  Hold'em No Limit ($0.10/$0.25) - 2025/03/25 21:41:03 CET [2025/03/25 16:41:03 ET]
Table 'Hydra' 6-max Seat #1 is the button
Seat 1: Twink00 ($25.35 in chips) 
Seat 2: brsbrs2015 ($19.15 in chips) 
Seat 3: Mahu2021 ($15.53 in chips) 
Seat 4: bcflaw ($25.61 in chips) 
Seat 5: Dayasael ($53.51 in chips) 
Seat 6: Wag1Wasteman ($82.83 in chips) 
brsbrs2015: posts small blind $0.10
Mahu2021: posts big blind $0.25
*** HOLE CARDS ***
Dealt to Mahu2021 [6d Jh]
bcflaw: folds 
Dayasael: folds 
Wag1Wasteman: folds 
Twink00: raises $0.37 to $0.62
brsbrs2015: calls $0.52
Mahu2021: folds 
*** FLOP *** [Tc 4c Ah]
brsbrs2015: checks 
Twink00: bets $0.50
brsbrs2015: calls $0.50
*** TURN *** [Tc 4c Ah] [4s]
brsbrs2015: checks 
Twink00: checks 
*** RIVER *** [Tc 4c Ah 4s] [8s]
brsbrs2015: checks 
Twink00: checks 
*** SHOW DOWN ***
brsbrs2015: shows [Qh Ks] (a pair of Fours)
Twink00: mucks hand 
brsbrs2015 collected $2.38 from pot
*** SUMMARY ***
Total pot $2.49 | Rake $0.11 
Board [Tc 4c Ah 4s 8s]
Seat 1: Twink00 (button) mucked [9d Kd]
Seat 2: brsbrs2015 (small blind) showed [Qh Ks] and won ($2.38) with a pair of Fours
Seat 3: Mahu2021 (big blind) folded before Flop
Seat 4: bcflaw folded before Flop (didn't bet)
Seat 5: Dayasael folded before Flop (didn't bet)
Seat 6: Wag1Wasteman folded before Flop (didn't bet)



PokerStars Zoom Hand #255450942839:  Hold'em No Limit ($0.10/$0.25) - 2025/03/25 21:41:19 CET [2025/03/25 16:41:19 ET]
Table 'Hydra' 6-max Seat #1 is the button
Seat 1: GreeceMeUp ($106.66 in chips) 
Seat 2: sunka ($26.31 in chips) 
Seat 3: O111AHA ($21.50 in chips) 
Seat 4: Mahu2021 ($15.28 in chips) 
Seat 5: JustSay-nh ($35.13 in chips) 
Seat 6: Dayasael ($27.30 in chips) 
sunka: posts small blind $0.10
O111AHA: posts big blind $0.25
*** HOLE CARDS ***
Dealt to Mahu2021 [7d 2s]
Mahu2021: folds 
JustSay-nh: folds 
Dayasael: folds 
GreeceMeUp: raises $0.37 to $0.62
sunka: folds 
O111AHA: calls $0.37
*** FLOP *** [9d 8h Qs]
O111AHA: checks 
GreeceMeUp: checks 
*** TURN *** [9d 8h Qs] [Qh]
O111AHA: checks 
GreeceMeUp: checks 
*** RIVER *** [9d 8h Qs Qh] [4s]
O111AHA: checks 
GreeceMeUp: bets $0.52
O111AHA: folds 
Uncalled bet ($0.52) returned to GreeceMeUp
GreeceMeUp collected $1.28 from pot
GreeceMeUp: doesn't show hand 
*** SUMMARY ***
Total pot $1.34 | Rake $0.06 
Board [9d 8h Qs Qh 4s]
Seat 1: GreeceMeUp (button) collected ($1.28)
Seat 2: sunka (small blind) folded before Flop
Seat 3: O111AHA (big blind) folded on the River
Seat 4: Mahu2021 folded before Flop (didn't bet)
Seat 5: JustSay-nh folded before Flop (didn't bet)
Seat 6: Dayasael folded before Flop (didn't bet)



PokerStars Zoom Hand #255450945240:  Hold'em No Limit ($0.10/$0.25) - 2025/03/25 21:41:27 CET [2025/03/25 16:41:27 ET]
Table 'Hydra' 6-max Seat #1 is the button
Seat 1: Mahu2021 ($15.18 in chips) 
Seat 2: kyle_clappes ($29.20 in chips) 
Seat 3: HeabuxTo ($25.28 in chips) 
Seat 4: sssehc ($30.38 in chips) 
Seat 5: l'm Sound ($25 in chips) 
Seat 6: fuzl74 ($59.76 in chips) 
kyle_clappes: posts small blind $0.10
HeabuxTo: posts big blind $0.25
*** HOLE CARDS ***
Dealt to Mahu2021 [Qd Kd]
sssehc: folds 
l'm Sound: folds 
fuzl74: raises $0.50 to $0.75
Mahu2021: calls $0.75
kyle_clappes: folds 
HeabuxTo: folds 
*** FLOP *** [9c As Ah]
fuzl74: bets $0.89
Mahu2021: folds 
Uncalled bet ($0.89) returned to fuzl74
fuzl74 collected $1.77 from pot
fuzl74: doesn't show hand 
*** SUMMARY ***
Total pot $1.85 | Rake $0.08 
Board [9c As Ah]
Seat 1: Mahu2021 (button) folded on the Flop
Seat 2: kyle_clappes (small blind) folded before Flop
Seat 3: HeabuxTo (big blind) folded before Flop
Seat 4: sssehc folded before Flop (didn't bet)
Seat 5: l'm Sound folded before Flop (didn't bet)
Seat 6: fuzl74 collected ($1.77)



PokerStars Zoom Hand #255450940721:  Hold'em No Limit ($0.10/$0.25) - 2025/03/25 21:41:12 CET [2025/03/25 16:41:12 ET]
Table 'Hydra' 6-max Seat #1 is the button
Seat 1: pneto ($22.51 in chips) 
Seat 2: luckman117 ($12.60 in chips) 
Seat 3: AleJunior001 ($61.93 in chips) 
Seat 4: 1Lish ($29.60 in chips) 
Seat 5: Mahu2021 ($15.28 in chips) 
Seat 6: pd159 ($38.26 in chips) 
luckman117: posts small blind $0.10
AleJunior001: posts big blind $0.25
*** HOLE CARDS ***
Dealt to Mahu2021 [Qc Th]
1Lish: folds 
Mahu2021: folds 
pd159: raises $0.32 to $0.57
pneto: calls $0.57
luckman117: folds 
AleJunior001: calls $0.32
*** FLOP *** [7s Ac 7d]
AleJunior001: checks 
pd159: bets $0.32
pneto: raises $0.82 to $1.14
AleJunior001: calls $1.14
pd159: calls $0.82
*** TURN *** [7s Ac 7d] [9s]
AleJunior001: checks 
pd159: checks 
pneto: bets $3
AleJunior001: calls $3
pd159: folds 
*** RIVER *** [7s Ac 7d 9s] [6d]
AleJunior001: checks 
pneto: bets $5.36
AleJunior001: raises $25.73 to $31.09
pneto: calls $12.44 and is all-in
Uncalled bet ($13.29) returned to AleJunior001
*** SHOW DOWN ***
AleJunior001: shows [Jc 7c] (three of a kind, Sevens)
pneto: shows [Qh 7h] (three of a kind, Sevens - Ace+Queen kicker)
pneto collected $44.83 from pot
*** SUMMARY ***
Total pot $46.83 | Rake $2 
Board [7s Ac 7d 9s 6d]
Seat 1: pneto (button) showed [Qh 7h] and won ($44.83) with three of a kind, Sevens
Seat 2: luckman117 (small blind) folded before Flop
Seat 3: AleJunior001 (big blind) showed [Jc 7c] and lost with three of a kind, Sevens
Seat 4: 1Lish folded before Flop (didn't bet)
Seat 5: Mahu2021 folded before Flop (didn't bet)
Seat 6: pd159 folded on the Turn



PokerStars Zoom Hand #255450956039:  Hold'em No Limit ($0.10/$0.25) - 2025/03/25 21:42:03 CET [2025/03/25 16:42:03 ET]
Table 'Hydra' 6-max Seat #1 is the button
Seat 1: sunka ($25.86 in chips) 
Seat 2: l'm Sound ($25 in chips) 
Seat 3: Mahu2021 ($14.43 in chips) 
Seat 4: marosthebest ($74.02 in chips) 
Seat 5: redsy22 ($25 in chips) 
Seat 6: Dayasael ($53.76 in chips) 
l'm Sound: posts small blind $0.10
Mahu2021: posts big blind $0.25
*** HOLE CARDS ***
Dealt to Mahu2021 [Qd 6d]
marosthebest: folds 
redsy22: folds 
Dayasael: raises $0.37 to $0.62
sunka: folds 
l'm Sound: folds 
Mahu2021: calls $0.37
*** FLOP *** [4d Js 8c]
Mahu2021: checks 
Dayasael: checks 
*** TURN *** [4d Js 8c] [Kh]
Mahu2021: checks 
Dayasael: bets $0.60
Mahu2021: folds 
Uncalled bet ($0.60) returned to Dayasael
Dayasael collected $1.28 from pot
Dayasael: doesn't show hand 
*** SUMMARY ***
Total pot $1.34 | Rake $0.06 
Board [4d Js 8c Kh]
Seat 1: sunka (button) folded before Flop (didn't bet)
Seat 2: l'm Sound (small blind) folded before Flop
Seat 3: Mahu2021 (big blind) folded on the Turn
Seat 4: marosthebest folded before Flop (didn't bet)
Seat 5: redsy22 folded before Flop (didn't bet)
Seat 6: Dayasael collected ($1.28)



PokerStars Zoom Hand #255450963500:  Hold'em No Limit ($0.10/$0.25) - 2025/03/25 21:42:28 CET [2025/03/25 16:42:28 ET]
Table 'Hydra' 6-max Seat #1 is the button
Seat 1: 90210karolek ($25.41 in chips) 
Seat 2: 0zym4nd14s ($25 in chips) 
Seat 3: nerd90481 ($47.61 in chips) 
Seat 4: l'm Sound ($25 in chips) 
Seat 5: jjseho ($25.45 in chips) 
Seat 6: Mahu2021 ($13.71 in chips) 
0zym4nd14s: posts small blind $0.10
nerd90481: posts big blind $0.25
*** HOLE CARDS ***
Dealt to Mahu2021 [9s Ah]
l'm Sound: folds 
jjseho: folds 
Mahu2021: folds 
90210karolek: raises $0.50 to $0.75
0zym4nd14s: folds 
nerd90481: folds 
Uncalled bet ($0.50) returned to 90210karolek
90210karolek collected $0.60 from pot
90210karolek: doesn't show hand 
*** SUMMARY ***
Total pot $0.60 | Rake $0 
Seat 1: 90210karolek (button) collected ($0.60)
Seat 2: 0zym4nd14s (small blind) folded before Flop
Seat 3: nerd90481 (big blind) folded before Flop
Seat 4: l'm Sound folded before Flop (didn't bet)
Seat 5: jjseho folded before Flop (didn't bet)
Seat 6: Mahu2021 folded before Flop (didn't bet)



PokerStars Zoom Hand #255450962327:  Hold'em No Limit ($0.10/$0.25) - 2025/03/25 21:42:24 CET [2025/03/25 16:42:24 ET]
Table 'Hydra' 6-max Seat #1 is the button
Seat 1: xJackalope ($25 in chips) 
Seat 2: Mahu2021 ($13.81 in chips) 
Seat 3: knerrad29 ($26.55 in chips) 
Seat 4: realcam ($23.59 in chips) 
Seat 5: l'm Sound ($25 in chips) 
Seat 6: nerd90481 ($47.61 in chips) 
Mahu2021: posts small blind $0.10
knerrad29: posts big blind $0.25
*** HOLE CARDS ***
Dealt to Mahu2021 [5h 9d]
realcam: folds 
l'm Sound: folds 
nerd90481: folds 
xJackalope: raises $0.37 to $0.62
Mahu2021: folds 
knerrad29: calls $0.37
*** FLOP *** [3d 5d Qs]
knerrad29: checks 
xJackalope: bets $0.42
knerrad29: folds 
Uncalled bet ($0.42) returned to xJackalope
xJackalope collected $1.28 from pot
xJackalope: doesn't show hand 
*** SUMMARY ***
Total pot $1.34 | Rake $0.06 
Board [3d 5d Qs]
Seat 1: xJackalope (button) collected ($1.28)
Seat 2: Mahu2021 (small blind) folded before Flop
Seat 3: knerrad29 (big blind) folded on the Flop
Seat 4: realcam folded before Flop (didn't bet)
Seat 5: l'm Sound folded before Flop (didn't bet)
Seat 6: nerd90481 folded before Flop (didn't bet)



PokerStars Zoom Hand #255450964645:  Hold'em No Limit ($0.10/$0.25) - 2025/03/25 21:42:32 CET [2025/03/25 16:42:32 ET]
Table 'Hydra' 6-max Seat #1 is the button
Seat 1: krillmaestrose ($23.65 in chips) 
Seat 2: kyle_clappes ($25 in chips) 
Seat 3: sunka ($26.21 in chips) 
Seat 4: Steg674 ($22.58 in chips) 
Seat 5: Mahu2021 ($13.71 in chips) 
Seat 6: CarelliPoker ($23.19 in chips) 
kyle_clappes: posts small blind $0.10
sunka: posts big blind $0.25
*** HOLE CARDS ***
Dealt to Mahu2021 [Ks Ac]
Steg674: folds 
Mahu2021: raises $0.45 to $0.70
CarelliPoker: folds 
krillmaestrose: folds 
kyle_clappes: folds 
sunka: calls $0.45
*** FLOP *** [5s 7d Td]
sunka: checks 
Mahu2021: checks 
*** TURN *** [5s 7d Td] [9d]
sunka: bets $0.47
Mahu2021: calls $0.47
*** RIVER *** [5s 7d Td 9d] [2d]
sunka: bets $1.54
Mahu2021: folds 
Uncalled bet ($1.54) returned to sunka
sunka collected $2.33 from pot
sunka: doesn't show hand 
*** SUMMARY ***
Total pot $2.44 | Rake $0.11 
Board [5s 7d Td 9d 2d]
Seat 1: krillmaestrose (button) folded before Flop (didn't bet)
Seat 2: kyle_clappes (small blind) folded before Flop
Seat 3: sunka (big blind) collected ($2.33)
Seat 4: Steg674 folded before Flop (didn't bet)
Seat 5: Mahu2021 folded on the River
Seat 6: CarelliPoker folded before Flop (didn't bet)



PokerStars Zoom Hand #255450977536:  Hold'em No Limit ($0.10/$0.25) - 2025/03/25 21:43:15 CET [2025/03/25 16:43:15 ET]
Table 'Hydra' 6-max Seat #1 is the button
Seat 1: Mahu2021 ($12.54 in chips) 
Seat 2: marosthebest ($26.45 in chips) 
Seat 3: LUC1NhO ($47.65 in chips) 
Seat 4: realcam ($23.24 in chips) 
Seat 5: Cardemonix ($11.90 in chips) 
Seat 6: anders54 ($35.63 in chips) 
marosthebest: posts small blind $0.10
LUC1NhO: posts big blind $0.25
*** HOLE CARDS ***
Dealt to Mahu2021 [3c Td]
realcam: folds 
Cardemonix: folds 
anders54: raises $0.32 to $0.57
Mahu2021: folds 
marosthebest: folds 
LUC1NhO: folds 
Uncalled bet ($0.32) returned to anders54
anders54 collected $0.60 from pot
anders54: doesn't show hand 
*** SUMMARY ***
Total pot $0.60 | Rake $0 
Seat 1: Mahu2021 (button) folded before Flop (didn't bet)
Seat 2: marosthebest (small blind) folded before Flop
Seat 3: LUC1NhO (big blind) folded before Flop
Seat 4: realcam folded before Flop (didn't bet)
Seat 5: Cardemonix folded before Flop (didn't bet)
Seat 6: anders54 collected ($0.60)



PokerStars Zoom Hand #255450976533:  Hold'em No Limit ($0.10/$0.25) - 2025/03/25 21:43:11 CET [2025/03/25 16:43:11 ET]
Table 'Hydra' 6-max Seat #1 is the button
Seat 1: pneto ($44.38 in chips) 
Seat 2: sunka ($27.37 in chips) 
Seat 3: DannyLennon ($47.46 in chips) 
Seat 4: planearth ($28.13 in chips) 
Seat 5: realcam ($23.24 in chips) 
Seat 6: Mahu2021 ($12.54 in chips) 
sunka: posts small blind $0.10
DannyLennon: posts big blind $0.25
*** HOLE CARDS ***
Dealt to Mahu2021 [7c 4h]
planearth: raises $0.35 to $0.60
realcam: folds 
Mahu2021: folds 
pneto: raises $1.30 to $1.90
sunka: folds 
DannyLennon: folds 
planearth: folds 
Uncalled bet ($1.30) returned to pneto
pneto collected $1.55 from pot
pneto: doesn't show hand 
*** SUMMARY ***
Total pot $1.55 | Rake $0 
Seat 1: pneto (button) collected ($1.55)
Seat 2: sunka (small blind) folded before Flop
Seat 3: DannyLennon (big blind) folded before Flop
Seat 4: planearth folded before Flop
Seat 5: realcam folded before Flop (didn't bet)
Seat 6: Mahu2021 folded before Flop (didn't bet)



PokerStars Zoom Hand #255450980211:  Hold'em No Limit ($0.10/$0.25) - 2025/03/25 21:43:23 CET [2025/03/25 16:43:23 ET]
Table 'Hydra' 6-max Seat #1 is the button
Seat 1: jjseho ($25 in chips) 
Seat 2: JustSay-nh ($26.20 in chips) 
Seat 3: Mahu2021 ($12.54 in chips) 
Seat 4: krillmaestrose ($23.65 in chips) 
Seat 5: DerFalter1 ($70.40 in chips) 
Seat 6: thorindorf ($22.95 in chips) 
JustSay-nh: posts small blind $0.10
Mahu2021: posts big blind $0.25
*** HOLE CARDS ***
Dealt to Mahu2021 [5c Ac]
krillmaestrose: folds 
DerFalter1: folds 
thorindorf: folds 
jjseho: folds 
JustSay-nh: raises $0.35 to $0.60
Mahu2021: raises $2.15 to $2.75
JustSay-nh: folds 
Uncalled bet ($2.15) returned to Mahu2021
Mahu2021 collected $1.20 from pot
Mahu2021: doesn't show hand 
*** SUMMARY ***
Total pot $1.20 | Rake $0 
Seat 1: jjseho (button) folded before Flop (didn't bet)
Seat 2: JustSay-nh (small blind) folded before Flop
Seat 3: Mahu2021 (big blind) collected ($1.20)
Seat 4: krillmaestrose folded before Flop (didn't bet)
Seat 5: DerFalter1 folded before Flop (didn't bet)
Seat 6: thorindorf folded before Flop (didn't bet)



PokerStars Zoom Hand #255450988390:  Hold'em No Limit ($0.10/$0.25) - 2025/03/25 21:43:50 CET [2025/03/25 16:43:50 ET]
Table 'Hydra' 6-max Seat #1 is the button
Seat 1: Mahu2021 ($13.14 in chips) 
Seat 2: Sluggie14 ($25.45 in chips) 
Seat 3: l'm Sound ($28.34 in chips) 
Seat 4: redsy22 ($25 in chips) 
Seat 5: SanyaElitee ($19.69 in chips) 
Seat 6: CarelliPoker ($21.80 in chips) 
Sluggie14: posts small blind $0.10
l'm Sound: posts big blind $0.25
*** HOLE CARDS ***
Dealt to Mahu2021 [7h Ah]
redsy22: folds 
SanyaElitee: folds 
CarelliPoker: folds 
Mahu2021: raises $0.50 to $0.75
Sluggie14: folds 
l'm Sound: folds 
Uncalled bet ($0.50) returned to Mahu2021
Mahu2021 collected $0.60 from pot
Mahu2021: doesn't show hand 
*** SUMMARY ***
Total pot $0.60 | Rake $0 
Seat 1: Mahu2021 (button) collected ($0.60)
Seat 2: Sluggie14 (small blind) folded before Flop
Seat 3: l'm Sound (big blind) folded before Flop
Seat 4: redsy22 folded before Flop (didn't bet)
Seat 5: SanyaElitee folded before Flop (didn't bet)
Seat 6: CarelliPoker folded before Flop (didn't bet)



PokerStars Zoom Hand #255450991944:  Hold'em No Limit ($0.10/$0.25) - 2025/03/25 21:44:02 CET [2025/03/25 16:44:02 ET]
Table 'Hydra' 6-max Seat #1 is the button
Seat 1: redsy22 ($29.25 in chips) 
Seat 2: Mahu2021 ($13.49 in chips) 
Seat 3: xJackalope ($26.19 in chips) 
Seat 4: JustSay-nh ($25.60 in chips) 
Seat 5: AleJunior001 ($58.94 in chips) 
Seat 6: luckman117 ($11.50 in chips) 
Mahu2021: posts small blind $0.10
xJackalope: posts big blind $0.25
*** HOLE CARDS ***
Dealt to Mahu2021 [3h 4d]
JustSay-nh: folds 
AleJunior001: folds 
luckman117: folds 
redsy22: folds 
Mahu2021: folds 
Uncalled bet ($0.15) returned to xJackalope
xJackalope collected $0.20 from pot
xJackalope: doesn't show hand 
*** SUMMARY ***
Total pot $0.20 | Rake $0 
Seat 1: redsy22 (button) folded before Flop (didn't bet)
Seat 2: Mahu2021 (small blind) folded before Flop
Seat 3: xJackalope (big blind) collected ($0.20)
Seat 4: JustSay-nh folded before Flop (didn't bet)
Seat 5: AleJunior001 folded before Flop (didn't bet)
Seat 6: luckman117 folded before Flop (didn't bet)



PokerStars Zoom Hand #255450993182:  Hold'em No Limit ($0.10/$0.25) - 2025/03/25 21:44:06 CET [2025/03/25 16:44:06 ET]
Table 'Hydra' 6-max Seat #1 is the button
Seat 1: AleJunior001 ($39.10 in chips) 
Seat 2: pd159 ($39.69 in chips) 
Seat 3: scuel1975 ($20 in chips) 
Seat 4: Mahu2021 ($13.39 in chips) 
Seat 5: Steefplays ($25 in chips) 
Seat 6: houlichan ($27.32 in chips) 
pd159: posts small blind $0.10
scuel1975: posts big blind $0.25
*** HOLE CARDS ***
Dealt to Mahu2021 [Qs 2d]
Mahu2021: folds 
Steefplays: raises $0.32 to $0.57
houlichan: folds 
AleJunior001: folds 
pd159: folds 
scuel1975: folds 
Uncalled bet ($0.32) returned to Steefplays
Steefplays collected $0.60 from pot
Steefplays: doesn't show hand 
*** SUMMARY ***
Total pot $0.60 | Rake $0 
Seat 1: AleJunior001 (button) folded before Flop (didn't bet)
Seat 2: pd159 (small blind) folded before Flop
Seat 3: scuel1975 (big blind) folded before Flop
Seat 4: Mahu2021 folded before Flop (didn't bet)
Seat 5: Steefplays collected ($0.60)
Seat 6: houlichan folded before Flop (didn't bet)



PokerStars Zoom Hand #255450978760:  Hold'em No Limit ($0.10/$0.25) - 2025/03/25 21:43:19 CET [2025/03/25 16:43:19 ET]
Table 'Hydra' 6-max Seat #1 is the button
Seat 1: sssehc ($36.61 in chips) 
Seat 2: Cardemonix ($11.90 in chips) 
Seat 3: houlichan ($53.26 in chips) 
Seat 4: blindprotector ($25.61 in chips) 
Seat 5: Mahu2021 ($12.54 in chips) 
Seat 6: DannyLennon ($25.17 in chips) 
Cardemonix: posts small blind $0.10
houlichan: posts big blind $0.25
*** HOLE CARDS ***
Dealt to Mahu2021 [3h 5c]
blindprotector: folds 
Mahu2021: folds 
DannyLennon: raises $0.31 to $0.56
sssehc: raises $1.31 to $1.87
Cardemonix: folds 
houlichan: folds 
DannyLennon: calls $1.31
*** FLOP *** [7d 3d 8s]
DannyLennon: checks 
sssehc: bets $1.29
DannyLennon: folds 
Uncalled bet ($1.29) returned to sssehc
sssehc collected $3.91 from pot
sssehc: doesn't show hand 
*** SUMMARY ***
Total pot $4.09 | Rake $0.18 
Board [7d 3d 8s]
Seat 1: sssehc (button) collected ($3.91)
Seat 2: Cardemonix (small blind) folded before Flop
Seat 3: houlichan (big blind) folded before Flop
Seat 4: blindprotector folded before Flop (didn't bet)
Seat 5: Mahu2021 folded before Flop (didn't bet)
Seat 6: DannyLennon folded on the Flop



PokerStars Zoom Hand #255450996556:  Hold'em No Limit ($0.10/$0.25) - 2025/03/25 21:44:17 CET [2025/03/25 16:44:17 ET]
Table 'Hydra' 6-max Seat #1 is the button
Seat 1: thorindorf ($21.69 in chips) 
Seat 2: xJackalope ($26.29 in chips) 
Seat 3: planearth ($43.58 in chips) 
Seat 4: 0zym4nd14s ($25.41 in chips) 
Seat 5: Mahu2021 ($13.39 in chips) 
Seat 6: jjseho ($25.66 in chips) 
xJackalope: posts small blind $0.10
planearth: posts big blind $0.25
*** HOLE CARDS ***
Dealt to Mahu2021 [7c 7s]
0zym4nd14s: folds 
Mahu2021: raises $0.40 to $0.65
jjseho: folds 
thorindorf: folds 
xJackalope: folds 
planearth: folds 
Uncalled bet ($0.40) returned to Mahu2021
Mahu2021 collected $0.60 from pot
Mahu2021: doesn't show hand 
*** SUMMARY ***
Total pot $0.60 | Rake $0 
Seat 1: thorindorf (button) folded before Flop (didn't bet)
Seat 2: xJackalope (small blind) folded before Flop
Seat 3: planearth (big blind) folded before Flop
Seat 4: 0zym4nd14s folded before Flop (didn't bet)
Seat 5: Mahu2021 collected ($0.60)
Seat 6: jjseho folded before Flop (didn't bet)



PokerStars Zoom Hand #255450987149:  Hold'em No Limit ($0.10/$0.25) - 2025/03/25 21:43:46 CET [2025/03/25 16:43:46 ET]
Table 'Hydra' 6-max Seat #1 is the button
Seat 1: 1Lish ($25 in chips) 
Seat 2: Twink00 ($31.76 in chips) 
Seat 3: luckman117 ($11.75 in chips) 
Seat 4: Mahu2021 ($13.14 in chips) 
Seat 5: benyie ($35.91 in chips) 
Seat 6: blindprotector ($31.25 in chips) 
Twink00: posts small blind $0.10
luckman117: posts big blind $0.25
*** HOLE CARDS ***
Dealt to Mahu2021 [7s Th]
Mahu2021: folds 
benyie: raises $0.25 to $0.50
blindprotector: folds 
1Lish: folds 
Twink00: calls $0.40
luckman117: folds 
*** FLOP *** [Tc As Qd]
Twink00: checks 
benyie: bets $0.30
Twink00: calls $0.30
*** TURN *** [Tc As Qd] [8c]
Twink00: checks 
benyie: bets $1.75
Twink00: calls $1.75
*** RIVER *** [Tc As Qd 8c] [6s]
Twink00: checks 
benyie: bets $5.06
Twink00: folds 
Uncalled bet ($5.06) returned to benyie
benyie collected $5.11 from pot
benyie: doesn't show hand 
*** SUMMARY ***
Total pot $5.35 | Rake $0.24 
Board [Tc As Qd 8c 6s]
Seat 1: 1Lish (button) folded before Flop (didn't bet)
Seat 2: Twink00 (small blind) folded on the River
Seat 3: luckman117 (big blind) folded before Flop
Seat 4: Mahu2021 folded before Flop (didn't bet)
Seat 5: benyie collected ($5.11)
Seat 6: blindprotector folded before Flop (didn't bet)



PokerStars Zoom Hand #255450994385:  Hold'em No Limit ($0.10/$0.25) - 2025/03/25 21:44:10 CET [2025/03/25 16:44:10 ET]
Table 'Hydra' 6-max Seat #1 is the button
Seat 1: DannyLennon ($106.85 in chips) 
Seat 2: redsy22 ($29.25 in chips) 
Seat 3: JustSay-nh ($25 in chips) 
Seat 4: xJackalope ($26.29 in chips) 
Seat 5: NotNuttedOnT87 ($25.87 in chips) 
Seat 6: Mahu2021 ($13.39 in chips) 
redsy22: posts small blind $0.10
JustSay-nh: posts big blind $0.25
*** HOLE CARDS ***
Dealt to Mahu2021 [8c 6h]
xJackalope: folds 
NotNuttedOnT87: raises $0.31 to $0.56
Mahu2021: folds 
DannyLennon: folds 
redsy22: folds 
JustSay-nh: calls $0.31
*** FLOP *** [7d 8s 3h]
JustSay-nh: checks 
NotNuttedOnT87: bets $0.88
JustSay-nh: raises $1.62 to $2.50
NotNuttedOnT87: calls $1.62
*** TURN *** [7d 8s 3h] [Kh]
JustSay-nh: checks 
NotNuttedOnT87: checks 
*** RIVER *** [7d 8s 3h Kh] [2d]
JustSay-nh: bets $3
NotNuttedOnT87: calls $3
*** SHOW DOWN ***
JustSay-nh: shows [8d 8h] (three of a kind, Eights)
NotNuttedOnT87: mucks hand 
JustSay-nh collected $11.67 from pot
*** SUMMARY ***
Total pot $12.22 | Rake $0.55 
Board [7d 8s 3h Kh 2d]
Seat 1: DannyLennon (button) folded before Flop (didn't bet)
Seat 2: redsy22 (small blind) folded before Flop
Seat 3: JustSay-nh (big blind) showed [8d 8h] and won ($11.67) with three of a kind, Eights
Seat 4: xJackalope folded before Flop (didn't bet)
Seat 5: NotNuttedOnT87 mucked [9h 9s]
Seat 6: Mahu2021 folded before Flop (didn't bet)



PokerStars Zoom Hand #255451003391:  Hold'em No Limit ($0.10/$0.25) - 2025/03/25 21:44:40 CET [2025/03/25 16:44:40 ET]
Table 'Hydra' 6-max Seat #1 is the button
Seat 1: knerrad29 ($39.83 in chips) 
Seat 2: bcflaw ($25.10 in chips) 
Seat 3: Mahu2021 ($13.74 in chips) 
Seat 4: thorindorf ($21.69 in chips) 
Seat 5: sssehc ($34.08 in chips) 
Seat 6: l'm Sound ($25.03 in chips) 
bcflaw: posts small blind $0.10
Mahu2021: posts big blind $0.25
*** HOLE CARDS ***
Dealt to Mahu2021 [Qd Th]
thorindorf: folds 
sssehc: folds 
l'm Sound: folds 
knerrad29: raises $0.35 to $0.60
bcflaw: folds 
Mahu2021: calls $0.35
*** FLOP *** [8h 7s 9h]
Mahu2021: checks 
knerrad29: bets $0.41
Mahu2021: calls $0.41
*** TURN *** [8h 7s 9h] [As]
Mahu2021: checks 
knerrad29: checks 
*** RIVER *** [8h 7s 9h As] [2h]
Mahu2021: checks 
knerrad29: checks 
*** SHOW DOWN ***
Mahu2021: shows [Qd Th] (high card Ace)
knerrad29: shows [Qc Ts] (high card Ace)
Mahu2021 collected $1.01 from pot
knerrad29 collected $1.01 from pot
*** SUMMARY ***
Total pot $2.12 | Rake $0.10 
Board [8h 7s 9h As 2h]
Seat 1: knerrad29 (button) showed [Qc Ts] and won ($1.01) with high card Ace
Seat 2: bcflaw (small blind) folded before Flop
Seat 3: Mahu2021 (big blind) showed [Qd Th] and won ($1.01) with high card Ace
Seat 4: thorindorf folded before Flop (didn't bet)
Seat 5: sssehc folded before Flop (didn't bet)
Seat 6: l'm Sound folded before Flop (didn't bet)



PokerStars Zoom Hand #255451021013:  Hold'em No Limit ($0.10/$0.25) - 2025/03/25 21:45:39 CET [2025/03/25 16:45:39 ET]
Table 'Hydra' 6-max Seat #1 is the button
Seat 1: Mahu2021 ($13.64 in chips) 
Seat 2: teh_erik ($25.49 in chips) 
Seat 3: DannyLennon ($91.84 in chips) 
Seat 4: sssehc ($29.33 in chips) 
Seat 5: planearth ($27.88 in chips) 
Seat 6: 0zym4nd14s ($25 in chips) 
teh_erik: posts small blind $0.10
DannyLennon: posts big blind $0.25
*** HOLE CARDS ***
Dealt to Mahu2021 [3s 9s]
sssehc: folds 
planearth: folds 
0zym4nd14s: folds 
Mahu2021: folds 
teh_erik: folds 
Uncalled bet ($0.15) returned to DannyLennon
DannyLennon collected $0.20 from pot
DannyLennon: doesn't show hand 
*** SUMMARY ***
Total pot $0.20 | Rake $0 
Seat 1: Mahu2021 (button) folded before Flop (didn't bet)
Seat 2: teh_erik (small blind) folded before Flop
Seat 3: DannyLennon (big blind) collected ($0.20)
Seat 4: sssehc folded before Flop (didn't bet)
Seat 5: planearth folded before Flop (didn't bet)
Seat 6: 0zym4nd14s folded before Flop (didn't bet)



PokerStars Zoom Hand #255451019402:  Hold'em No Limit ($0.10/$0.25) - 2025/03/25 21:45:33 CET [2025/03/25 16:45:33 ET]
Table 'Hydra' 6-max Seat #1 is the button
Seat 1: LUC1NhO ($47.30 in chips) 
Seat 2: Mahu2021 ($13.74 in chips) 
Seat 3: realcam ($24.11 in chips) 
Seat 4: anders54 ($32.90 in chips) 
Seat 5: bruceh42 ($13.14 in chips) 
Seat 6: AleJunior001 ($50.14 in chips) 
Mahu2021: posts small blind $0.10
realcam: posts big blind $0.25
*** HOLE CARDS ***
Dealt to Mahu2021 [Ts 6h]
anders54: raises $0.25 to $0.50
bruceh42: calls $0.50
AleJunior001: folds 
LUC1NhO: folds 
Mahu2021: folds 
realcam: folds 
*** FLOP *** [5h Qh Jh]
anders54: checks 
bruceh42: checks 
*** TURN *** [5h Qh Jh] [7s]
anders54: checks 
bruceh42: bets $1
anders54: folds 
Uncalled bet ($1) returned to bruceh42
bruceh42 collected $1.29 from pot
bruceh42: doesn't show hand 
*** SUMMARY ***
Total pot $1.35 | Rake $0.06 
Board [5h Qh Jh 7s]
Seat 1: LUC1NhO (button) folded before Flop (didn't bet)
Seat 2: Mahu2021 (small blind) folded before Flop
Seat 3: realcam (big blind) folded before Flop
Seat 4: anders54 folded on the Turn
Seat 5: bruceh42 collected ($1.29)
Seat 6: AleJunior001 folded before Flop (didn't bet)



PokerStars Zoom Hand #255451022067:  Hold'em No Limit ($0.10/$0.25) - 2025/03/25 21:45:42 CET [2025/03/25 16:45:42 ET]
Table 'Hydra' 6-max Seat #1 is the button
Seat 1: bcflaw ($27.08 in chips) 
Seat 2: JustSay-nh ($34.41 in chips) 
Seat 3: Nick9doors ($25 in chips) 
Seat 4: Mahu2021 ($13.64 in chips) 
Seat 5: AleJunior001 ($50.04 in chips) 
Seat 6: khz71 ($25 in chips) 
JustSay-nh: posts small blind $0.10
Nick9doors: posts big blind $0.25
*** HOLE CARDS ***
Dealt to Mahu2021 [3d 9d]
Mahu2021: folds 
AleJunior001: folds 
khz71: folds 
bcflaw: folds 
JustSay-nh: folds 
Uncalled bet ($0.15) returned to Nick9doors
Nick9doors collected $0.20 from pot
Nick9doors: doesn't show hand 
*** SUMMARY ***
Total pot $0.20 | Rake $0 
Seat 1: bcflaw (button) folded before Flop (didn't bet)
Seat 2: JustSay-nh (small blind) folded before Flop
Seat 3: Nick9doors (big blind) collected ($0.20)
Seat 4: Mahu2021 folded before Flop (didn't bet)
Seat 5: AleJunior001 folded before Flop (didn't bet)
Seat 6: khz71 folded before Flop (didn't bet)



PokerStars Zoom Hand #255451023794:  Hold'em No Limit ($0.10/$0.25) - 2025/03/25 21:45:48 CET [2025/03/25 16:45:48 ET]
Table 'Hydra' 6-max Seat #1 is the button
Seat 1: teh_erik ($25.39 in chips) 
Seat 2: sunka ($25 in chips) 
Seat 3: Mahu2021 ($13.64 in chips) 
Seat 4: kyle_clappes ($26.24 in chips) 
Seat 5: benyie ($27.95 in chips) 
Seat 6: Overdoxe1 ($37.90 in chips) 
sunka: posts small blind $0.10
Mahu2021: posts big blind $0.25
*** HOLE CARDS ***
Dealt to Mahu2021 [9s 9h]
kyle_clappes: folds 
benyie: folds 
Overdoxe1: folds 
teh_erik: folds 
sunka: raises $0.50 to $0.75
Mahu2021: raises $12.89 to $13.64 and is all-in
sunka: folds 
Uncalled bet ($12.89) returned to Mahu2021
Mahu2021 collected $1.50 from pot
Mahu2021: doesn't show hand 
*** SUMMARY ***
Total pot $1.50 | Rake $0 
Seat 1: teh_erik (button) folded before Flop (didn't bet)
Seat 2: sunka (small blind) folded before Flop
Seat 3: Mahu2021 (big blind) collected ($1.50)
Seat 4: kyle_clappes folded before Flop (didn't bet)
Seat 5: benyie folded before Flop (didn't bet)
Seat 6: Overdoxe1 folded before Flop (didn't bet)



PokerStars Zoom Hand #255451030011:  Hold'em No Limit ($0.10/$0.25) - 2025/03/25 21:46:08 CET [2025/03/25 16:46:08 ET]
Table 'Hydra' 6-max Seat #1 is the button
Seat 1: Paha leshi ($28.34 in chips) 
Seat 2: alexandro385738 ($39.20 in chips) 
Seat 3: royalbush1 ($26.27 in chips) 
Seat 4: marosthebest ($91.79 in chips) 
Seat 5: mativan ($29.74 in chips) 
Seat 6: Mahu2021 ($14.39 in chips) 
alexandro385738: posts small blind $0.10
royalbush1: posts big blind $0.25
*** HOLE CARDS ***
Dealt to Mahu2021 [2s Qh]
marosthebest: folds 
mativan: folds 
Mahu2021: folds 
Paha leshi: folds 
alexandro385738: folds 
Uncalled bet ($0.15) returned to royalbush1
royalbush1 collected $0.20 from pot
royalbush1: doesn't show hand 
*** SUMMARY ***
Total pot $0.20 | Rake $0 
Seat 1: Paha leshi (button) folded before Flop (didn't bet)
Seat 2: alexandro385738 (small blind) folded before Flop
Seat 3: royalbush1 (big blind) collected ($0.20)
Seat 4: marosthebest folded before Flop (didn't bet)
Seat 5: mativan folded before Flop (didn't bet)
Seat 6: Mahu2021 folded before Flop (didn't bet)



PokerStars Zoom Hand #255451031319:  Hold'em No Limit ($0.10/$0.25) - 2025/03/25 21:46:13 CET [2025/03/25 16:46:13 ET]
Table 'Hydra' 6-max Seat #1 is the button
Seat 1: luckman117 ($12.05 in chips) 
Seat 2: DannyLennon ($91.94 in chips) 
Seat 3: teh_erik ($25.39 in chips) 
Seat 4: AleJunior001 ($39.10 in chips) 
Seat 5: extinction51 ($48.45 in chips) 
Seat 6: Mahu2021 ($14.39 in chips) 
DannyLennon: posts small blind $0.10
teh_erik: posts big blind $0.25
*** HOLE CARDS ***
Dealt to Mahu2021 [5h Kd]
AleJunior001: folds 
extinction51: folds 
Mahu2021: folds 
luckman117: folds 
DannyLennon: folds 
Uncalled bet ($0.15) returned to teh_erik
teh_erik collected $0.20 from pot
teh_erik: doesn't show hand 
*** SUMMARY ***
Total pot $0.20 | Rake $0 
Seat 1: luckman117 (button) folded before Flop (didn't bet)
Seat 2: DannyLennon (small blind) folded before Flop
Seat 3: teh_erik (big blind) collected ($0.20)
Seat 4: AleJunior001 folded before Flop (didn't bet)
Seat 5: extinction51 folded before Flop (didn't bet)
Seat 6: Mahu2021 folded before Flop (didn't bet)



PokerStars Zoom Hand #255451034488:  Hold'em No Limit ($0.10/$0.25) - 2025/03/25 21:46:23 CET [2025/03/25 16:46:23 ET]
Table 'Hydra' 6-max Seat #1 is the button
Seat 1: redsy22 ($26.23 in chips) 
Seat 2: Paha leshi ($28.09 in chips) 
Seat 3: Dayasael ($51.10 in chips) 
Seat 4: Mahu2021 ($14.29 in chips) 
Seat 5: NaomiBelfort ($43.61 in chips) 
Seat 6: LUC1NhO ($27.09 in chips) 
Paha leshi: posts small blind $0.10
Dayasael: posts big blind $0.25
*** HOLE CARDS ***
Dealt to Mahu2021 [Ac Ks]
Mahu2021: raises $0.30 to $0.55
NaomiBelfort: folds 
LUC1NhO: folds 
redsy22: folds 
Paha leshi: folds 
Dayasael: folds 
Uncalled bet ($0.30) returned to Mahu2021
Mahu2021 collected $0.60 from pot
Mahu2021: doesn't show hand 
*** SUMMARY ***
Total pot $0.60 | Rake $0 
Seat 1: redsy22 (button) folded before Flop (didn't bet)
Seat 2: Paha leshi (small blind) folded before Flop
Seat 3: Dayasael (big blind) folded before Flop
Seat 4: Mahu2021 collected ($0.60)
Seat 5: NaomiBelfort folded before Flop (didn't bet)
Seat 6: LUC1NhO folded before Flop (didn't bet)



