PokerStars Zoom Hand #255557244052:  Hold'em No Limit ($0.05/$0.10) - 2025/04/02 12:14:40 CET [2025/04/02 6:14:40 ET]
Table 'Aludra' 6-max Seat #1 is the button
Seat 1: cRicRilebritish ($19.95 in chips) 
Seat 2: Yash1ch ($6.40 in chips) 
Seat 3: Mahu2021 ($10 in chips) 
Seat 4: Bobbymcgee99 ($18.44 in chips) 
Seat 5: hummbold ($18.24 in chips) 
Seat 6: PovilasX ($11.35 in chips) 
Yash1ch: posts small blind $0.05
Mahu2021: posts big blind $0.10
*** HOLE CARDS ***
Dealt to Mahu2021 [Jc 7d]
Bobbymcgee99: folds 
hummbold: folds 
PovilasX: folds 
cRicRilebritish: raises $0.10 to $0.20
Yash1ch: folds 
Mahu2021: folds 
Uncalled bet ($0.10) returned to cRicRilebritish
cRicRilebritish collected $0.25 from pot
cRicRilebritish: doesn't show hand 
*** SUMMARY ***
Total pot $0.25 | Rake $0 
Seat 1: cRicRilebritish (button) collected ($0.25)
Seat 2: Yash1ch (small blind) folded before Flop
Seat 3: Mahu2021 (big blind) folded before Flop
Seat 4: Bobbymcgee99 folded before Flop (didn't bet)
Seat 5: hummbold folded before Flop (didn't bet)
Seat 6: PovilasX folded before Flop (didn't bet)



PokerStars Zoom Hand #255557244846:  Hold'em No Limit ($0.05/$0.10) - 2025/04/02 12:14:49 CET [2025/04/02 6:14:49 ET]
Table 'Aludra' 6-max Seat #1 is the button
Seat 1: Mahu2021 ($9.90 in chips) 
Seat 2: 4cidwave ($6.47 in chips) 
Seat 3: titan148 ($10 in chips) 
Seat 4: Yash1ch ($6.08 in chips) 
Seat 5: pokeripuikko ($41 in chips) 
Seat 6: PovilasX ($11.35 in chips) 
4cidwave: posts small blind $0.05
titan148: posts big blind $0.10
*** HOLE CARDS ***
Dealt to Mahu2021 [2d Jh]
Yash1ch: folds 
pokeripuikko: folds 
PovilasX: folds 
Mahu2021: folds 
4cidwave: folds 
Uncalled bet ($0.05) returned to titan148
titan148 collected $0.10 from pot
titan148: doesn't show hand 
*** SUMMARY ***
Total pot $0.10 | Rake $0 
Seat 1: Mahu2021 (button) folded before Flop (didn't bet)
Seat 2: 4cidwave (small blind) folded before Flop
Seat 3: titan148 (big blind) collected ($0.10)
Seat 4: Yash1ch folded before Flop (didn't bet)
Seat 5: pokeripuikko folded before Flop (didn't bet)
Seat 6: PovilasX folded before Flop (didn't bet)



PokerStars Zoom Hand #255557245891:  Hold'em No Limit ($0.05/$0.10) - 2025/04/02 12:14:59 CET [2025/04/02 6:14:59 ET]
Table 'Aludra' 6-max Seat #1 is the button
Seat 1: yossarian51 ($6.28 in chips) 
Seat 2: Mahu2021 ($9.90 in chips) 
Seat 3: denis4250 ($4.78 in chips) 
Seat 4: qk rodriguez ($10.22 in chips) 
Seat 5: kSam44 ($19.93 in chips) 
Seat 6: 4cidwave ($6.42 in chips) 
Mahu2021: posts small blind $0.05
denis4250: posts big blind $0.10
*** HOLE CARDS ***
Dealt to Mahu2021 [Qh 3d]
qk rodriguez: folds 
kSam44: folds 
4cidwave: raises $0.15 to $0.25
yossarian51: folds 
Mahu2021: folds 
denis4250: folds 
Uncalled bet ($0.15) returned to 4cidwave
4cidwave collected $0.25 from pot
4cidwave: doesn't show hand 
*** SUMMARY ***
Total pot $0.25 | Rake $0 
Seat 1: yossarian51 (button) folded before Flop (didn't bet)
Seat 2: Mahu2021 (small blind) folded before Flop
Seat 3: denis4250 (big blind) folded before Flop
Seat 4: qk rodriguez folded before Flop (didn't bet)
Seat 5: kSam44 folded before Flop (didn't bet)
Seat 6: 4cidwave collected ($0.25)



PokerStars Zoom Hand #255557246824:  Hold'em No Limit ($0.05/$0.10) - 2025/04/02 12:15:08 CET [2025/04/02 6:15:08 ET]
Table 'Aludra' 6-max Seat #1 is the button
Seat 1: titan148 ($10 in chips) 
Seat 2: qk rodriguez ($21.17 in chips) 
Seat 3: Mirakuri ($19.72 in chips) 
Seat 4: LUC1NhO ($10 in chips) 
Seat 5: Vadim91_blr ($13.65 in chips) 
Seat 6: Mahu2021 ($9.85 in chips) 
qk rodriguez: posts small blind $0.05
Mirakuri: posts big blind $0.10
*** HOLE CARDS ***
Dealt to Mahu2021 [Ah 2h]
LUC1NhO: folds 
Vadim91_blr: folds 
Mahu2021: raises $0.15 to $0.25
titan148: folds 
qk rodriguez: folds 
Mirakuri: raises $0.75 to $1
Mahu2021: folds 
Uncalled bet ($0.75) returned to Mirakuri
Mirakuri collected $0.55 from pot
Mirakuri: doesn't show hand 
*** SUMMARY ***
Total pot $0.55 | Rake $0 
Seat 1: titan148 (button) folded before Flop (didn't bet)
Seat 2: qk rodriguez (small blind) folded before Flop
Seat 3: Mirakuri (big blind) collected ($0.55)
Seat 4: LUC1NhO folded before Flop (didn't bet)
Seat 5: Vadim91_blr folded before Flop (didn't bet)
Seat 6: Mahu2021 folded before Flop



PokerStars Zoom Hand #255557248374:  Hold'em No Limit ($0.05/$0.10) - 2025/04/02 12:15:23 CET [2025/04/02 6:15:23 ET]
Table 'Aludra' 6-max Seat #1 is the button
Seat 1: Vadim91_blr ($10.91 in chips) 
Seat 2: yossarian51 ($6.33 in chips) 
Seat 3: 4cidwave ($5 in chips) 
Seat 4: Mahu2021 ($9.60 in chips) 
Seat 5: calpex777 ($14.32 in chips) 
Seat 6: hummbold ($10.99 in chips) 
yossarian51: posts small blind $0.05
4cidwave: posts big blind $0.10
*** HOLE CARDS ***
Dealt to Mahu2021 [Ad 4c]
Mahu2021: folds 
calpex777: folds 
hummbold: raises $0.15 to $0.25
Vadim91_blr: folds 
yossarian51: folds 
4cidwave: folds 
Uncalled bet ($0.15) returned to hummbold
hummbold collected $0.25 from pot
hummbold: doesn't show hand 
*** SUMMARY ***
Total pot $0.25 | Rake $0 
Seat 1: Vadim91_blr (button) folded before Flop (didn't bet)
Seat 2: yossarian51 (small blind) folded before Flop
Seat 3: 4cidwave (big blind) folded before Flop
Seat 4: Mahu2021 folded before Flop (didn't bet)
Seat 5: calpex777 folded before Flop (didn't bet)
Seat 6: hummbold collected ($0.25)



PokerStars Zoom Hand #255557248794:  Hold'em No Limit ($0.05/$0.10) - 2025/04/02 12:15:27 CET [2025/04/02 6:15:27 ET]
Table 'Aludra' 6-max Seat #1 is the button
Seat 1: claudio130905 ($23.55 in chips) 
Seat 2: Yash1ch ($6.36 in chips) 
Seat 3: Muxxx9 ($4.48 in chips) 
Seat 4: Tompi2510 ($10.41 in chips) 
Seat 5: Mahu2021 ($9.60 in chips) 
Seat 6: yossarian51 ($6.28 in chips) 
Yash1ch: posts small blind $0.05
Muxxx9: posts big blind $0.10
*** HOLE CARDS ***
Dealt to Mahu2021 [5h 7h]
Tompi2510: folds 
Mahu2021: raises $0.10 to $0.20
yossarian51: calls $0.20
claudio130905: folds 
Yash1ch: calls $0.15
Muxxx9: folds 
*** FLOP *** [As 8s 5d]
Yash1ch: checks 
Mahu2021: bets $0.30
yossarian51: calls $0.30
Yash1ch: calls $0.30
*** TURN *** [As 8s 5d] [9c]
Yash1ch: checks 
Mahu2021: checks 
yossarian51: checks 
*** RIVER *** [As 8s 5d 9c] [Ks]
Yash1ch: bets $0.97
Mahu2021: folds 
yossarian51: folds 
Uncalled bet ($0.97) returned to Yash1ch
Yash1ch collected $1.51 from pot
Yash1ch: doesn't show hand 
*** SUMMARY ***
Total pot $1.60 | Rake $0.09 
Board [As 8s 5d 9c Ks]
Seat 1: claudio130905 (button) folded before Flop (didn't bet)
Seat 2: Yash1ch (small blind) collected ($1.51)
Seat 3: Muxxx9 (big blind) folded before Flop
Seat 4: Tompi2510 folded before Flop (didn't bet)
Seat 5: Mahu2021 folded on the River
Seat 6: yossarian51 folded on the River



PokerStars Zoom Hand #255557252495:  Hold'em No Limit ($0.05/$0.10) - 2025/04/02 12:16:03 CET [2025/04/02 6:16:03 ET]
Table 'Aludra' 6-max Seat #1 is the button
Seat 1: Tompi2510 ($10.26 in chips) 
Seat 2: PovilasX ($15.44 in chips) 
Seat 3: camoulife ($10 in chips) 
Seat 4: Andrei232Zah ($9.12 in chips) 
Seat 5: LUC1NhO ($14.39 in chips) 
Seat 6: Mahu2021 ($9.10 in chips) 
PovilasX: posts small blind $0.05
camoulife: posts big blind $0.10
*** HOLE CARDS ***
Dealt to Mahu2021 [3h 8s]
Andrei232Zah: folds 
LUC1NhO: folds 
Mahu2021: folds 
Tompi2510: folds 
PovilasX: folds 
Uncalled bet ($0.05) returned to camoulife
camoulife collected $0.10 from pot
camoulife: doesn't show hand 
*** SUMMARY ***
Total pot $0.10 | Rake $0 
Seat 1: Tompi2510 (button) folded before Flop (didn't bet)
Seat 2: PovilasX (small blind) folded before Flop
Seat 3: camoulife (big blind) collected ($0.10)
Seat 4: Andrei232Zah folded before Flop (didn't bet)
Seat 5: LUC1NhO folded before Flop (didn't bet)
Seat 6: Mahu2021 folded before Flop (didn't bet)



PokerStars Zoom Hand #255557252877:  Hold'em No Limit ($0.05/$0.10) - 2025/04/02 12:16:07 CET [2025/04/02 6:16:07 ET]
Table 'Aludra' 6-max Seat #1 is the button
Seat 1: Yash1ch ($7.37 in chips) 
Seat 2: calpex777 ($11.32 in chips) 
Seat 3: Mahu2021 ($9.10 in chips) 
Seat 4: bvch95 ($10 in chips) 
Seat 5: claudio130905 ($17.32 in chips) 
Seat 6: hummbold ($12.93 in chips) 
calpex777: posts small blind $0.05
Mahu2021: posts big blind $0.10
*** HOLE CARDS ***
Dealt to Mahu2021 [7c 3s]
bvch95: folds 
claudio130905: folds 
hummbold: folds 
Yash1ch: folds 
calpex777: raises $0.20 to $0.30
Mahu2021: folds 
Uncalled bet ($0.20) returned to calpex777
calpex777 collected $0.20 from pot
calpex777: doesn't show hand 
*** SUMMARY ***
Total pot $0.20 | Rake $0 
Seat 1: Yash1ch (button) folded before Flop (didn't bet)
Seat 2: calpex777 (small blind) collected ($0.20)
Seat 3: Mahu2021 (big blind) folded before Flop
Seat 4: bvch95 folded before Flop (didn't bet)
Seat 5: claudio130905 folded before Flop (didn't bet)
Seat 6: hummbold folded before Flop (didn't bet)



PokerStars Zoom Hand #255557254338:  Hold'em No Limit ($0.05/$0.10) - 2025/04/02 12:16:22 CET [2025/04/02 6:16:22 ET]
Table 'Aludra' 6-max Seat #1 is the button
Seat 1: Mahu2021 ($9 in chips) 
Seat 2: Mirakuri ($33.62 in chips) 
Seat 3: Reddington567 ($11.57 in chips) 
Seat 4: ghanisha ($10 in chips) 
Seat 5: 15lawrencea ($27.19 in chips) 
Seat 6: Cigarrinh0 ($10 in chips) 
Mirakuri: posts small blind $0.05
Reddington567: posts big blind $0.10
*** HOLE CARDS ***
Dealt to Mahu2021 [Kc Jd]
ghanisha: raises $0.20 to $0.30
15lawrencea: folds 
Cigarrinh0: folds 
Mahu2021: calls $0.30
Mirakuri: folds 
Reddington567: folds 
*** FLOP *** [Ts 3d 7d]
ghanisha: bets $0.24
Mahu2021: calls $0.24
*** TURN *** [Ts 3d 7d] [3c]
ghanisha: bets $0.59
Mahu2021: folds 
Uncalled bet ($0.59) returned to ghanisha
ghanisha collected $1.17 from pot
ghanisha: doesn't show hand 
*** SUMMARY ***
Total pot $1.23 | Rake $0.06 
Board [Ts 3d 7d 3c]
Seat 1: Mahu2021 (button) folded on the Turn
Seat 2: Mirakuri (small blind) folded before Flop
Seat 3: Reddington567 (big blind) folded before Flop
Seat 4: ghanisha collected ($1.17)
Seat 5: 15lawrencea folded before Flop (didn't bet)
Seat 6: Cigarrinh0 folded before Flop (didn't bet)



PokerStars Zoom Hand #255557256876:  Hold'em No Limit ($0.05/$0.10) - 2025/04/02 12:16:47 CET [2025/04/02 6:16:47 ET]
Table 'Aludra' 6-max Seat #1 is the button
Seat 1: claudio130905 ($23.30 in chips) 
Seat 2: Mahu2021 ($8.46 in chips) 
Seat 3: ghanisha ($10.63 in chips) 
Seat 4: hummbold ($10.89 in chips) 
Seat 5: acebob999 ($8.29 in chips) 
Seat 6: cRicRilebritish ($25.58 in chips) 
Mahu2021: posts small blind $0.05
ghanisha: posts big blind $0.10
*** HOLE CARDS ***
Dealt to Mahu2021 [Kh Jh]
hummbold: folds 
acebob999: raises $0.10 to $0.20
cRicRilebritish: calls $0.20
claudio130905: raises $0.75 to $0.95
Mahu2021: folds 
ghanisha: folds 
acebob999: folds 
cRicRilebritish: folds 
Uncalled bet ($0.75) returned to claudio130905
claudio130905 collected $0.75 from pot
claudio130905: doesn't show hand 
*** SUMMARY ***
Total pot $0.75 | Rake $0 
Seat 1: claudio130905 (button) collected ($0.75)
Seat 2: Mahu2021 (small blind) folded before Flop
Seat 3: ghanisha (big blind) folded before Flop
Seat 4: hummbold folded before Flop (didn't bet)
Seat 5: acebob999 folded before Flop
Seat 6: cRicRilebritish folded before Flop



PokerStars Zoom Hand #255557258580:  Hold'em No Limit ($0.05/$0.10) - 2025/04/02 12:17:04 CET [2025/04/02 6:17:04 ET]
Table 'Aludra' 6-max Seat #1 is the button
Seat 1: camoulife ($10 in chips) 
Seat 2: Femto²/pk ($10 in chips) 
Seat 3: Mahu2021 ($8.41 in chips) 
Seat 4: hummbold ($10 in chips) 
Seat 5: Mirakuri ($12.07 in chips) 
Seat 6: pokeripuikko ($38.93 in chips) 
Femto²/pk: posts small blind $0.05
Mahu2021: posts big blind $0.10
*** HOLE CARDS ***
Dealt to Mahu2021 [Ts 2d]
hummbold: folds 
Mirakuri: folds 
pokeripuikko: raises $0.15 to $0.25
camoulife: folds 
Femto²/pk: folds 
Mahu2021: folds 
Uncalled bet ($0.15) returned to pokeripuikko
pokeripuikko collected $0.25 from pot
pokeripuikko: doesn't show hand 
*** SUMMARY ***
Total pot $0.25 | Rake $0 
Seat 1: camoulife (button) folded before Flop (didn't bet)
Seat 2: Femto²/pk (small blind) folded before Flop
Seat 3: Mahu2021 (big blind) folded before Flop
Seat 4: hummbold folded before Flop (didn't bet)
Seat 5: Mirakuri folded before Flop (didn't bet)
Seat 6: pokeripuikko collected ($0.25)



PokerStars Zoom Hand #255557259396:  Hold'em No Limit ($0.05/$0.10) - 2025/04/02 12:17:13 CET [2025/04/02 6:17:13 ET]
Table 'Aludra' 6-max Seat #1 is the button
Seat 1: Reddington567 ($19.54 in chips) 
Seat 2: hummbold ($18.26 in chips) 
Seat 3: lobatr ($1.85 in chips) 
Seat 4: yossarian51 ($5.73 in chips) 
Seat 5: Mahu2021 ($8.31 in chips) 
Seat 6: Femto²/pk ($10 in chips) 
hummbold: posts small blind $0.05
lobatr: posts big blind $0.10
*** HOLE CARDS ***
Dealt to Mahu2021 [Kh 6d]
yossarian51: folds 
Mahu2021: folds 
Femto²/pk: folds 
Reddington567: raises $0.14 to $0.24
hummbold: folds 
lobatr: folds 
Uncalled bet ($0.14) returned to Reddington567
Reddington567 collected $0.25 from pot
Reddington567: doesn't show hand 
*** SUMMARY ***
Total pot $0.25 | Rake $0 
Seat 1: Reddington567 (button) collected ($0.25)
Seat 2: hummbold (small blind) folded before Flop
Seat 3: lobatr (big blind) folded before Flop
Seat 4: yossarian51 folded before Flop (didn't bet)
Seat 5: Mahu2021 folded before Flop (didn't bet)
Seat 6: Femto²/pk folded before Flop (didn't bet)



PokerStars Zoom Hand #255557259752:  Hold'em No Limit ($0.05/$0.10) - 2025/04/02 12:17:16 CET [2025/04/02 6:17:16 ET]
Table 'Aludra' 6-max Seat #1 is the button
Seat 1: yossarian51 ($5.73 in chips) 
Seat 2: Andrei232Zah ($8.47 in chips) 
Seat 3: Cyborg_0113 ($10 in chips) 
Seat 4: Mahu2021 ($8.31 in chips) 
Seat 5: zogecmarogec ($4.90 in chips) 
Seat 6: camoulife ($10 in chips) 
Andrei232Zah: posts small blind $0.05
Cyborg_0113: posts big blind $0.10
*** HOLE CARDS ***
Dealt to Mahu2021 [7s As]
Mahu2021: raises $0.11 to $0.21
zogecmarogec: folds 
camoulife: folds 
yossarian51: folds 
Andrei232Zah: calls $0.16
Cyborg_0113: folds 
*** FLOP *** [2h Ts Kd]
Andrei232Zah: checks 
Mahu2021: bets $0.30
Andrei232Zah: calls $0.30
*** TURN *** [2h Ts Kd] [3c]
Andrei232Zah: checks 
Mahu2021: bets $0.30
Andrei232Zah: calls $0.30
*** RIVER *** [2h Ts Kd 3c] [Jh]
Andrei232Zah: checks 
Mahu2021: checks 
*** SHOW DOWN ***
Andrei232Zah: shows [Ac Qc] (a straight, Ten to Ace)
Mahu2021: mucks hand 
Andrei232Zah collected $1.64 from pot
*** SUMMARY ***
Total pot $1.72 | Rake $0.08 
Board [2h Ts Kd 3c Jh]
Seat 1: yossarian51 (button) folded before Flop (didn't bet)
Seat 2: Andrei232Zah (small blind) showed [Ac Qc] and won ($1.64) with a straight, Ten to Ace
Seat 3: Cyborg_0113 (big blind) folded before Flop
Seat 4: Mahu2021 mucked [7s As]
Seat 5: zogecmarogec folded before Flop (didn't bet)
Seat 6: camoulife folded before Flop (didn't bet)



PokerStars Zoom Hand #255557262056:  Hold'em No Limit ($0.05/$0.10) - 2025/04/02 12:17:39 CET [2025/04/02 6:17:39 ET]
Table 'Aludra' 6-max Seat #1 is the button
Seat 1: titan148 ($10 in chips) 
Seat 2: EdgaP ($18.87 in chips) 
Seat 3: qk rodriguez ($11.63 in chips) 
Seat 4: Mahu2021 ($7.50 in chips) 
Seat 5: Andrei232Zah ($9.30 in chips) 
Seat 6: Pippitappeli ($14.21 in chips) 
EdgaP: posts small blind $0.05
qk rodriguez: posts big blind $0.10
*** HOLE CARDS ***
Dealt to Mahu2021 [4s Qc]
Mahu2021: folds 
Andrei232Zah: folds 
Pippitappeli: folds 
titan148: folds 
EdgaP: folds 
Uncalled bet ($0.05) returned to qk rodriguez
qk rodriguez collected $0.10 from pot
qk rodriguez: doesn't show hand 
*** SUMMARY ***
Total pot $0.10 | Rake $0 
Seat 1: titan148 (button) folded before Flop (didn't bet)
Seat 2: EdgaP (small blind) folded before Flop
Seat 3: qk rodriguez (big blind) collected ($0.10)
Seat 4: Mahu2021 folded before Flop (didn't bet)
Seat 5: Andrei232Zah folded before Flop (didn't bet)
Seat 6: Pippitappeli folded before Flop (didn't bet)



PokerStars Zoom Hand #255557262505:  Hold'em No Limit ($0.05/$0.10) - 2025/04/02 12:17:43 CET [2025/04/02 6:17:43 ET]
Table 'Aludra' 6-max Seat #1 is the button
Seat 1: Hoe_Jyland69 ($9.32 in chips) 
Seat 2: Mahu2021 ($7.50 in chips) 
Seat 3: swalley9999 ($9.45 in chips) 
Seat 4: calpex777 ($13.26 in chips) 
Seat 5: mayas009 ($12.92 in chips) 
Seat 6: Tompi2510 ($16.38 in chips) 
Mahu2021: posts small blind $0.05
swalley9999: posts big blind $0.10
*** HOLE CARDS ***
Dealt to Mahu2021 [Ad Qs]
calpex777: folds 
mayas009: folds 
Tompi2510: raises $0.15 to $0.25
Hoe_Jyland69: calls $0.25
Mahu2021: calls $0.20
swalley9999: folds 
*** FLOP *** [Ks Jh 6s]
Mahu2021: checks 
Tompi2510: checks 
Hoe_Jyland69: checks 
*** TURN *** [Ks Jh 6s] [9h]
Mahu2021: checks 
Tompi2510: checks 
Hoe_Jyland69: bets $0.41
Mahu2021: calls $0.41
Tompi2510: calls $0.41
*** RIVER *** [Ks Jh 6s 9h] [5h]
Mahu2021: checks 
Tompi2510: checks 
Hoe_Jyland69: checks 
*** SHOW DOWN ***
Mahu2021: shows [Ad Qs] (high card Ace)
Tompi2510: shows [Js 7s] (a pair of Jacks)
Hoe_Jyland69: mucks hand 
Tompi2510 collected $1.99 from pot
*** SUMMARY ***
Total pot $2.08 | Rake $0.09 
Board [Ks Jh 6s 9h 5h]
Seat 1: Hoe_Jyland69 (button) mucked [Qd 9d]
Seat 2: Mahu2021 (small blind) showed [Ad Qs] and lost with high card Ace
Seat 3: swalley9999 (big blind) folded before Flop
Seat 4: calpex777 folded before Flop (didn't bet)
Seat 5: mayas009 folded before Flop (didn't bet)
Seat 6: Tompi2510 showed [Js 7s] and won ($1.99) with a pair of Jacks



PokerStars Zoom Hand #255557267067:  Hold'em No Limit ($0.05/$0.10) - 2025/04/02 12:18:29 CET [2025/04/02 6:18:29 ET]
Table 'Aludra' 6-max Seat #1 is the button
Seat 1: titan148 ($13.61 in chips) 
Seat 2: mayas009 ($12.92 in chips) 
Seat 3: Tompi2510 ($10.06 in chips) 
Seat 4: brodieball ($7.95 in chips) 
Seat 5: zogecmarogec ($4.40 in chips) 
Seat 6: Mahu2021 ($6.84 in chips) 
mayas009: posts small blind $0.05
Tompi2510: posts big blind $0.10
*** HOLE CARDS ***
Dealt to Mahu2021 [Qc Tc]
brodieball: folds 
zogecmarogec: folds 
Mahu2021: raises $0.14 to $0.24
titan148: folds 
mayas009: folds 
Tompi2510: folds 
Uncalled bet ($0.14) returned to Mahu2021
Mahu2021 collected $0.25 from pot
Mahu2021: doesn't show hand 
*** SUMMARY ***
Total pot $0.25 | Rake $0 
Seat 1: titan148 (button) folded before Flop (didn't bet)
Seat 2: mayas009 (small blind) folded before Flop
Seat 3: Tompi2510 (big blind) folded before Flop
Seat 4: brodieball folded before Flop (didn't bet)
Seat 5: zogecmarogec folded before Flop (didn't bet)
Seat 6: Mahu2021 collected ($0.25)



PokerStars Zoom Hand #255557266547:  Hold'em No Limit ($0.05/$0.10) - 2025/04/02 12:18:24 CET [2025/04/02 6:18:24 ET]
Table 'Aludra' 6-max Seat #1 is the button
Seat 1: Mahu2021 ($6.84 in chips) 
Seat 2: Clicker89 ($10 in chips) 
Seat 3: acebob999 ($10.55 in chips) 
Seat 4: Femto²/pk ($10 in chips) 
Seat 5: LUC1NhO ($10.87 in chips) 
Seat 6: calpex777 ($13.11 in chips) 
Clicker89: posts small blind $0.05
acebob999: posts big blind $0.10
*** HOLE CARDS ***
Dealt to Mahu2021 [Jh 6c]
Femto²/pk: folds 
LUC1NhO: folds 
calpex777: folds 
Mahu2021: folds 
Clicker89: folds 
Uncalled bet ($0.05) returned to acebob999
acebob999 collected $0.10 from pot
acebob999: doesn't show hand 
*** SUMMARY ***
Total pot $0.10 | Rake $0 
Seat 1: Mahu2021 (button) folded before Flop (didn't bet)
Seat 2: Clicker89 (small blind) folded before Flop
Seat 3: acebob999 (big blind) collected ($0.10)
Seat 4: Femto²/pk folded before Flop (didn't bet)
Seat 5: LUC1NhO folded before Flop (didn't bet)
Seat 6: calpex777 folded before Flop (didn't bet)



PokerStars Zoom Hand #255557268423:  Hold'em No Limit ($0.05/$0.10) - 2025/04/02 12:18:42 CET [2025/04/02 6:18:42 ET]
Table 'Aludra' 6-max Seat #1 is the button
Seat 1: Andrei232Zah ($9 in chips) 
Seat 2: qk rodriguez ($10.20 in chips) 
Seat 3: Mahu2021 ($6.99 in chips) 
Seat 4: acebob999 ($10.60 in chips) 
Seat 5: hummbold ($10 in chips) 
Seat 6: Vadim91_blr ($10.97 in chips) 
qk rodriguez: posts small blind $0.05
Mahu2021: posts big blind $0.10
*** HOLE CARDS ***
Dealt to Mahu2021 [9s 8h]
acebob999: folds 
hummbold: folds 
Vadim91_blr: folds 
Andrei232Zah: folds 
qk rodriguez: folds 
Uncalled bet ($0.05) returned to Mahu2021
Mahu2021 collected $0.10 from pot
Mahu2021: doesn't show hand 
*** SUMMARY ***
Total pot $0.10 | Rake $0 
Seat 1: Andrei232Zah (button) folded before Flop (didn't bet)
Seat 2: qk rodriguez (small blind) folded before Flop
Seat 3: Mahu2021 (big blind) collected ($0.10)
Seat 4: acebob999 folded before Flop (didn't bet)
Seat 5: hummbold folded before Flop (didn't bet)
Seat 6: Vadim91_blr folded before Flop (didn't bet)



PokerStars Zoom Hand #255557269441:  Hold'em No Limit ($0.05/$0.10) - 2025/04/02 12:18:52 CET [2025/04/02 6:18:52 ET]
Table 'Aludra' 6-max Seat #1 is the button
Seat 1: pokeripuikko ($51.59 in chips) 
Seat 2: Mahu2021 ($7.04 in chips) 
Seat 3: calpex777 ($11.65 in chips) 
Seat 4: Vadim91_blr ($11.59 in chips) 
Seat 5: Mirakuri ($11.76 in chips) 
Seat 6: zogecmarogec ($4.25 in chips) 
Mahu2021: posts small blind $0.05
calpex777: posts big blind $0.10
*** HOLE CARDS ***
Dealt to Mahu2021 [4s 5h]
Vadim91_blr: folds 
Mirakuri: folds 
zogecmarogec: folds 
pokeripuikko: folds 
Mahu2021: folds 
Uncalled bet ($0.05) returned to calpex777
calpex777 collected $0.10 from pot
calpex777: doesn't show hand 
*** SUMMARY ***
Total pot $0.10 | Rake $0 
Seat 1: pokeripuikko (button) folded before Flop (didn't bet)
Seat 2: Mahu2021 (small blind) folded before Flop
Seat 3: calpex777 (big blind) collected ($0.10)
Seat 4: Vadim91_blr folded before Flop (didn't bet)
Seat 5: Mirakuri folded before Flop (didn't bet)
Seat 6: zogecmarogec folded before Flop (didn't bet)



PokerStars Zoom Hand #255557269833:  Hold'em No Limit ($0.05/$0.10) - 2025/04/02 12:18:56 CET [2025/04/02 6:18:56 ET]
Table 'Aludra' 6-max Seat #1 is the button
Seat 1: Mahu2021 ($6.99 in chips) 
Seat 2: hummbold ($13.13 in chips) 
Seat 3: strboxer ($27.03 in chips) 
Seat 4: qk rodriguez ($22.15 in chips) 
Seat 5: 15lawrencea ($10 in chips) 
Seat 6: Tompi2510 ($10 in chips) 
hummbold: posts small blind $0.05
strboxer: posts big blind $0.10
*** HOLE CARDS ***
Dealt to Mahu2021 [4s As]
qk rodriguez: folds 
15lawrencea: folds 
Tompi2510: raises $0.15 to $0.25
Mahu2021: calls $0.25
hummbold: folds 
strboxer: raises $1.15 to $1.40
Tompi2510: folds 
Mahu2021: folds 
Uncalled bet ($1.15) returned to strboxer
strboxer collected $0.80 from pot
strboxer: doesn't show hand 
*** SUMMARY ***
Total pot $0.80 | Rake $0 
Seat 1: Mahu2021 (button) folded before Flop
Seat 2: hummbold (small blind) folded before Flop
Seat 3: strboxer (big blind) collected ($0.80)
Seat 4: qk rodriguez folded before Flop (didn't bet)
Seat 5: 15lawrencea folded before Flop (didn't bet)
Seat 6: Tompi2510 folded before Flop



PokerStars Zoom Hand #255557271577:  Hold'em No Limit ($0.05/$0.10) - 2025/04/02 12:19:14 CET [2025/04/02 6:19:14 ET]
Table 'Aludra' 6-max Seat #1 is the button
Seat 1: Mirakuri ($11.60 in chips) 
Seat 2: Hoe_Jyland69 ($8.73 in chips) 
Seat 3: cippi1985 ($10.36 in chips) 
Seat 4: downsynjerome ($12.25 in chips) 
Seat 5: Mahu2021 ($6.74 in chips) 
Seat 6: Vadim91_blr ($41.62 in chips) 
Hoe_Jyland69: posts small blind $0.05
cippi1985: posts big blind $0.10
*** HOLE CARDS ***
Dealt to Mahu2021 [Ad 8d]
downsynjerome: folds 
Mahu2021: raises $0.14 to $0.24
Vadim91_blr: folds 
Mirakuri: raises $0.46 to $0.70
Hoe_Jyland69: folds 
cippi1985: folds 
Mahu2021: calls $0.46
*** FLOP *** [Ks 9c 3d]
Mahu2021: checks 
Mirakuri: checks 
*** TURN *** [Ks 9c 3d] [7s]
Mahu2021: checks 
Mirakuri: bets $0.49
Mahu2021: folds 
Uncalled bet ($0.49) returned to Mirakuri
Mirakuri collected $1.46 from pot
Mirakuri: doesn't show hand 
*** SUMMARY ***
Total pot $1.55 | Rake $0.09 
Board [Ks 9c 3d 7s]
Seat 1: Mirakuri (button) collected ($1.46)
Seat 2: Hoe_Jyland69 (small blind) folded before Flop
Seat 3: cippi1985 (big blind) folded before Flop
Seat 4: downsynjerome folded before Flop (didn't bet)
Seat 5: Mahu2021 folded on the Turn
Seat 6: Vadim91_blr folded before Flop (didn't bet)



PokerStars Zoom Hand #255557273711:  Hold'em No Limit ($0.05/$0.10) - 2025/04/02 12:19:35 CET [2025/04/02 6:19:35 ET]
Table 'Aludra' 6-max Seat #1 is the button
Seat 1: PovilasX ($10.12 in chips) 
Seat 2: Mirakuri ($33.35 in chips) 
Seat 3: claudio130905 ($14.92 in chips) 
Seat 4: EdgaP ($17.60 in chips) 
Seat 5: snxgar ($17.64 in chips) 
Seat 6: Mahu2021 ($6.04 in chips) 
Mirakuri: posts small blind $0.05
claudio130905: posts big blind $0.10
*** HOLE CARDS ***
Dealt to Mahu2021 [8h Td]
EdgaP: folds 
snxgar: folds 
Mahu2021: folds 
PovilasX: raises $0.15 to $0.25
Mirakuri: folds 
claudio130905: folds 
Uncalled bet ($0.15) returned to PovilasX
PovilasX collected $0.25 from pot
PovilasX: doesn't show hand 
*** SUMMARY ***
Total pot $0.25 | Rake $0 
Seat 1: PovilasX (button) collected ($0.25)
Seat 2: Mirakuri (small blind) folded before Flop
Seat 3: claudio130905 (big blind) folded before Flop
Seat 4: EdgaP folded before Flop (didn't bet)
Seat 5: snxgar folded before Flop (didn't bet)
Seat 6: Mahu2021 folded before Flop (didn't bet)



PokerStars Zoom Hand #255557274314:  Hold'em No Limit ($0.05/$0.10) - 2025/04/02 12:19:41 CET [2025/04/02 6:19:41 ET]
Table 'Aludra' 6-max Seat #1 is the button
Seat 1: denis4250 ($0.98 in chips) 
Seat 2: titan148 ($12.61 in chips) 
Seat 3: Pippitappeli ($14.34 in chips) 
Seat 4: Mahu2021 ($6.04 in chips) 
Seat 5: Malvaro99 ($15.13 in chips) 
Seat 6: Femto²/pk ($10 in chips) 
titan148: posts small blind $0.05
Pippitappeli: posts big blind $0.10
*** HOLE CARDS ***
Dealt to Mahu2021 [Jd Ah]
Mahu2021: raises $0.10 to $0.20
Malvaro99: folds 
Femto²/pk: folds 
denis4250: folds 
titan148: folds 
Pippitappeli: folds 
Uncalled bet ($0.10) returned to Mahu2021
Mahu2021 collected $0.25 from pot
Mahu2021: doesn't show hand 
*** SUMMARY ***
Total pot $0.25 | Rake $0 
Seat 1: denis4250 (button) folded before Flop (didn't bet)
Seat 2: titan148 (small blind) folded before Flop
Seat 3: Pippitappeli (big blind) folded before Flop
Seat 4: Mahu2021 collected ($0.25)
Seat 5: Malvaro99 folded before Flop (didn't bet)
Seat 6: Femto²/pk folded before Flop (didn't bet)



PokerStars Zoom Hand #255557275338:  Hold'em No Limit ($0.05/$0.10) - 2025/04/02 12:19:51 CET [2025/04/02 6:19:51 ET]
Table 'Aludra' 6-max Seat #1 is the button
Seat 1: orangetime13 ($10 in chips) 
Seat 2: EdgaP ($17.60 in chips) 
Seat 3: Mahu2021 ($6.19 in chips) 
Seat 4: qk rodriguez ($10.10 in chips) 
Seat 5: yossarian51 ($5.91 in chips) 
Seat 6: Pippitappeli ($14.24 in chips) 
EdgaP: posts small blind $0.05
Mahu2021: posts big blind $0.10
*** HOLE CARDS ***
Dealt to Mahu2021 [3s 5d]
qk rodriguez: folds 
yossarian51: folds 
Pippitappeli: folds 
orangetime13: folds 
EdgaP: calls $0.05
Mahu2021: checks 
*** FLOP *** [4s 7h 9s]
EdgaP: checks 
Mahu2021: checks 
*** TURN *** [4s 7h 9s] [Kc]
EdgaP: bets $0.10
Mahu2021: folds 
Uncalled bet ($0.10) returned to EdgaP
EdgaP collected $0.19 from pot
EdgaP: doesn't show hand 
*** SUMMARY ***
Total pot $0.20 | Rake $0.01 
Board [4s 7h 9s Kc]
Seat 1: orangetime13 (button) folded before Flop (didn't bet)
Seat 2: EdgaP (small blind) collected ($0.19)
Seat 3: Mahu2021 (big blind) folded on the Turn
Seat 4: qk rodriguez folded before Flop (didn't bet)
Seat 5: yossarian51 folded before Flop (didn't bet)
Seat 6: Pippitappeli folded before Flop (didn't bet)



PokerStars Zoom Hand #255557276941:  Hold'em No Limit ($0.05/$0.10) - 2025/04/02 12:20:07 CET [2025/04/02 6:20:07 ET]
Table 'Aludra' 6-max Seat #1 is the button
Seat 1: Mirakuri ($11.51 in chips) 
Seat 2: calpex777 ($13.75 in chips) 
Seat 3: Malvaro99 ($14.88 in chips) 
Seat 4: mayas009 ($15 in chips) 
Seat 5: Mahu2021 ($6.09 in chips) 
Seat 6: hummbold ($11.13 in chips) 
calpex777: posts small blind $0.05
Malvaro99: posts big blind $0.10
*** HOLE CARDS ***
Dealt to Mahu2021 [9h 9d]
mayas009: folds 
Mahu2021: raises $0.10 to $0.20
hummbold: folds 
Mirakuri: folds 
calpex777: folds 
Malvaro99: folds 
Uncalled bet ($0.10) returned to Mahu2021
Mahu2021 collected $0.25 from pot
Mahu2021: doesn't show hand 
*** SUMMARY ***
Total pot $0.25 | Rake $0 
Seat 1: Mirakuri (button) folded before Flop (didn't bet)
Seat 2: calpex777 (small blind) folded before Flop
Seat 3: Malvaro99 (big blind) folded before Flop
Seat 4: mayas009 folded before Flop (didn't bet)
Seat 5: Mahu2021 collected ($0.25)
Seat 6: hummbold folded before Flop (didn't bet)



PokerStars Zoom Hand #255557278350:  Hold'em No Limit ($0.05/$0.10) - 2025/04/02 12:20:21 CET [2025/04/02 6:20:21 ET]
Table 'Aludra' 6-max Seat #1 is the button
Seat 1: Mahu2021 ($6.24 in chips) 
Seat 2: cRicRilebritish ($23.52 in chips) 
Seat 3: killerita67 ($10 in chips) 
Seat 4: pokeripuikko ($50.44 in chips) 
Seat 5: titan148 ($10 in chips) 
Seat 6: Clicker89 ($10 in chips) 
cRicRilebritish: posts small blind $0.05
killerita67: posts big blind $0.10
*** HOLE CARDS ***
Dealt to Mahu2021 [Qs 2c]
pokeripuikko: raises $0.12 to $0.22
titan148: folds 
Clicker89: folds 
Mahu2021: folds 
cRicRilebritish: folds 
killerita67: folds 
Uncalled bet ($0.12) returned to pokeripuikko
pokeripuikko collected $0.25 from pot
pokeripuikko: doesn't show hand 
*** SUMMARY ***
Total pot $0.25 | Rake $0 
Seat 1: Mahu2021 (button) folded before Flop (didn't bet)
Seat 2: cRicRilebritish (small blind) folded before Flop
Seat 3: killerita67 (big blind) folded before Flop
Seat 4: pokeripuikko collected ($0.25)
Seat 5: titan148 folded before Flop (didn't bet)
Seat 6: Clicker89 folded before Flop (didn't bet)



PokerStars Zoom Hand #255557279058:  Hold'em No Limit ($0.05/$0.10) - 2025/04/02 12:20:28 CET [2025/04/02 6:20:28 ET]
Table 'Aludra' 6-max Seat #1 is the button
Seat 1: Clicker89 ($10 in chips) 
Seat 2: Mahu2021 ($6.24 in chips) 
Seat 3: killerita67 ($10 in chips) 
Seat 4: titan148 ($10 in chips) 
Seat 5: zogecmarogec ($4.10 in chips) 
Seat 6: Mirakuri ($12.16 in chips) 
Mahu2021: posts small blind $0.05
killerita67: posts big blind $0.10
*** HOLE CARDS ***
Dealt to Mahu2021 [3h 6c]
titan148: folds 
zogecmarogec: folds 
Mirakuri: folds 
Clicker89: folds 
Mahu2021: folds 
Uncalled bet ($0.05) returned to killerita67
killerita67 collected $0.10 from pot
killerita67: doesn't show hand 
*** SUMMARY ***
Total pot $0.10 | Rake $0 
Seat 1: Clicker89 (button) folded before Flop (didn't bet)
Seat 2: Mahu2021 (small blind) folded before Flop
Seat 3: killerita67 (big blind) collected ($0.10)
Seat 4: titan148 folded before Flop (didn't bet)
Seat 5: zogecmarogec folded before Flop (didn't bet)
Seat 6: Mirakuri folded before Flop (didn't bet)



PokerStars Zoom Hand #255557279700:  Hold'em No Limit ($0.05/$0.10) - 2025/04/02 12:20:34 CET [2025/04/02 6:20:34 ET]
Table 'Aludra' 6-max Seat #1 is the button
Seat 1: Tompi2510 ($11.91 in chips) 
Seat 2: LUC1NhO ($10.05 in chips) 
Seat 3: Vadim91_blr ($11.84 in chips) 
Seat 4: claudio130905 ($24.15 in chips) 
Seat 5: Mahu2021 ($6.19 in chips) 
Seat 6: Yash1ch ($7.17 in chips) 
LUC1NhO: posts small blind $0.05
Vadim91_blr: posts big blind $0.10
*** HOLE CARDS ***
Dealt to Mahu2021 [Tc 3s]
claudio130905: folds 
Mahu2021: folds 
Yash1ch: folds 
Tompi2510: raises $0.15 to $0.25
LUC1NhO: folds 
Vadim91_blr: folds 
Uncalled bet ($0.15) returned to Tompi2510
Tompi2510 collected $0.25 from pot
Tompi2510: doesn't show hand 
*** SUMMARY ***
Total pot $0.25 | Rake $0 
Seat 1: Tompi2510 (button) collected ($0.25)
Seat 2: LUC1NhO (small blind) folded before Flop
Seat 3: Vadim91_blr (big blind) folded before Flop
Seat 4: claudio130905 folded before Flop (didn't bet)
Seat 5: Mahu2021 folded before Flop (didn't bet)
Seat 6: Yash1ch folded before Flop (didn't bet)



PokerStars Zoom Hand #255557280895:  Hold'em No Limit ($0.05/$0.10) - 2025/04/02 12:20:46 CET [2025/04/02 6:20:46 ET]
Table 'Aludra' 6-max Seat #1 is the button
Seat 1: Mahu2021 ($6.09 in chips) 
Seat 2: Tompi2510 ($10.05 in chips) 
Seat 3: hummbold ($19.18 in chips) 
Seat 4: qk rodriguez ($11.35 in chips) 
Seat 5: ghanisha ($10.05 in chips) 
Seat 6: PovilasX ($16.49 in chips) 
Tompi2510: posts small blind $0.05
hummbold: posts big blind $0.10
*** HOLE CARDS ***
Dealt to Mahu2021 [Kd 3c]
qk rodriguez: folds 
ghanisha: folds 
PovilasX: folds 
Mahu2021: folds 
Tompi2510: folds 
Uncalled bet ($0.05) returned to hummbold
hummbold collected $0.10 from pot
hummbold: doesn't show hand 
*** SUMMARY ***
Total pot $0.10 | Rake $0 
Seat 1: Mahu2021 (button) folded before Flop (didn't bet)
Seat 2: Tompi2510 (small blind) folded before Flop
Seat 3: hummbold (big blind) collected ($0.10)
Seat 4: qk rodriguez folded before Flop (didn't bet)
Seat 5: ghanisha folded before Flop (didn't bet)
Seat 6: PovilasX folded before Flop (didn't bet)



PokerStars Zoom Hand #255557280496:  Hold'em No Limit ($0.05/$0.10) - 2025/04/02 12:20:42 CET [2025/04/02 6:20:42 ET]
Table 'Aludra' 6-max Seat #1 is the button
Seat 1: Yash1ch ($7.17 in chips) 
Seat 2: killerita67 ($10.05 in chips) 
Seat 3: 4cidwave ($5.10 in chips) 
Seat 4: titan148 ($10 in chips) 
Seat 5: kSam44 ($18.24 in chips) 
Seat 6: Mahu2021 ($6.09 in chips) 
killerita67: posts small blind $0.05
4cidwave: posts big blind $0.10
*** HOLE CARDS ***
Dealt to Mahu2021 [8c 2c]
titan148: folds 
kSam44: folds 
Mahu2021: folds 
Yash1ch: raises $0.10 to $0.20
killerita67: folds 
4cidwave: raises $0.55 to $0.75
Yash1ch: calls $0.55
*** FLOP *** [7h 4d 9s]
4cidwave: checks 
Yash1ch: bets $0.74
4cidwave: folds 
Uncalled bet ($0.74) returned to Yash1ch
Yash1ch collected $1.46 from pot
Yash1ch: doesn't show hand 
*** SUMMARY ***
Total pot $1.55 | Rake $0.09 
Board [7h 4d 9s]
Seat 1: Yash1ch (button) collected ($1.46)
Seat 2: killerita67 (small blind) folded before Flop
Seat 3: 4cidwave (big blind) folded on the Flop
Seat 4: titan148 folded before Flop (didn't bet)
Seat 5: kSam44 folded before Flop (didn't bet)
Seat 6: Mahu2021 folded before Flop (didn't bet)



PokerStars Zoom Hand #255557280098:  Hold'em No Limit ($0.05/$0.10) - 2025/04/02 12:20:38 CET [2025/04/02 6:20:38 ET]
Table 'Aludra' 6-max Seat #1 is the button
Seat 1: LUC1NhO ($10.10 in chips) 
Seat 2: Shinaco ($10.58 in chips) 
Seat 3: Mahu2021 ($6.19 in chips) 
Seat 4: denis4250 ($2.07 in chips) 
Seat 5: hummbold ($12.98 in chips) 
Seat 6: Reddington567 ($21.20 in chips) 
Shinaco: posts small blind $0.05
Mahu2021: posts big blind $0.10
*** HOLE CARDS ***
Dealt to Mahu2021 [Jd 6s]
denis4250: raises $0.15 to $0.25
hummbold: folds 
Reddington567: folds 
LUC1NhO: folds 
Shinaco: calls $0.20
Mahu2021: folds 
*** FLOP *** [Qd Jc 6c]
Shinaco: checks 
denis4250: bets $0.29
Shinaco: calls $0.29
*** TURN *** [Qd Jc 6c] [4d]
Shinaco: checks 
denis4250: checks 
*** RIVER *** [Qd Jc 6c 4d] [Js]
Shinaco: bets $0.57
denis4250: calls $0.57
*** SHOW DOWN ***
Shinaco: shows [Qc Kh] (two pair, Queens and Jacks)
denis4250: mucks hand 
Shinaco collected $2.22 from pot
*** SUMMARY ***
Total pot $2.32 | Rake $0.10 
Board [Qd Jc 6c 4d Js]
Seat 1: LUC1NhO (button) folded before Flop (didn't bet)
Seat 2: Shinaco (small blind) showed [Qc Kh] and won ($2.22) with two pair, Queens and Jacks
Seat 3: Mahu2021 (big blind) folded before Flop
Seat 4: denis4250 mucked [Ah Ts]
Seat 5: hummbold folded before Flop (didn't bet)
Seat 6: Reddington567 folded before Flop (didn't bet)



PokerStars Zoom Hand #255557281432:  Hold'em No Limit ($0.05/$0.10) - 2025/04/02 12:20:51 CET [2025/04/02 6:20:51 ET]
Table 'Aludra' 6-max Seat #1 is the button
Seat 1: 15lawrencea ($29.15 in chips) 
Seat 2: Malvaro99 ($15.20 in chips) 
Seat 3: Vadim91_blr ($10.77 in chips) 
Seat 4: Mirakuri ($12.06 in chips) 
Seat 5: Tompi2510 ($12.01 in chips) 
Seat 6: Mahu2021 ($6.09 in chips) 
Malvaro99: posts small blind $0.05
Vadim91_blr: posts big blind $0.10
*** HOLE CARDS ***
Dealt to Mahu2021 [7d 7h]
Mirakuri: folds 
Tompi2510: folds 
Mahu2021: raises $0.10 to $0.20
15lawrencea: raises $0.40 to $0.60
Malvaro99: folds 
Vadim91_blr: folds 
Mahu2021: calls $0.40
*** FLOP *** [6s 2c 8s]
Mahu2021: bets $0.50
15lawrencea: calls $0.50
*** TURN *** [6s 2c 8s] [3h]
Mahu2021: bets $0.50
15lawrencea: calls $0.50
*** RIVER *** [6s 2c 8s 3h] [Jc]
Mahu2021: bets $1.40
15lawrencea: calls $1.40
*** SHOW DOWN ***
Mahu2021: shows [7d 7h] (a pair of Sevens)
15lawrencea: shows [7c 8c] (a pair of Eights)
15lawrencea collected $5.87 from pot
*** SUMMARY ***
Total pot $6.15 | Rake $0.28 
Board [6s 2c 8s 3h Jc]
Seat 1: 15lawrencea (button) showed [7c 8c] and won ($5.87) with a pair of Eights
Seat 2: Malvaro99 (small blind) folded before Flop
Seat 3: Vadim91_blr (big blind) folded before Flop
Seat 4: Mirakuri folded before Flop (didn't bet)
Seat 5: Tompi2510 folded before Flop (didn't bet)
Seat 6: Mahu2021 showed [7d 7h] and lost with a pair of Sevens



PokerStars Zoom Hand #255557285428:  Hold'em No Limit ($0.05/$0.10) - 2025/04/02 12:21:30 CET [2025/04/02 6:21:30 ET]
Table 'Aludra' 6-max Seat #1 is the button
Seat 1: calpex777 ($13.27 in chips) 
Seat 2: downsynjerome ($13.21 in chips) 
Seat 3: 4cidwave ($4.95 in chips) 
Seat 4: Mahu2021 ($3.04 in chips) 
Seat 5: titan148 ($10 in chips) 
Seat 6: PovilasX ($10 in chips) 
downsynjerome: posts small blind $0.05
4cidwave: posts big blind $0.10
*** HOLE CARDS ***
Dealt to Mahu2021 [Js 5h]
Mahu2021: folds 
titan148: folds 
PovilasX: folds 
calpex777: raises $0.20 to $0.30
downsynjerome: folds 
4cidwave: raises $0.65 to $0.95
calpex777: folds 
Uncalled bet ($0.65) returned to 4cidwave
4cidwave collected $0.65 from pot
4cidwave: doesn't show hand 
*** SUMMARY ***
Total pot $0.65 | Rake $0 
Seat 1: calpex777 (button) folded before Flop
Seat 2: downsynjerome (small blind) folded before Flop
Seat 3: 4cidwave (big blind) collected ($0.65)
Seat 4: Mahu2021 folded before Flop (didn't bet)
Seat 5: titan148 folded before Flop (didn't bet)
Seat 6: PovilasX folded before Flop (didn't bet)



PokerStars Zoom Hand #255557285827:  Hold'em No Limit ($0.05/$0.10) - 2025/04/02 12:21:34 CET [2025/04/02 6:21:34 ET]
Table 'Aludra' 6-max Seat #1 is the button
Seat 1: swalley9999 ($9.53 in chips) 
Seat 2: hummbold ($10 in chips) 
Seat 3: PovilasX ($10 in chips) 
Seat 4: Mahu2021 ($3.04 in chips) 
Seat 5: Shinaco ($11.69 in chips) 
Seat 6: orangetime13 ($10 in chips) 
hummbold: posts small blind $0.05
PovilasX: posts big blind $0.10
*** HOLE CARDS ***
Dealt to Mahu2021 [Jc 9c]
Mahu2021: raises $0.10 to $0.20
Shinaco: folds 
orangetime13: folds 
swalley9999: folds 
hummbold: folds 
PovilasX: folds 
Uncalled bet ($0.10) returned to Mahu2021
Mahu2021 collected $0.25 from pot
Mahu2021: doesn't show hand 
*** SUMMARY ***
Total pot $0.25 | Rake $0 
Seat 1: swalley9999 (button) folded before Flop (didn't bet)
Seat 2: hummbold (small blind) folded before Flop
Seat 3: PovilasX (big blind) folded before Flop
Seat 4: Mahu2021 collected ($0.25)
Seat 5: Shinaco folded before Flop (didn't bet)
Seat 6: orangetime13 folded before Flop (didn't bet)



PokerStars Zoom Hand #255557287193:  Hold'em No Limit ($0.05/$0.10) - 2025/04/02 12:21:48 CET [2025/04/02 6:21:48 ET]
Table 'Aludra' 6-max Seat #1 is the button
Seat 1: swalley9999 ($9.48 in chips) 
Seat 2: calpex777 ($11.38 in chips) 
Seat 3: Mahu2021 ($3.19 in chips) 
Seat 4: bvch95 ($10 in chips) 
Seat 5: chessismorefun ($21.11 in chips) 
Seat 6: Jutsai ($14.78 in chips) 
calpex777: posts small blind $0.05
Mahu2021: posts big blind $0.10
*** HOLE CARDS ***
Dealt to Mahu2021 [9d 5s]
bvch95: folds 
chessismorefun: raises $0.10 to $0.20
Jutsai: folds 
swalley9999: folds 
calpex777: folds 
Mahu2021: folds 
Uncalled bet ($0.10) returned to chessismorefun
chessismorefun collected $0.25 from pot
chessismorefun: doesn't show hand 
*** SUMMARY ***
Total pot $0.25 | Rake $0 
Seat 1: swalley9999 (button) folded before Flop (didn't bet)
Seat 2: calpex777 (small blind) folded before Flop
Seat 3: Mahu2021 (big blind) folded before Flop
Seat 4: bvch95 folded before Flop (didn't bet)
Seat 5: chessismorefun collected ($0.25)
Seat 6: Jutsai folded before Flop (didn't bet)



PokerStars Zoom Hand #255557287721:  Hold'em No Limit ($0.05/$0.10) - 2025/04/02 12:21:52 CET [2025/04/02 6:21:52 ET]
Table 'Aludra' 6-max Seat #1 is the button
Seat 1: Die8 ($10.40 in chips) 
Seat 2: titan148 ($12.10 in chips) 
Seat 3: Shinaco ($11.64 in chips) 
Seat 4: Mahu2021 ($3.09 in chips) 
Seat 5: camoulife ($10.52 in chips) 
Seat 6: Vadim91_blr ($11.54 in chips) 
titan148: posts small blind $0.05
Shinaco: posts big blind $0.10
*** HOLE CARDS ***
Dealt to Mahu2021 [5c 6h]
Mahu2021: folds 
camoulife: folds 
Vadim91_blr: raises $0.10 to $0.20
Die8: folds 
titan148: folds 
Shinaco: folds 
Uncalled bet ($0.10) returned to Vadim91_blr
Vadim91_blr collected $0.25 from pot
Vadim91_blr: doesn't show hand 
*** SUMMARY ***
Total pot $0.25 | Rake $0 
Seat 1: Die8 (button) folded before Flop (didn't bet)
Seat 2: titan148 (small blind) folded before Flop
Seat 3: Shinaco (big blind) folded before Flop
Seat 4: Mahu2021 folded before Flop (didn't bet)
Seat 5: camoulife folded before Flop (didn't bet)
Seat 6: Vadim91_blr collected ($0.25)



PokerStars Zoom Hand #255557287938:  Hold'em No Limit ($0.05/$0.10) - 2025/04/02 12:21:54 CET [2025/04/02 6:21:54 ET]
Table 'Aludra' 6-max Seat #1 is the button
Seat 1: 15lawrencea ($10.37 in chips) 
Seat 2: Die8 ($10.40 in chips) 
Seat 3: acebob999 ($9.81 in chips) 
Seat 4: Luca1234m146 ($13.10 in chips) 
Seat 5: Pippitappeli ($14.91 in chips) 
Seat 6: Mahu2021 ($3.09 in chips) 
Die8: posts small blind $0.05
acebob999: posts big blind $0.10
*** HOLE CARDS ***
Dealt to Mahu2021 [4d 2h]
Luca1234m146: folds 
Pippitappeli: folds 
Mahu2021: folds 
15lawrencea: folds 
Die8: folds 
Uncalled bet ($0.05) returned to acebob999
acebob999 collected $0.10 from pot
acebob999: doesn't show hand 
*** SUMMARY ***
Total pot $0.10 | Rake $0 
Seat 1: 15lawrencea (button) folded before Flop (didn't bet)
Seat 2: Die8 (small blind) folded before Flop
Seat 3: acebob999 (big blind) collected ($0.10)
Seat 4: Luca1234m146 folded before Flop (didn't bet)
Seat 5: Pippitappeli folded before Flop (didn't bet)
Seat 6: Mahu2021 folded before Flop (didn't bet)



PokerStars Zoom Hand #255557288338:  Hold'em No Limit ($0.05/$0.10) - 2025/04/02 12:21:58 CET [2025/04/02 6:21:58 ET]
Table 'Aludra' 6-max Seat #1 is the button
Seat 1: Mahu2021 ($3.09 in chips) 
Seat 2: denis4250 ($8.06 in chips) 
Seat 3: hummbold ($18.43 in chips) 
Seat 4: Vadim91_blr ($42.06 in chips) 
Seat 5: purgao812 ($10.62 in chips) 
Seat 6: PovilasX ($15.99 in chips) 
denis4250: posts small blind $0.05
hummbold: posts big blind $0.10
*** HOLE CARDS ***
Dealt to Mahu2021 [Qc 9h]
Vadim91_blr: folds 
purgao812: folds 
PovilasX: folds 
Mahu2021: folds 
denis4250: folds 
Uncalled bet ($0.05) returned to hummbold
hummbold collected $0.10 from pot
hummbold: doesn't show hand 
*** SUMMARY ***
Total pot $0.10 | Rake $0 
Seat 1: Mahu2021 (button) folded before Flop (didn't bet)
Seat 2: denis4250 (small blind) folded before Flop
Seat 3: hummbold (big blind) collected ($0.10)
Seat 4: Vadim91_blr folded before Flop (didn't bet)
Seat 5: purgao812 folded before Flop (didn't bet)
Seat 6: PovilasX folded before Flop (didn't bet)



PokerStars Zoom Hand #255557284926:  Hold'em No Limit ($0.05/$0.10) - 2025/04/02 12:21:25 CET [2025/04/02 6:21:25 ET]
Table 'Aludra' 6-max Seat #1 is the button
Seat 1: pokeripuikko ($50.22 in chips) 
Seat 2: Mahu2021 ($3.09 in chips) 
Seat 3: Femto²/pk ($10.29 in chips) 
Seat 4: 4cidwave ($4.95 in chips) 
Seat 5: Mirakuri ($20.10 in chips) 
Seat 6: cRicRilebritish ($23.62 in chips) 
Mahu2021: posts small blind $0.05
Femto²/pk: posts big blind $0.10
*** HOLE CARDS ***
Dealt to Mahu2021 [8c 3d]
4cidwave: folds 
Mirakuri: raises $0.15 to $0.25
cRicRilebritish: raises $0.65 to $0.90
pokeripuikko: folds 
Mahu2021: folds 
Femto²/pk: folds 
Mirakuri: raises $1.60 to $2.50
cRicRilebritish: calls $1.60
*** FLOP *** [2d 6c 9s]
Mirakuri: bets $3.25
cRicRilebritish: calls $3.25
*** TURN *** [2d 6c 9s] [8h]
Mirakuri: bets $14.35 and is all-in
cRicRilebritish: calls $14.35
*** RIVER *** [2d 6c 9s 8h] [Jh]
*** SHOW DOWN ***
Mirakuri: shows [Ac Ad] (a pair of Aces)
cRicRilebritish: shows [Qh Qs] (a pair of Queens)
Mirakuri collected $38.47 from pot
*** SUMMARY ***
Total pot $40.35 | Rake $1.88 
Board [2d 6c 9s 8h Jh]
Seat 1: pokeripuikko (button) folded before Flop (didn't bet)
Seat 2: Mahu2021 (small blind) folded before Flop
Seat 3: Femto²/pk (big blind) folded before Flop
Seat 4: 4cidwave folded before Flop (didn't bet)
Seat 5: Mirakuri showed [Ac Ad] and won ($38.47) with a pair of Aces
Seat 6: cRicRilebritish showed [Qh Qs] and lost with a pair of Queens



PokerStars Zoom Hand #255557288900:  Hold'em No Limit ($0.05/$0.10) - 2025/04/02 12:22:04 CET [2025/04/02 6:22:04 ET]
Table 'Aludra' 6-max Seat #1 is the button
Seat 1: acebob999 ($9.86 in chips) 
Seat 2: Mahu2021 ($3.09 in chips) 
Seat 3: Vadim91_blr ($10.42 in chips) 
Seat 4: camoulife ($10.52 in chips) 
Seat 5: cippi1985 ($11.28 in chips) 
Seat 6: calpex777 ($13.77 in chips) 
Mahu2021: posts small blind $0.05
Vadim91_blr: posts big blind $0.10
*** HOLE CARDS ***
Dealt to Mahu2021 [Js Qc]
camoulife: folds 
cippi1985: folds 
calpex777: folds 
acebob999: folds 
Mahu2021: raises $0.10 to $0.20
Vadim91_blr: raises $0.40 to $0.60
Mahu2021: calls $0.40
*** FLOP *** [3s Ad Ts]
Mahu2021: checks 
Vadim91_blr: bets $0.58
Mahu2021: folds 
Uncalled bet ($0.58) returned to Vadim91_blr
Vadim91_blr collected $1.15 from pot
Vadim91_blr: doesn't show hand 
*** SUMMARY ***
Total pot $1.20 | Rake $0.05 
Board [3s Ad Ts]
Seat 1: acebob999 (button) folded before Flop (didn't bet)
Seat 2: Mahu2021 (small blind) folded on the Flop
Seat 3: Vadim91_blr (big blind) collected ($1.15)
Seat 4: camoulife folded before Flop (didn't bet)
Seat 5: cippi1985 folded before Flop (didn't bet)
Seat 6: calpex777 folded before Flop (didn't bet)



PokerStars Zoom Hand #255557291147:  Hold'em No Limit ($0.05/$0.10) - 2025/04/02 12:22:26 CET [2025/04/02 6:22:26 ET]
Table 'Aludra' 6-max Seat #1 is the button
Seat 1: hummbold ($18.58 in chips) 
Seat 2: pokeripuikko ($38.43 in chips) 
Seat 3: claudio130905 ($23.80 in chips) 
Seat 4: qk rodriguez ($10.65 in chips) 
Seat 5: Mahu2021 ($2.49 in chips) 
Seat 6: Mirakuri ($11.66 in chips) 
pokeripuikko: posts small blind $0.05
claudio130905: posts big blind $0.10
*** HOLE CARDS ***
Dealt to Mahu2021 [9s Ah]
qk rodriguez: raises $0.10 to $0.20
Mahu2021: folds 
Mirakuri: folds 
hummbold: folds 
pokeripuikko: folds 
claudio130905: raises $0.45 to $0.65
qk rodriguez: calls $0.45
*** FLOP *** [8d 3s Kd]
claudio130905: bets $0.43
qk rodriguez: folds 
Uncalled bet ($0.43) returned to claudio130905
claudio130905 collected $1.29 from pot
claudio130905: doesn't show hand 
*** SUMMARY ***
Total pot $1.35 | Rake $0.06 
Board [8d 3s Kd]
Seat 1: hummbold (button) folded before Flop (didn't bet)
Seat 2: pokeripuikko (small blind) folded before Flop
Seat 3: claudio130905 (big blind) collected ($1.29)
Seat 4: qk rodriguez folded on the Flop
Seat 5: Mahu2021 folded before Flop (didn't bet)
Seat 6: Mirakuri folded before Flop (didn't bet)



PokerStars Zoom Hand #255557291783:  Hold'em No Limit ($0.05/$0.10) - 2025/04/02 12:22:32 CET [2025/04/02 6:22:32 ET]
Table 'Aludra' 6-max Seat #1 is the button
Seat 1: Mirakuri ($13.31 in chips) 
Seat 2: Vadim91_blr ($41.96 in chips) 
Seat 3: Mahu2021 ($2.49 in chips) 
Seat 4: purgao812 ($10.81 in chips) 
Seat 5: hummbold ($18.58 in chips) 
Seat 6: qk rodriguez ($10.25 in chips) 
Vadim91_blr: posts small blind $0.05
Mahu2021: posts big blind $0.10
*** HOLE CARDS ***
Dealt to Mahu2021 [2s 4d]
purgao812: folds 
hummbold: folds 
qk rodriguez: raises $0.10 to $0.20
Mirakuri: folds 
Vadim91_blr: folds 
Mahu2021: folds 
Uncalled bet ($0.10) returned to qk rodriguez
qk rodriguez collected $0.25 from pot
qk rodriguez: doesn't show hand 
*** SUMMARY ***
Total pot $0.25 | Rake $0 
Seat 1: Mirakuri (button) folded before Flop (didn't bet)
Seat 2: Vadim91_blr (small blind) folded before Flop
Seat 3: Mahu2021 (big blind) folded before Flop
Seat 4: purgao812 folded before Flop (didn't bet)
Seat 5: hummbold folded before Flop (didn't bet)
Seat 6: qk rodriguez collected ($0.25)



PokerStars Zoom Hand #255557293196:  Hold'em No Limit ($0.05/$0.10) - 2025/04/02 12:22:46 CET [2025/04/02 6:22:46 ET]
Table 'Aludra' 6-max Seat #1 is the button
Seat 1: qk rodriguez ($10.40 in chips) 
Seat 2: titan148 ($10.57 in chips) 
Seat 3: 15lawrencea ($10.32 in chips) 
Seat 4: hummbold ($18.58 in chips) 
Seat 5: claudio130905 ($24.44 in chips) 
Seat 6: Mahu2021 ($2.39 in chips) 
titan148: posts small blind $0.05
15lawrencea: posts big blind $0.10
*** HOLE CARDS ***
Dealt to Mahu2021 [Jh Tc]
hummbold: folds 
claudio130905: folds 
Mahu2021: raises $0.10 to $0.20
qk rodriguez: folds 
titan148: raises $1 to $1.20
15lawrencea: folds 
Mahu2021: folds 
Uncalled bet ($1) returned to titan148
titan148 collected $0.50 from pot
titan148: doesn't show hand 
*** SUMMARY ***
Total pot $0.50 | Rake $0 
Seat 1: qk rodriguez (button) folded before Flop (didn't bet)
Seat 2: titan148 (small blind) collected ($0.50)
Seat 3: 15lawrencea (big blind) folded before Flop
Seat 4: hummbold folded before Flop (didn't bet)
Seat 5: claudio130905 folded before Flop (didn't bet)
Seat 6: Mahu2021 folded before Flop



PokerStars Zoom Hand #255557294857:  Hold'em No Limit ($0.05/$0.10) - 2025/04/02 12:23:02 CET [2025/04/02 6:23:02 ET]
Table 'Aludra' 6-max Seat #1 is the button
Seat 1: Mahu2021 ($2.19 in chips) 
Seat 2: claudio130905 ($24.44 in chips) 
Seat 3: chessismorefun ($20.86 in chips) 
Seat 4: Vadim91_blr ($14.03 in chips) 
Seat 5: pokeripuikko ($37.83 in chips) 
Seat 6: Clicker89 ($10.15 in chips) 
claudio130905: posts small blind $0.05
chessismorefun: posts big blind $0.10
*** HOLE CARDS ***
Dealt to Mahu2021 [Ts 3c]
Vadim91_blr: folds 
pokeripuikko: folds 
Clicker89: folds 
Mahu2021: folds 
claudio130905: folds 
Uncalled bet ($0.05) returned to chessismorefun
chessismorefun collected $0.10 from pot
chessismorefun: doesn't show hand 
*** SUMMARY ***
Total pot $0.10 | Rake $0 
Seat 1: Mahu2021 (button) folded before Flop (didn't bet)
Seat 2: claudio130905 (small blind) folded before Flop
Seat 3: chessismorefun (big blind) collected ($0.10)
Seat 4: Vadim91_blr folded before Flop (didn't bet)
Seat 5: pokeripuikko folded before Flop (didn't bet)
Seat 6: Clicker89 folded before Flop (didn't bet)



PokerStars Zoom Hand #255557295299:  Hold'em No Limit ($0.05/$0.10) - 2025/04/02 12:23:06 CET [2025/04/02 6:23:06 ET]
Table 'Aludra' 6-max Seat #1 is the button
Seat 1: downsynjerome ($12.04 in chips) 
Seat 2: pokeripuikko ($50.27 in chips) 
Seat 3: brodieball ($3.35 in chips) 
Seat 4: Mahu2021 ($2.19 in chips) 
Seat 5: strboxer ($13.85 in chips) 
Seat 6: Hoe_Jyland69 ($11.89 in chips) 
pokeripuikko: posts small blind $0.05
brodieball: posts big blind $0.10
*** HOLE CARDS ***
Dealt to Mahu2021 [5c 3h]
Mahu2021: folds 
strboxer: raises $0.12 to $0.22
Hoe_Jyland69: raises $0.59 to $0.81
downsynjerome: folds 
pokeripuikko: folds 
brodieball: folds 
strboxer: folds 
Uncalled bet ($0.59) returned to Hoe_Jyland69
Hoe_Jyland69 collected $0.59 from pot
Hoe_Jyland69: doesn't show hand 
*** SUMMARY ***
Total pot $0.59 | Rake $0 
Seat 1: downsynjerome (button) folded before Flop (didn't bet)
Seat 2: pokeripuikko (small blind) folded before Flop
Seat 3: brodieball (big blind) folded before Flop
Seat 4: Mahu2021 folded before Flop (didn't bet)
Seat 5: strboxer folded before Flop
Seat 6: Hoe_Jyland69 collected ($0.59)



PokerStars Zoom Hand #255557295644:  Hold'em No Limit ($0.05/$0.10) - 2025/04/02 12:23:10 CET [2025/04/02 6:23:10 ET]
Table 'Aludra' 6-max Seat #1 is the button
Seat 1: Mirakuri ($38.40 in chips) 
Seat 2: Mahu2021 ($2.19 in chips) 
Seat 3: 15lawrencea ($10.17 in chips) 
Seat 4: denis4250 ($8.01 in chips) 
Seat 5: Die8 ($10 in chips) 
Seat 6: calpex777 ($13.77 in chips) 
Mahu2021: posts small blind $0.05
15lawrencea: posts big blind $0.10
*** HOLE CARDS ***
Dealt to Mahu2021 [5c Jc]
denis4250: folds 
Die8: folds 
calpex777: folds 
Mirakuri: raises $0.15 to $0.25
Mahu2021: folds 
15lawrencea: calls $0.15
*** FLOP *** [3c 6d 4c]
15lawrencea: checks 
Mirakuri: bets $0.35
15lawrencea: calls $0.35
*** TURN *** [3c 6d 4c] [2h]
15lawrencea: checks 
Mirakuri: bets $1.20
15lawrencea: folds 
Uncalled bet ($1.20) returned to Mirakuri
Mirakuri collected $1.17 from pot
Mirakuri: doesn't show hand 
*** SUMMARY ***
Total pot $1.25 | Rake $0.08 
Board [3c 6d 4c 2h]
Seat 1: Mirakuri (button) collected ($1.17)
Seat 2: Mahu2021 (small blind) folded before Flop
Seat 3: 15lawrencea (big blind) folded on the Turn
Seat 4: denis4250 folded before Flop (didn't bet)
Seat 5: Die8 folded before Flop (didn't bet)
Seat 6: calpex777 folded before Flop (didn't bet)



PokerStars Zoom Hand #255557292940:  Hold'em No Limit ($0.05/$0.10) - 2025/04/02 12:22:43 CET [2025/04/02 6:22:43 ET]
Table 'Aludra' 6-max Seat #1 is the button
Seat 1: JusticeHunter ($8.99 in chips) 
Seat 2: Yash1ch ($7.73 in chips) 
Seat 3: calpex777 ($11.23 in chips) 
Seat 4: Shinaco ($11.71 in chips) 
Seat 5: Mahu2021 ($2.39 in chips) 
Seat 6: Clicker89 ($10.94 in chips) 
Yash1ch: posts small blind $0.05
calpex777: posts big blind $0.10
*** HOLE CARDS ***
Dealt to Mahu2021 [5s 6h]
Shinaco: raises $0.10 to $0.20
Mahu2021: folds 
Clicker89: folds 
JusticeHunter: folds 
Yash1ch: folds 
calpex777: calls $0.10
*** FLOP *** [Kh 9d 3h]
calpex777: checks 
Shinaco: bets $0.22
calpex777: calls $0.22
*** TURN *** [Kh 9d 3h] [Qc]
calpex777: checks 
Shinaco: bets $0.63
calpex777: calls $0.63
*** RIVER *** [Kh 9d 3h Qc] [5d]
calpex777: checks 
Shinaco: bets $1.70
calpex777: folds 
Uncalled bet ($1.70) returned to Shinaco
Shinaco collected $2.05 from pot
Shinaco: doesn't show hand 
*** SUMMARY ***
Total pot $2.15 | Rake $0.10 
Board [Kh 9d 3h Qc 5d]
Seat 1: JusticeHunter (button) folded before Flop (didn't bet)
Seat 2: Yash1ch (small blind) folded before Flop
Seat 3: calpex777 (big blind) folded on the River
Seat 4: Shinaco collected ($2.05)
Seat 5: Mahu2021 folded before Flop (didn't bet)
Seat 6: Clicker89 folded before Flop (didn't bet)



PokerStars Zoom Hand #255557296026:  Hold'em No Limit ($0.05/$0.10) - 2025/04/02 12:23:13 CET [2025/04/02 6:23:13 ET]
Table 'Aludra' 6-max Seat #1 is the button
Seat 1: brodieball ($3.25 in chips) 
Seat 2: Die8 ($10 in chips) 
Seat 3: Mahu2021 ($2.14 in chips) 
Seat 4: Pippitappeli ($14.26 in chips) 
Seat 5: orangetime13 ($10.20 in chips) 
Seat 6: hummbold ($10.10 in chips) 
Die8: posts small blind $0.05
Mahu2021: posts big blind $0.10
*** HOLE CARDS ***
Dealt to Mahu2021 [Kc Kh]
Pippitappeli is disconnected 
Pippitappeli has timed out while disconnected
Pippitappeli: folds 
orangetime13: raises $0.12 to $0.22
hummbold: folds 
brodieball: folds 
Die8: folds 
Mahu2021: raises $1.92 to $2.14 and is all-in
orangetime13: folds 
Uncalled bet ($1.92) returned to Mahu2021
Mahu2021 collected $0.49 from pot
Mahu2021: doesn't show hand 
*** SUMMARY ***
Total pot $0.49 | Rake $0 
Seat 1: brodieball (button) folded before Flop (didn't bet)
Seat 2: Die8 (small blind) folded before Flop
Seat 3: Mahu2021 (big blind) collected ($0.49)
Seat 4: Pippitappeli folded before Flop (didn't bet)
Seat 5: orangetime13 folded before Flop
Seat 6: hummbold folded before Flop (didn't bet)



PokerStars Zoom Hand #255557303436:  Hold'em No Limit ($0.05/$0.10) - 2025/04/02 12:24:26 CET [2025/04/02 6:24:26 ET]
Table 'Aludra' 6-max Seat #1 is the button
Seat 1: calpex777 ($10.13 in chips) 
Seat 2: Bobbymcgee99 ($16.09 in chips) 
Seat 3: titan148 ($10 in chips) 
Seat 4: swalley9999 ($9.82 in chips) 
Seat 5: Mirakuri ($37.93 in chips) 
Seat 6: Mahu2021 ($2.41 in chips) 
Bobbymcgee99: posts small blind $0.05
titan148: posts big blind $0.10
*** HOLE CARDS ***
Dealt to Mahu2021 [Qc 7c]
swalley9999: folds 
Mirakuri: raises $0.15 to $0.25
Mahu2021: folds 
calpex777: folds 
Bobbymcgee99: folds 
titan148: folds 
Uncalled bet ($0.15) returned to Mirakuri
Mirakuri collected $0.25 from pot
Mirakuri: doesn't show hand 
*** SUMMARY ***
Total pot $0.25 | Rake $0 
Seat 1: calpex777 (button) folded before Flop (didn't bet)
Seat 2: Bobbymcgee99 (small blind) folded before Flop
Seat 3: titan148 (big blind) folded before Flop
Seat 4: swalley9999 folded before Flop (didn't bet)
Seat 5: Mirakuri collected ($0.25)
Seat 6: Mahu2021 folded before Flop (didn't bet)



PokerStars Zoom Hand #255557303114:  Hold'em No Limit ($0.05/$0.10) - 2025/04/02 12:24:23 CET [2025/04/02 6:24:23 ET]
Table 'Aludra' 6-max Seat #1 is the button
Seat 1: cRicRilebritish ($10 in chips) 
Seat 2: 4cidwave ($9.60 in chips) 
Seat 3: orangetime13 ($10 in chips) 
Seat 4: Mirakuri ($37.93 in chips) 
Seat 5: Mahu2021 ($2.41 in chips) 
Seat 6: swalley9999 ($9.82 in chips) 
4cidwave: posts small blind $0.05
orangetime13: posts big blind $0.10
*** HOLE CARDS ***
Dealt to Mahu2021 [4s Js]
Mirakuri: folds 
Mahu2021: folds 
swalley9999: folds 
cRicRilebritish: raises $0.10 to $0.20
4cidwave: folds 
orangetime13: folds 
Uncalled bet ($0.10) returned to cRicRilebritish
cRicRilebritish collected $0.25 from pot
cRicRilebritish: doesn't show hand 
*** SUMMARY ***
Total pot $0.25 | Rake $0 
Seat 1: cRicRilebritish (button) collected ($0.25)
Seat 2: 4cidwave (small blind) folded before Flop
Seat 3: orangetime13 (big blind) folded before Flop
Seat 4: Mirakuri folded before Flop (didn't bet)
Seat 5: Mahu2021 folded before Flop (didn't bet)
Seat 6: swalley9999 folded before Flop (didn't bet)



PokerStars Zoom Hand #255557303936:  Hold'em No Limit ($0.05/$0.10) - 2025/04/02 12:24:31 CET [2025/04/02 6:24:31 ET]
Table 'Aludra' 6-max Seat #1 is the button
Seat 1: Mahu2021 ($2.41 in chips) 
Seat 2: karagua7 ($4.90 in chips) 
Seat 3: EdgaP ($18.01 in chips) 
Seat 4: chessismorefun ($20.59 in chips) 
Seat 5: calpex777 ($13.33 in chips) 
Seat 6: denis4250 ($7.61 in chips) 
karagua7: posts small blind $0.05
EdgaP: posts big blind $0.10
*** HOLE CARDS ***
Dealt to Mahu2021 [3c 3h]
chessismorefun: folds 
calpex777: folds 
denis4250: raises $0.15 to $0.25
Mahu2021: calls $0.25
karagua7: folds 
EdgaP: folds 
*** FLOP *** [3s 7d 4d]
denis4250: checks 
Mahu2021: bets $0.62
denis4250: folds 
Uncalled bet ($0.62) returned to Mahu2021
Mahu2021 collected $0.62 from pot
Mahu2021: doesn't show hand 
*** SUMMARY ***
Total pot $0.65 | Rake $0.03 
Board [3s 7d 4d]
Seat 1: Mahu2021 (button) collected ($0.62)
Seat 2: karagua7 (small blind) folded before Flop
Seat 3: EdgaP (big blind) folded before Flop
Seat 4: chessismorefun folded before Flop (didn't bet)
Seat 5: calpex777 folded before Flop (didn't bet)
Seat 6: denis4250 folded on the Flop



PokerStars Zoom Hand #255557305763:  Hold'em No Limit ($0.05/$0.10) - 2025/04/02 12:24:48 CET [2025/04/02 6:24:48 ET]
Table 'Aludra' 6-max Seat #1 is the button
Seat 1: 4cidwave ($4.45 in chips) 
Seat 2: titan148 ($10 in chips) 
Seat 3: igracha2580 ($10.18 in chips) 
Seat 4: Mahu2021 ($2.78 in chips) 
Seat 5: pokeripuikko ($11.27 in chips) 
Seat 6: EdgaP ($17.91 in chips) 
titan148: posts small blind $0.05
igracha2580: posts big blind $0.10
*** HOLE CARDS ***
Dealt to Mahu2021 [7c Qc]
Mahu2021: folds 
pokeripuikko: folds 
EdgaP: folds 
4cidwave: folds 
titan148: folds 
Uncalled bet ($0.05) returned to igracha2580
igracha2580 collected $0.10 from pot
igracha2580: doesn't show hand 
*** SUMMARY ***
Total pot $0.10 | Rake $0 
Seat 1: 4cidwave (button) folded before Flop (didn't bet)
Seat 2: titan148 (small blind) folded before Flop
Seat 3: igracha2580 (big blind) collected ($0.10)
Seat 4: Mahu2021 folded before Flop (didn't bet)
Seat 5: pokeripuikko folded before Flop (didn't bet)
Seat 6: EdgaP folded before Flop (didn't bet)



PokerStars Zoom Hand #255557306146:  Hold'em No Limit ($0.05/$0.10) - 2025/04/02 12:24:52 CET [2025/04/02 6:24:52 ET]
Table 'Aludra' 6-max Seat #1 is the button
Seat 1: PovilasX ($10.53 in chips) 
Seat 2: Mahu2021 ($2.78 in chips) 
Seat 3: Shinaco ($12.99 in chips) 
Seat 4: strboxer ($13.53 in chips) 
Seat 5: pokeripuikko ($51.07 in chips) 
Seat 6: titan148 ($10 in chips) 
Mahu2021: posts small blind $0.05
Shinaco: posts big blind $0.10
*** HOLE CARDS ***
Dealt to Mahu2021 [Ks Kc]
strboxer: folds 
pokeripuikko: folds 
titan148: raises $0.15 to $0.25
PovilasX: raises $0.50 to $0.75
Mahu2021: raises $2.03 to $2.78 and is all-in
Shinaco is disconnected 
Shinaco has timed out while disconnected
Shinaco: folds 
titan148: folds 
PovilasX: folds 
Uncalled bet ($2.03) returned to Mahu2021
Mahu2021 collected $1.85 from pot
Mahu2021: doesn't show hand 
*** SUMMARY ***
Total pot $1.85 | Rake $0 
Seat 1: PovilasX (button) folded before Flop
Seat 2: Mahu2021 (small blind) collected ($1.85)
Seat 3: Shinaco (big blind) folded before Flop
Seat 4: strboxer folded before Flop (didn't bet)
Seat 5: pokeripuikko folded before Flop (didn't bet)
Seat 6: titan148 folded before Flop



PokerStars Zoom Hand #255557315951:  Hold'em No Limit ($0.05/$0.10) - 2025/04/02 12:26:25 CET [2025/04/02 6:26:25 ET]
Table 'Aludra' 6-max Seat #1 is the button
Seat 1: Shinaco ($10 in chips) 
Seat 2: Mirakuri ($38.47 in chips) 
Seat 3: ghanisha ($12.19 in chips) 
Seat 4: Mahu2021 ($3.88 in chips) 
Seat 5: titan148 ($10 in chips) 
Seat 6: calpex777 ($10 in chips) 
Mirakuri: posts small blind $0.05
ghanisha: posts big blind $0.10
*** HOLE CARDS ***
Dealt to Mahu2021 [4s 3s]
Mahu2021: folds 
titan148: raises $0.15 to $0.25
calpex777: folds 
Shinaco: folds 
Mirakuri: raises $0.75 to $1
ghanisha: folds 
titan148: raises $1.10 to $2.10
Mirakuri: folds 
Uncalled bet ($1.10) returned to titan148
titan148 collected $2.10 from pot
titan148: doesn't show hand 
*** SUMMARY ***
Total pot $2.10 | Rake $0 
Seat 1: Shinaco (button) folded before Flop (didn't bet)
Seat 2: Mirakuri (small blind) folded before Flop
Seat 3: ghanisha (big blind) folded before Flop
Seat 4: Mahu2021 folded before Flop (didn't bet)
Seat 5: titan148 collected ($2.10)
Seat 6: calpex777 folded before Flop (didn't bet)



PokerStars Zoom Hand #255557316478:  Hold'em No Limit ($0.05/$0.10) - 2025/04/02 12:26:30 CET [2025/04/02 6:26:30 ET]
Table 'Aludra' 6-max Seat #1 is the button
Seat 1: Yash1ch ($9.64 in chips) 
Seat 2: Femto²/pk ($10 in chips) 
Seat 3: purgao812 ($9.88 in chips) 
Seat 4: titan148 ($13.89 in chips) 
Seat 5: Mahu2021 ($3.88 in chips) 
Seat 6: Clicker89 ($10 in chips) 
Femto²/pk: posts small blind $0.05
purgao812: posts big blind $0.10
*** HOLE CARDS ***
Dealt to Mahu2021 [Jh Ac]
titan148: folds 
Mahu2021: raises $0.13 to $0.23
Clicker89: calls $0.23
Yash1ch: folds 
Femto²/pk: folds 
purgao812: calls $0.13
*** FLOP *** [Ah 2s 7h]
purgao812: checks 
Mahu2021: bets $0.30
Clicker89: calls $0.30
purgao812: calls $0.30
*** TURN *** [Ah 2s 7h] [Ts]
purgao812: checks 
Mahu2021: bets $0.30
Clicker89: calls $0.30
purgao812: folds 
*** RIVER *** [Ah 2s 7h Ts] [3h]
Mahu2021: bets $2.14
Clicker89: folds 
Uncalled bet ($2.14) returned to Mahu2021
Mahu2021 collected $2.14 from pot
Mahu2021: doesn't show hand 
*** SUMMARY ***
Total pot $2.24 | Rake $0.10 
Board [Ah 2s 7h Ts 3h]
Seat 1: Yash1ch (button) folded before Flop (didn't bet)
Seat 2: Femto²/pk (small blind) folded before Flop
Seat 3: purgao812 (big blind) folded on the Turn
Seat 4: titan148 folded before Flop (didn't bet)
Seat 5: Mahu2021 collected ($2.14)
Seat 6: Clicker89 folded on the River



PokerStars Zoom Hand #255557321188:  Hold'em No Limit ($0.05/$0.10) - 2025/04/02 12:27:15 CET [2025/04/02 6:27:15 ET]
Table 'Aludra' 6-max Seat #1 is the button
Seat 1: Die8 ($10 in chips) 
Seat 2: hummbold ($12.84 in chips) 
Seat 3: Mahu2021 ($5.19 in chips) 
Seat 4: Clicker89 ($10 in chips) 
Seat 5: zogecmarogec ($3.34 in chips) 
Seat 6: acebob999 ($9.80 in chips) 
hummbold: posts small blind $0.05
Mahu2021: posts big blind $0.10
*** HOLE CARDS ***
Dealt to Mahu2021 [3h 2s]
Clicker89: folds 
zogecmarogec: folds 
acebob999: folds 
Die8: folds 
hummbold: folds 
Uncalled bet ($0.05) returned to Mahu2021
Mahu2021 collected $0.10 from pot
Mahu2021: doesn't show hand 
*** SUMMARY ***
Total pot $0.10 | Rake $0 
Seat 1: Die8 (button) folded before Flop (didn't bet)
Seat 2: hummbold (small blind) folded before Flop
Seat 3: Mahu2021 (big blind) collected ($0.10)
Seat 4: Clicker89 folded before Flop (didn't bet)
Seat 5: zogecmarogec folded before Flop (didn't bet)
Seat 6: acebob999 folded before Flop (didn't bet)



PokerStars Zoom Hand #255557322577:  Hold'em No Limit ($0.05/$0.10) - 2025/04/02 12:27:29 CET [2025/04/02 6:27:29 ET]
Table 'Aludra' 6-max Seat #1 is the button
Seat 1: Mahu2021 ($5.24 in chips) 
Seat 2: karagua7 ($4.20 in chips) 
Seat 3: Malvaro99 ($13.05 in chips) 
Seat 4: hummbold ($10.54 in chips) 
Seat 5: pokeripuikko ($14.62 in chips) 
Seat 6: Reddington567 ($14.44 in chips) 
karagua7: posts small blind $0.05
Malvaro99: posts big blind $0.10
*** HOLE CARDS ***
Dealt to Mahu2021 [2s 6c]
hummbold: folds 
pokeripuikko: folds 
Reddington567: folds 
Mahu2021: folds 
karagua7: folds 
Uncalled bet ($0.05) returned to Malvaro99
Malvaro99 collected $0.10 from pot
Malvaro99: doesn't show hand 
*** SUMMARY ***
Total pot $0.10 | Rake $0 
Seat 1: Mahu2021 (button) folded before Flop (didn't bet)
Seat 2: karagua7 (small blind) folded before Flop
Seat 3: Malvaro99 (big blind) collected ($0.10)
Seat 4: hummbold folded before Flop (didn't bet)
Seat 5: pokeripuikko folded before Flop (didn't bet)
Seat 6: Reddington567 folded before Flop (didn't bet)



PokerStars Zoom Hand #255557323796:  Hold'em No Limit ($0.05/$0.10) - 2025/04/02 12:27:41 CET [2025/04/02 6:27:41 ET]
Table 'Aludra' 6-max Seat #1 is the button
Seat 1: pokeripuikko ($41.50 in chips) 
Seat 2: kSam44 ($17.67 in chips) 
Seat 3: sigurui ($17.09 in chips) 
Seat 4: igracha2580 ($14.24 in chips) 
Seat 5: bvch95 ($17.11 in chips) 
Seat 6: Mahu2021 ($5.19 in chips) 
kSam44: posts small blind $0.05
sigurui: posts big blind $0.10
*** HOLE CARDS ***
Dealt to Mahu2021 [Jh 2h]
igracha2580: folds 
bvch95: folds 
Mahu2021: folds 
pokeripuikko: raises $0.15 to $0.25
kSam44: folds 
sigurui: folds 
Uncalled bet ($0.15) returned to pokeripuikko
pokeripuikko collected $0.25 from pot
pokeripuikko: doesn't show hand 
*** SUMMARY ***
Total pot $0.25 | Rake $0 
Seat 1: pokeripuikko (button) collected ($0.25)
Seat 2: kSam44 (small blind) folded before Flop
Seat 3: sigurui (big blind) folded before Flop
Seat 4: igracha2580 folded before Flop (didn't bet)
Seat 5: bvch95 folded before Flop (didn't bet)
Seat 6: Mahu2021 folded before Flop (didn't bet)



PokerStars Zoom Hand #255557323045:  Hold'em No Limit ($0.05/$0.10) - 2025/04/02 12:27:34 CET [2025/04/02 6:27:34 ET]
Table 'Aludra' 6-max Seat #1 is the button
Seat 1: claudio130905 ($26.54 in chips) 
Seat 2: hummbold ($10.54 in chips) 
Seat 3: Hoe_Jyland69 ($10.52 in chips) 
Seat 4: 4cidwave ($5.98 in chips) 
Seat 5: Die8 ($10 in chips) 
Seat 6: Mahu2021 ($5.24 in chips) 
hummbold: posts small blind $0.05
Hoe_Jyland69: posts big blind $0.10
*** HOLE CARDS ***
Dealt to Mahu2021 [8c Jh]
4cidwave: folds 
Die8: folds 
Mahu2021: folds 
claudio130905: raises $0.10 to $0.20
hummbold: raises $0.95 to $1.15
Hoe_Jyland69: folds 
claudio130905: folds 
Uncalled bet ($0.95) returned to hummbold
hummbold collected $0.50 from pot
hummbold: doesn't show hand 
*** SUMMARY ***
Total pot $0.50 | Rake $0 
Seat 1: claudio130905 (button) folded before Flop
Seat 2: hummbold (small blind) collected ($0.50)
Seat 3: Hoe_Jyland69 (big blind) folded before Flop
Seat 4: 4cidwave folded before Flop (didn't bet)
Seat 5: Die8 folded before Flop (didn't bet)
Seat 6: Mahu2021 folded before Flop (didn't bet)



PokerStars Zoom Hand #255557323374:  Hold'em No Limit ($0.05/$0.10) - 2025/04/02 12:27:37 CET [2025/04/02 6:27:37 ET]
Table 'Aludra' 6-max Seat #1 is the button
Seat 1: titan148 ($10 in chips) 
Seat 2: Mahu2021 ($5.24 in chips) 
Seat 3: Mirakuri ($37.32 in chips) 
Seat 4: 15lawrencea ($32.37 in chips) 
Seat 5: krienas333 ($9.68 in chips) 
Seat 6: snxgar ($23.98 in chips) 
Mahu2021: posts small blind $0.05
Mirakuri: posts big blind $0.10
*** HOLE CARDS ***
Dealt to Mahu2021 [8h 2c]
15lawrencea: raises $0.13 to $0.23
krienas333: calls $0.23
snxgar: folds 
titan148: folds 
Mahu2021: folds 
Mirakuri: folds 
*** FLOP *** [7h 6d Qs]
15lawrencea: checks 
krienas333: bets $0.30
15lawrencea: raises $0.61 to $0.91
krienas333: folds 
Uncalled bet ($0.61) returned to 15lawrencea
15lawrencea collected $1.16 from pot
15lawrencea: doesn't show hand 
*** SUMMARY ***
Total pot $1.21 | Rake $0.05 
Board [7h 6d Qs]
Seat 1: titan148 (button) folded before Flop (didn't bet)
Seat 2: Mahu2021 (small blind) folded before Flop
Seat 3: Mirakuri (big blind) folded before Flop
Seat 4: 15lawrencea collected ($1.16)
Seat 5: krienas333 folded on the Flop
Seat 6: snxgar folded before Flop (didn't bet)



PokerStars Zoom Hand #255557325339:  Hold'em No Limit ($0.05/$0.10) - 2025/04/02 12:27:56 CET [2025/04/02 6:27:56 ET]
Table 'Aludra' 6-max Seat #1 is the button
Seat 1: Mirakuri ($11.47 in chips) 
Seat 2: zogecmarogec ($3.39 in chips) 
Seat 3: igracha2580 ($10.07 in chips) 
Seat 4: 4cidwave ($2.12 in chips) 
Seat 5: Mahu2021 ($5.09 in chips) 
Seat 6: qk rodriguez ($10.79 in chips) 
zogecmarogec: posts small blind $0.05
igracha2580: posts big blind $0.10
*** HOLE CARDS ***
Dealt to Mahu2021 [7h 4s]
4cidwave: folds 
Mahu2021: folds 
qk rodriguez: raises $0.10 to $0.20
Mirakuri: folds 
zogecmarogec: folds 
igracha2580: folds 
Uncalled bet ($0.10) returned to qk rodriguez
qk rodriguez collected $0.25 from pot
qk rodriguez: doesn't show hand 
*** SUMMARY ***
Total pot $0.25 | Rake $0 
Seat 1: Mirakuri (button) folded before Flop (didn't bet)
Seat 2: zogecmarogec (small blind) folded before Flop
Seat 3: igracha2580 (big blind) folded before Flop
Seat 4: 4cidwave folded before Flop (didn't bet)
Seat 5: Mahu2021 folded before Flop (didn't bet)
Seat 6: qk rodriguez collected ($0.25)



PokerStars Zoom Hand #255557324970:  Hold'em No Limit ($0.05/$0.10) - 2025/04/02 12:27:52 CET [2025/04/02 6:27:52 ET]
Table 'Aludra' 6-max Seat #1 is the button
Seat 1: Vadim91_blr ($13.81 in chips) 
Seat 2: snxgar ($24.13 in chips) 
Seat 3: calpex777 ($14.07 in chips) 
Seat 4: downsynjerome ($10.17 in chips) 
Seat 5: Mahu2021 ($5.09 in chips) 
Seat 6: igracha2580 ($10.07 in chips) 
snxgar: posts small blind $0.05
calpex777: posts big blind $0.10
*** HOLE CARDS ***
Dealt to Mahu2021 [7d 3h]
downsynjerome: raises $0.10 to $0.20
Mahu2021: folds 
igracha2580: folds 
Vadim91_blr: raises $0.44 to $0.64
snxgar: calls $0.59
calpex777: folds 
downsynjerome: calls $0.44
*** FLOP *** [Ks 3c 8s]
snxgar: checks 
downsynjerome: bets $0.97
Vadim91_blr: folds 
snxgar: folds 
Uncalled bet ($0.97) returned to downsynjerome
downsynjerome collected $1.93 from pot
downsynjerome: doesn't show hand 
*** SUMMARY ***
Total pot $2.02 | Rake $0.09 
Board [Ks 3c 8s]
Seat 1: Vadim91_blr (button) folded on the Flop
Seat 2: snxgar (small blind) folded on the Flop
Seat 3: calpex777 (big blind) folded before Flop
Seat 4: downsynjerome collected ($1.93)
Seat 5: Mahu2021 folded before Flop (didn't bet)
Seat 6: igracha2580 folded before Flop (didn't bet)



PokerStars Zoom Hand #255557326453:  Hold'em No Limit ($0.05/$0.10) - 2025/04/02 12:28:06 CET [2025/04/02 6:28:06 ET]
Table 'Aludra' 6-max Seat #1 is the button
Seat 1: Die8 ($10.60 in chips) 
Seat 2: igracha2580 ($10 in chips) 
Seat 3: Mahu2021 ($5.09 in chips) 
Seat 4: calpex777 ($13.97 in chips) 
Seat 5: hummbold ($10 in chips) 
Seat 6: Vadim91_blr ($10.36 in chips) 
igracha2580: posts small blind $0.05
Mahu2021: posts big blind $0.10
*** HOLE CARDS ***
Dealt to Mahu2021 [2c Kh]
calpex777: folds 
hummbold: raises $0.15 to $0.25
Vadim91_blr: folds 
Die8: folds 
igracha2580: folds 
Mahu2021: folds 
Uncalled bet ($0.15) returned to hummbold
hummbold collected $0.25 from pot
hummbold: doesn't show hand 
*** SUMMARY ***
Total pot $0.25 | Rake $0 
Seat 1: Die8 (button) folded before Flop (didn't bet)
Seat 2: igracha2580 (small blind) folded before Flop
Seat 3: Mahu2021 (big blind) folded before Flop
Seat 4: calpex777 folded before Flop (didn't bet)
Seat 5: hummbold collected ($0.25)
Seat 6: Vadim91_blr folded before Flop (didn't bet)



PokerStars Zoom Hand #255557325836:  Hold'em No Limit ($0.05/$0.10) - 2025/04/02 12:28:00 CET [2025/04/02 6:28:00 ET]
Table 'Aludra' 6-max Seat #1 is the button
Seat 1: Mahu2021 ($5.09 in chips) 
Seat 2: sigurui ($25.51 in chips) 
Seat 3: hummbold ($10 in chips) 
Seat 4: Die8 ($10.60 in chips) 
Seat 5: Vadim91_blr ($14.17 in chips) 
Seat 6: 15lawrencea ($33 in chips) 
sigurui: posts small blind $0.05
hummbold: posts big blind $0.10
*** HOLE CARDS ***
Dealt to Mahu2021 [Ts 8h]
Die8: folds 
Vadim91_blr: folds 
15lawrencea: folds 
Mahu2021: folds 
sigurui: raises $0.20 to $0.30
hummbold: calls $0.20
*** FLOP *** [9c 3h As]
sigurui: bets $0.20
hummbold: folds 
Uncalled bet ($0.20) returned to sigurui
sigurui collected $0.57 from pot
sigurui: doesn't show hand 
*** SUMMARY ***
Total pot $0.60 | Rake $0.03 
Board [9c 3h As]
Seat 1: Mahu2021 (button) folded before Flop (didn't bet)
Seat 2: sigurui (small blind) collected ($0.57)
Seat 3: hummbold (big blind) folded on the Flop
Seat 4: Die8 folded before Flop (didn't bet)
Seat 5: Vadim91_blr folded before Flop (didn't bet)
Seat 6: 15lawrencea folded before Flop (didn't bet)



PokerStars Zoom Hand #255557324220:  Hold'em No Limit ($0.05/$0.10) - 2025/04/02 12:27:45 CET [2025/04/02 6:27:45 ET]
Table 'Aludra' 6-max Seat #1 is the button
Seat 1: bvch95 ($17.11 in chips) 
Seat 2: Mirakuri ($37.73 in chips) 
Seat 3: Mahu2021 ($5.19 in chips) 
Seat 4: calpex777 ($10.20 in chips) 
Seat 5: Die8 ($10.68 in chips) 
Seat 6: titan148 ($11 in chips) 
Mirakuri: posts small blind $0.05
Mahu2021: posts big blind $0.10
*** HOLE CARDS ***
Dealt to Mahu2021 [Kc 2d]
calpex777: folds 
Die8: folds 
titan148: folds 
bvch95: raises $0.20 to $0.30
Mirakuri: raises $0.90 to $1.20
Mahu2021: folds 
bvch95: calls $0.90
*** FLOP *** [Qs 7d 4s]
Mirakuri: bets $0.79
bvch95: calls $0.79
*** TURN *** [Qs 7d 4s] [Ts]
Mirakuri: checks 
bvch95: checks 
*** RIVER *** [Qs 7d 4s Ts] [Ac]
Mirakuri: bets $1.95
bvch95: folds 
Uncalled bet ($1.95) returned to Mirakuri
Mirakuri collected $3.86 from pot
Mirakuri: doesn't show hand 
*** SUMMARY ***
Total pot $4.08 | Rake $0.22 
Board [Qs 7d 4s Ts Ac]
Seat 1: bvch95 (button) folded on the River
Seat 2: Mirakuri (small blind) collected ($3.86)
Seat 3: Mahu2021 (big blind) folded before Flop
Seat 4: calpex777 folded before Flop (didn't bet)
Seat 5: Die8 folded before Flop (didn't bet)
Seat 6: titan148 folded before Flop (didn't bet)



PokerStars Zoom Hand #255557328464:  Hold'em No Limit ($0.05/$0.10) - 2025/04/02 12:28:25 CET [2025/04/02 6:28:25 ET]
Table 'Aludra' 6-max Seat #1 is the button
Seat 1: 4cidwave ($6.26 in chips) 
Seat 2: swalley9999 ($17.85 in chips) 
Seat 3: Vadim91_blr ($10.36 in chips) 
Seat 4: Mahu2021 ($4.94 in chips) 
Seat 5: Malvaro99 ($13.20 in chips) 
Seat 6: killerita67 ($11.65 in chips) 
swalley9999: posts small blind $0.05
Vadim91_blr: posts big blind $0.10
*** HOLE CARDS ***
Dealt to Mahu2021 [8d Ts]
Mahu2021: folds 
Malvaro99: folds 
killerita67: folds 
4cidwave: folds 
swalley9999: raises $0.20 to $0.30
Vadim91_blr: folds 
Uncalled bet ($0.20) returned to swalley9999
swalley9999 collected $0.20 from pot
swalley9999: doesn't show hand 
*** SUMMARY ***
Total pot $0.20 | Rake $0 
Seat 1: 4cidwave (button) folded before Flop (didn't bet)
Seat 2: swalley9999 (small blind) collected ($0.20)
Seat 3: Vadim91_blr (big blind) folded before Flop
Seat 4: Mahu2021 folded before Flop (didn't bet)
Seat 5: Malvaro99 folded before Flop (didn't bet)
Seat 6: killerita67 folded before Flop (didn't bet)



PokerStars Zoom Hand #255557328046:  Hold'em No Limit ($0.05/$0.10) - 2025/04/02 12:28:21 CET [2025/04/02 6:28:21 ET]
Table 'Aludra' 6-max Seat #1 is the button
Seat 1: orangetime13 ($10.61 in chips) 
Seat 2: claudio130905 ($18.24 in chips) 
Seat 3: Die8 ($10 in chips) 
Seat 4: Mahu2021 ($4.94 in chips) 
Seat 5: igracha2580 ($10 in chips) 
Seat 6: pokeripuikko ($41.65 in chips) 
claudio130905: posts small blind $0.05
Die8: posts big blind $0.10
*** HOLE CARDS ***
Dealt to Mahu2021 [Jc 7s]
Mahu2021: folds 
igracha2580: folds 
pokeripuikko: raises $0.15 to $0.25
orangetime13: raises $0.50 to $0.75
claudio130905: folds 
Die8: folds 
pokeripuikko: folds 
Uncalled bet ($0.50) returned to orangetime13
orangetime13 collected $0.65 from pot
orangetime13: doesn't show hand 
*** SUMMARY ***
Total pot $0.65 | Rake $0 
Seat 1: orangetime13 (button) collected ($0.65)
Seat 2: claudio130905 (small blind) folded before Flop
Seat 3: Die8 (big blind) folded before Flop
Seat 4: Mahu2021 folded before Flop (didn't bet)
Seat 5: igracha2580 folded before Flop (didn't bet)
Seat 6: pokeripuikko folded before Flop



PokerStars Zoom Hand #255557327577:  Hold'em No Limit ($0.05/$0.10) - 2025/04/02 12:28:17 CET [2025/04/02 6:28:17 ET]
Table 'Aludra' 6-max Seat #1 is the button
Seat 1: qk rodriguez ($11.83 in chips) 
Seat 2: Mahu2021 ($4.99 in chips) 
Seat 3: mayas009 ($13.71 in chips) 
Seat 4: EdgaP ($17.31 in chips) 
Seat 5: Clicker89 ($10 in chips) 
Seat 6: titan148 ($10.05 in chips) 
Mahu2021: posts small blind $0.05
mayas009: posts big blind $0.10
*** HOLE CARDS ***
Dealt to Mahu2021 [5s 9c]
EdgaP: folds 
Clicker89: folds 
titan148: raises $0.15 to $0.25
qk rodriguez: raises $0.65 to $0.90
Mahu2021: folds 
mayas009: folds 
titan148: raises $1.20 to $2.10
qk rodriguez: calls $1.20
*** FLOP *** [Th Ah Ad]
titan148: bets $1.05
qk rodriguez: folds 
Uncalled bet ($1.05) returned to titan148
titan148 collected $4.15 from pot
titan148: doesn't show hand 
*** SUMMARY ***
Total pot $4.35 | Rake $0.20 
Board [Th Ah Ad]
Seat 1: qk rodriguez (button) folded on the Flop
Seat 2: Mahu2021 (small blind) folded before Flop
Seat 3: mayas009 (big blind) folded before Flop
Seat 4: EdgaP folded before Flop (didn't bet)
Seat 5: Clicker89 folded before Flop (didn't bet)
Seat 6: titan148 collected ($4.15)



PokerStars Zoom Hand #255557328873:  Hold'em No Limit ($0.05/$0.10) - 2025/04/02 12:28:29 CET [2025/04/02 6:28:29 ET]
Table 'Aludra' 6-max Seat #1 is the button
Seat 1: sigurui ($25.78 in chips) 
Seat 2: hummbold ($10 in chips) 
Seat 3: strboxer ($26.74 in chips) 
Seat 4: kSam44 ($17.62 in chips) 
Seat 5: 15lawrencea ($32.85 in chips) 
Seat 6: Mahu2021 ($4.94 in chips) 
hummbold: posts small blind $0.05
strboxer: posts big blind $0.10
*** HOLE CARDS ***
Dealt to Mahu2021 [Kh Tc]
kSam44: folds 
15lawrencea: folds 
Mahu2021: raises $0.10 to $0.20
sigurui: folds 
hummbold: folds 
strboxer: calls $0.10
*** FLOP *** [9s 4c 5d]
strboxer: checks 
Mahu2021: checks 
*** TURN *** [9s 4c 5d] [Js]
strboxer: checks 
Mahu2021: checks 
*** RIVER *** [9s 4c 5d Js] [3d]
strboxer: bets $0.80
Mahu2021: folds 
Uncalled bet ($0.80) returned to strboxer
strboxer collected $0.43 from pot
strboxer: doesn't show hand 
*** SUMMARY ***
Total pot $0.45 | Rake $0.02 
Board [9s 4c 5d Js 3d]
Seat 1: sigurui (button) folded before Flop (didn't bet)
Seat 2: hummbold (small blind) folded before Flop
Seat 3: strboxer (big blind) collected ($0.43)
Seat 4: kSam44 folded before Flop (didn't bet)
Seat 5: 15lawrencea folded before Flop (didn't bet)
Seat 6: Mahu2021 folded on the River



PokerStars Zoom Hand #255557335500:  Hold'em No Limit ($0.05/$0.10) - 2025/04/02 12:29:32 CET [2025/04/02 6:29:32 ET]
Table 'Aludra' 6-max Seat #1 is the button
Seat 1: Clicker89 ($10.66 in chips) 
Seat 2: pokeripuikko ($14.69 in chips) 
Seat 3: Mahu2021 ($4.74 in chips) 
Seat 4: Mirakuri ($18.86 in chips) 
Seat 5: Shturaff ($7.90 in chips) 
Seat 6: strboxer ($26.97 in chips) 
pokeripuikko: posts small blind $0.05
Mahu2021: posts big blind $0.10
*** HOLE CARDS ***
Dealt to Mahu2021 [Ah Js]
Mirakuri: folds 
Shturaff: folds 
strboxer: folds 
Clicker89: folds 
pokeripuikko: folds 
Uncalled bet ($0.05) returned to Mahu2021
Mahu2021 collected $0.10 from pot
Mahu2021: doesn't show hand 
*** SUMMARY ***
Total pot $0.10 | Rake $0 
Seat 1: Clicker89 (button) folded before Flop (didn't bet)
Seat 2: pokeripuikko (small blind) folded before Flop
Seat 3: Mahu2021 (big blind) collected ($0.10)
Seat 4: Mirakuri folded before Flop (didn't bet)
Seat 5: Shturaff folded before Flop (didn't bet)
Seat 6: strboxer folded before Flop (didn't bet)



PokerStars Zoom Hand #255557335182:  Hold'em No Limit ($0.05/$0.10) - 2025/04/02 12:29:29 CET [2025/04/02 6:29:29 ET]
Table 'Aludra' 6-max Seat #1 is the button
Seat 1: Mahu2021 ($4.74 in chips) 
Seat 2: Zalgirisfan ($10.20 in chips) 
Seat 3: zogecmarogec ($2.94 in chips) 
Seat 4: Vadim91_blr ($42.56 in chips) 
Seat 5: Shturaff ($7.90 in chips) 
Seat 6: ghanisha ($11.43 in chips) 
Zalgirisfan: posts small blind $0.05
zogecmarogec: posts big blind $0.10
*** HOLE CARDS ***
Dealt to Mahu2021 [2s 6c]
Vadim91_blr: folds 
Shturaff: folds 
ghanisha: folds 
Mahu2021: folds 
Zalgirisfan: raises $0.10 to $0.20
zogecmarogec: calls $0.10
*** FLOP *** [Tc 2h Js]
Zalgirisfan: bets $0.19
zogecmarogec: folds 
Uncalled bet ($0.19) returned to Zalgirisfan
Zalgirisfan collected $0.38 from pot
Zalgirisfan: doesn't show hand 
*** SUMMARY ***
Total pot $0.40 | Rake $0.02 
Board [Tc 2h Js]
Seat 1: Mahu2021 (button) folded before Flop (didn't bet)
Seat 2: Zalgirisfan (small blind) collected ($0.38)
Seat 3: zogecmarogec (big blind) folded on the Flop
Seat 4: Vadim91_blr folded before Flop (didn't bet)
Seat 5: Shturaff folded before Flop (didn't bet)
Seat 6: ghanisha folded before Flop (didn't bet)



PokerStars Zoom Hand #255557337052:  Hold'em No Limit ($0.05/$0.10) - 2025/04/02 12:29:46 CET [2025/04/02 6:29:46 ET]
Table 'Aludra' 6-max Seat #1 is the button
Seat 1: Mahu2021 ($4.74 in chips) 
Seat 2: Clicker89 ($10.05 in chips) 
Seat 3: Shinaco ($10 in chips) 
Seat 4: Die8 ($10 in chips) 
Seat 5: titan148 ($10.10 in chips) 
Seat 6: GymStefani ($15.47 in chips) 
Clicker89: posts small blind $0.05
Shinaco: posts big blind $0.10
*** HOLE CARDS ***
Dealt to Mahu2021 [Qc Ks]
Die8: folds 
titan148: folds 
GymStefani: folds 
Mahu2021: raises $0.20 to $0.30
Clicker89: folds 
Shinaco: folds 
Uncalled bet ($0.20) returned to Mahu2021
Mahu2021 collected $0.25 from pot
Mahu2021: doesn't show hand 
*** SUMMARY ***
Total pot $0.25 | Rake $0 
Seat 1: Mahu2021 (button) collected ($0.25)
Seat 2: Clicker89 (small blind) folded before Flop
Seat 3: Shinaco (big blind) folded before Flop
Seat 4: Die8 folded before Flop (didn't bet)
Seat 5: titan148 folded before Flop (didn't bet)
Seat 6: GymStefani folded before Flop (didn't bet)



PokerStars Zoom Hand #255557334822:  Hold'em No Limit ($0.05/$0.10) - 2025/04/02 12:29:25 CET [2025/04/02 6:29:25 ET]
Table 'Aludra' 6-max Seat #1 is the button
Seat 1: qk rodriguez ($16.35 in chips) 
Seat 2: Die8 ($10.60 in chips) 
Seat 3: calpex777 ($10.35 in chips) 
Seat 4: Reddington567 ($14.68 in chips) 
Seat 5: Mahu2021 ($4.74 in chips) 
Seat 6: Shturaff ($7.90 in chips) 
Die8: posts small blind $0.05
calpex777: posts big blind $0.10
*** HOLE CARDS ***
Dealt to Mahu2021 [9d 4c]
Reddington567: folds 
Mahu2021: folds 
Shturaff: folds 
qk rodriguez: raises $0.10 to $0.20
Die8: raises $0.70 to $0.90
calpex777: folds 
qk rodriguez: raises $1.10 to $2
Die8: raises $8.60 to $10.60 and is all-in
qk rodriguez: calls $8.60
*** FIRST FLOP *** [7s Td Js]
*** FIRST TURN *** [7s Td Js] [8c]
*** FIRST RIVER *** [7s Td Js 8c] [Ah]
*** SECOND FLOP *** [9c Tc Jh]
*** SECOND TURN *** [9c Tc Jh] [9s]
*** SECOND RIVER *** [9c Tc Jh 9s] [6d]
*** FIRST SHOW DOWN ***
Die8: shows [Ks Kd] (a pair of Kings)
qk rodriguez: shows [Qd Qc] (a pair of Queens)
Die8 collected $10.17 from pot
*** SECOND SHOW DOWN ***
Die8: shows [Ks Kd] (two pair, Kings and Nines)
qk rodriguez: shows [Qd Qc] (two pair, Queens and Nines)
Die8 collected $10.17 from pot
*** SUMMARY ***
Total pot $21.30 | Rake $0.96 
Hand was run twice
FIRST Board [7s Td Js 8c Ah]
SECOND Board [9c Tc Jh 9s 6d]
Seat 1: qk rodriguez (button) showed [Qd Qc] and lost with a pair of Queens, and lost with two pair, Queens and Nines
Seat 2: Die8 (small blind) showed [Ks Kd] and won ($10.17) with a pair of Kings, and won ($10.17) with two pair, Kings and Nines
Seat 3: calpex777 (big blind) folded before Flop
Seat 4: Reddington567 folded before Flop (didn't bet)
Seat 5: Mahu2021 folded before Flop (didn't bet)
Seat 6: Shturaff folded before Flop (didn't bet)



PokerStars Zoom Hand #255557340058:  Hold'em No Limit ($0.05/$0.10) - 2025/04/02 12:30:14 CET [2025/04/02 6:30:14 ET]
Table 'Aludra' 6-max Seat #1 is the button
Seat 1: PovilasX ($10 in chips) 
Seat 2: 4cidwave ($5 in chips) 
Seat 3: hummbold ($10.96 in chips) 
Seat 4: Clicker89 ($10 in chips) 
Seat 5: Yash1ch ($14.26 in chips) 
Seat 6: Mahu2021 ($4.89 in chips) 
4cidwave: posts small blind $0.05
hummbold: posts big blind $0.10
*** HOLE CARDS ***
Dealt to Mahu2021 [3c 6d]
Clicker89: folds 
Yash1ch: raises $0.10 to $0.20
Mahu2021: folds 
PovilasX: folds 
4cidwave: folds 
hummbold: folds 
Uncalled bet ($0.10) returned to Yash1ch
Yash1ch collected $0.25 from pot
Yash1ch: doesn't show hand 
*** SUMMARY ***
Total pot $0.25 | Rake $0 
Seat 1: PovilasX (button) folded before Flop (didn't bet)
Seat 2: 4cidwave (small blind) folded before Flop
Seat 3: hummbold (big blind) folded before Flop
Seat 4: Clicker89 folded before Flop (didn't bet)
Seat 5: Yash1ch collected ($0.25)
Seat 6: Mahu2021 folded before Flop (didn't bet)



PokerStars Zoom Hand #255557336490:  Hold'em No Limit ($0.05/$0.10) - 2025/04/02 12:29:41 CET [2025/04/02 6:29:41 ET]
Table 'Aludra' 6-max Seat #1 is the button
Seat 1: killerita67 ($10.15 in chips) 
Seat 2: Mahu2021 ($4.79 in chips) 
Seat 3: Mirakuri ($11.57 in chips) 
Seat 4: mayas009 ($13.82 in chips) 
Seat 5: 15lawrencea ($11.38 in chips) 
Seat 6: kSam44 ($17.92 in chips) 
Mahu2021: posts small blind $0.05
Mirakuri: posts big blind $0.10
*** HOLE CARDS ***
Dealt to Mahu2021 [Jc Td]
mayas009: folds 
15lawrencea: raises $0.13 to $0.23
kSam44: folds 
killerita67: raises $0.47 to $0.70
Mahu2021: folds 
Mirakuri: folds 
15lawrencea: calls $0.47
*** FLOP *** [5d Th 7h]
15lawrencea: checks 
killerita67: checks 
*** TURN *** [5d Th 7h] [Ks]
15lawrencea: checks 
killerita67: bets $2.22
15lawrencea: calls $2.22
*** RIVER *** [5d Th 7h Ks] [2c]
15lawrencea: checks 
killerita67: bets $3.83
15lawrencea: raises $4.63 to $8.46 and is all-in
killerita67: folds 
Uncalled bet ($4.63) returned to 15lawrencea
15lawrencea collected $13.04 from pot
15lawrencea: doesn't show hand 
*** SUMMARY ***
Total pot $13.65 | Rake $0.61 
Board [5d Th 7h Ks 2c]
Seat 1: killerita67 (button) folded on the River
Seat 2: Mahu2021 (small blind) folded before Flop
Seat 3: Mirakuri (big blind) folded before Flop
Seat 4: mayas009 folded before Flop (didn't bet)
Seat 5: 15lawrencea collected ($13.04)
Seat 6: kSam44 folded before Flop (didn't bet)



PokerStars Zoom Hand #255557340410:  Hold'em No Limit ($0.05/$0.10) - 2025/04/02 12:30:17 CET [2025/04/02 6:30:17 ET]
Table 'Aludra' 6-max Seat #1 is the button
Seat 1: 4cidwave ($5 in chips) 
Seat 2: Mirakuri ($37.26 in chips) 
Seat 3: 15lawrencea ($32.62 in chips) 
Seat 4: Mahu2021 ($4.89 in chips) 
Seat 5: chessismorefun ($17.72 in chips) 
Seat 6: Andrei232Zah ($9.53 in chips) 
Mirakuri: posts small blind $0.05
15lawrencea: posts big blind $0.10
*** HOLE CARDS ***
Dealt to Mahu2021 [As Qs]
Mahu2021: raises $0.14 to $0.24
chessismorefun: folds 
Andrei232Zah: calls $0.24
4cidwave: folds 
Mirakuri: folds 
15lawrencea: folds 
*** FLOP *** [4c 3d 5d]
Mahu2021: checks 
Andrei232Zah: bets $0.30
Mahu2021: calls $0.30
*** TURN *** [4c 3d 5d] [4d]
Mahu2021: checks 
Andrei232Zah: bets $0.50
Mahu2021: folds 
Uncalled bet ($0.50) returned to Andrei232Zah
Andrei232Zah collected $1.17 from pot
Andrei232Zah: doesn't show hand 
*** SUMMARY ***
Total pot $1.23 | Rake $0.06 
Board [4c 3d 5d 4d]
Seat 1: 4cidwave (button) folded before Flop (didn't bet)
Seat 2: Mirakuri (small blind) folded before Flop
Seat 3: 15lawrencea (big blind) folded before Flop
Seat 4: Mahu2021 folded on the Turn
Seat 5: chessismorefun folded before Flop (didn't bet)
Seat 6: Andrei232Zah collected ($1.17)



PokerStars Zoom Hand #255557343244:  Hold'em No Limit ($0.05/$0.10) - 2025/04/02 12:30:43 CET [2025/04/02 6:30:43 ET]
Table 'Aludra' 6-max Seat #1 is the button
Seat 1: claudio130905 ($25.68 in chips) 
Seat 2: Mahu2021 ($4.35 in chips) 
Seat 3: igracha2580 ($14.50 in chips) 
Seat 4: 4cidwave ($6.53 in chips) 
Seat 5: kSam44 ($17.62 in chips) 
Seat 6: Mirakuri ($37.11 in chips) 
Mahu2021: posts small blind $0.05
igracha2580: posts big blind $0.10
*** HOLE CARDS ***
Dealt to Mahu2021 [Ac 9c]
4cidwave: folds 
kSam44: folds 
Mirakuri: folds 
claudio130905: folds 
Mahu2021: raises $0.20 to $0.30
igracha2580: calls $0.20
*** FLOP *** [6h 3c Js]
Mahu2021: bets $0.30
igracha2580: calls $0.30
*** TURN *** [6h 3c Js] [3h]
Mahu2021: bets $0.30
igracha2580: calls $0.30
*** RIVER *** [6h 3c Js 3h] [Kc]
Mahu2021: bets $1.10
igracha2580: raises $12.50 to $13.60 and is all-in
Mahu2021: folds 
Uncalled bet ($12.50) returned to igracha2580
igracha2580 collected $3.82 from pot
igracha2580: doesn't show hand 
*** SUMMARY ***
Total pot $4 | Rake $0.18 
Board [6h 3c Js 3h Kc]
Seat 1: claudio130905 (button) folded before Flop (didn't bet)
Seat 2: Mahu2021 (small blind) folded on the River
Seat 3: igracha2580 (big blind) collected ($3.82)
Seat 4: 4cidwave folded before Flop (didn't bet)
Seat 5: kSam44 folded before Flop (didn't bet)
Seat 6: Mirakuri folded before Flop (didn't bet)



PokerStars Zoom Hand #255557350232:  Hold'em No Limit ($0.05/$0.10) - 2025/04/02 12:31:48 CET [2025/04/02 6:31:48 ET]
Table 'Aludra' 6-max Seat #1 is the button
Seat 1: bvch95 ($24.02 in chips) 
Seat 2: Andrei232Zah ($10.28 in chips) 
Seat 3: camoulife ($11.72 in chips) 
Seat 4: Clicker89 ($10.25 in chips) 
Seat 5: Mahu2021 ($2.35 in chips) 
Seat 6: thechad7 ($10 in chips) 
Andrei232Zah: posts small blind $0.05
camoulife: posts big blind $0.10
*** HOLE CARDS ***
Dealt to Mahu2021 [Qd Ac]
Clicker89: raises $0.12 to $0.22
Mahu2021: calls $0.22
thechad7: raises $0.98 to $1.20
bvch95: folds 
Andrei232Zah: folds 
camoulife: folds 
Clicker89: folds 
Mahu2021: calls $0.98
*** FLOP *** [2d Ad 8d]
Mahu2021: bets $1.15 and is all-in
thechad7: folds 
Uncalled bet ($1.15) returned to Mahu2021
Mahu2021 collected $2.65 from pot
Mahu2021: doesn't show hand 
*** SUMMARY ***
Total pot $2.77 | Rake $0.12 
Board [2d Ad 8d]
Seat 1: bvch95 (button) folded before Flop (didn't bet)
Seat 2: Andrei232Zah (small blind) folded before Flop
Seat 3: camoulife (big blind) folded before Flop
Seat 4: Clicker89 folded before Flop
Seat 5: Mahu2021 collected ($2.65)
Seat 6: thechad7 folded on the Flop



PokerStars Zoom Hand #255557353297:  Hold'em No Limit ($0.05/$0.10) - 2025/04/02 12:32:16 CET [2025/04/02 6:32:16 ET]
Table 'Aludra' 6-max Seat #1 is the button
Seat 1: Clicker89 ($10 in chips) 
Seat 2: seiji140 ($10 in chips) 
Seat 3: Mahu2021 ($3.80 in chips) 
Seat 4: titan148 ($10.49 in chips) 
Seat 5: kSam44 ($17.37 in chips) 
Seat 6: 4cidwave ($6.33 in chips) 
seiji140: posts small blind $0.05
Mahu2021: posts big blind $0.10
*** HOLE CARDS ***
Dealt to Mahu2021 [Td 3h]
titan148: folds 
kSam44: folds 
4cidwave: folds 
Clicker89: folds 
seiji140: folds 
Uncalled bet ($0.05) returned to Mahu2021
Mahu2021 collected $0.10 from pot
Mahu2021: doesn't show hand 
*** SUMMARY ***
Total pot $0.10 | Rake $0 
Seat 1: Clicker89 (button) folded before Flop (didn't bet)
Seat 2: seiji140 (small blind) folded before Flop
Seat 3: Mahu2021 (big blind) collected ($0.10)
Seat 4: titan148 folded before Flop (didn't bet)
Seat 5: kSam44 folded before Flop (didn't bet)
Seat 6: 4cidwave folded before Flop (didn't bet)



PokerStars Zoom Hand #255557355198:  Hold'em No Limit ($0.05/$0.10) - 2025/04/02 12:32:33 CET [2025/04/02 6:32:33 ET]
Table 'Aludra' 6-max Seat #1 is the button
Seat 1: Andrei232Zah ($10.08 in chips) 
Seat 2: Bobbymcgee99 ($18.77 in chips) 
Seat 3: igracha2580 ($13.73 in chips) 
Seat 4: acebob999 ($11.23 in chips) 
Seat 5: krienas333 ($10.28 in chips) 
Seat 6: Mahu2021 ($3.85 in chips) 
Bobbymcgee99: posts small blind $0.05
igracha2580: posts big blind $0.10
*** HOLE CARDS ***
Dealt to Mahu2021 [Ts 5h]
acebob999: folds 
krienas333: folds 
Mahu2021: folds 
Andrei232Zah: folds 
Bobbymcgee99: raises $0.20 to $0.30
igracha2580: folds 
Uncalled bet ($0.20) returned to Bobbymcgee99
Bobbymcgee99 collected $0.20 from pot
Bobbymcgee99: doesn't show hand 
*** SUMMARY ***
Total pot $0.20 | Rake $0 
Seat 1: Andrei232Zah (button) folded before Flop (didn't bet)
Seat 2: Bobbymcgee99 (small blind) collected ($0.20)
Seat 3: igracha2580 (big blind) folded before Flop
Seat 4: acebob999 folded before Flop (didn't bet)
Seat 5: krienas333 folded before Flop (didn't bet)
Seat 6: Mahu2021 folded before Flop (didn't bet)



PokerStars Zoom Hand #255557356214:  Hold'em No Limit ($0.05/$0.10) - 2025/04/02 12:32:42 CET [2025/04/02 6:32:42 ET]
Table 'Aludra' 6-max Seat #1 is the button
Seat 1: Mahu2021 ($3.80 in chips) 
Seat 2: 4cidwave ($5.73 in chips) 
Seat 3: Clicker89 ($10 in chips) 
Seat 4: 15lawrencea ($32.95 in chips) 
Seat 5: hummbold ($11.06 in chips) 
Seat 6: Shturaff ($7.90 in chips) 
4cidwave: posts small blind $0.05
Clicker89: posts big blind $0.10
*** HOLE CARDS ***
Dealt to Mahu2021 [5h 6d]
15lawrencea: folds 
hummbold: folds 
Shturaff: folds 
Mahu2021: folds 
4cidwave: raises $0.15 to $0.25
Clicker89: folds 
Uncalled bet ($0.15) returned to 4cidwave
4cidwave collected $0.20 from pot
4cidwave: doesn't show hand 
*** SUMMARY ***
Total pot $0.20 | Rake $0 
Seat 1: Mahu2021 (button) folded before Flop (didn't bet)
Seat 2: 4cidwave (small blind) collected ($0.20)
Seat 3: Clicker89 (big blind) folded before Flop
Seat 4: 15lawrencea folded before Flop (didn't bet)
Seat 5: hummbold folded before Flop (didn't bet)
Seat 6: Shturaff folded before Flop (didn't bet)



PokerStars Zoom Hand #255557357132:  Hold'em No Limit ($0.05/$0.10) - 2025/04/02 12:32:51 CET [2025/04/02 6:32:51 ET]
Table 'Aludra' 6-max Seat #1 is the button
Seat 1: acebob999 ($11.18 in chips) 
Seat 2: thechad7 ($10.05 in chips) 
Seat 3: Andrei232Zah ($10.08 in chips) 
Seat 4: seiji140 ($10 in chips) 
Seat 5: Mahu2021 ($3.80 in chips) 
Seat 6: snakejo81 ($7.99 in chips) 
thechad7: posts small blind $0.05
Andrei232Zah: posts big blind $0.10
*** HOLE CARDS ***
Dealt to Mahu2021 [4d Ac]
seiji140: folds 
Mahu2021: folds 
snakejo81: folds 
acebob999: folds 
thechad7: folds 
Uncalled bet ($0.05) returned to Andrei232Zah
Andrei232Zah collected $0.10 from pot
Andrei232Zah: doesn't show hand 
*** SUMMARY ***
Total pot $0.10 | Rake $0 
Seat 1: acebob999 (button) folded before Flop (didn't bet)
Seat 2: thechad7 (small blind) folded before Flop
Seat 3: Andrei232Zah (big blind) collected ($0.10)
Seat 4: seiji140 folded before Flop (didn't bet)
Seat 5: Mahu2021 folded before Flop (didn't bet)
Seat 6: snakejo81 folded before Flop (didn't bet)



PokerStars Zoom Hand #255557357891:  Hold'em No Limit ($0.05/$0.10) - 2025/04/02 12:32:58 CET [2025/04/02 6:32:58 ET]
Table 'Aludra' 6-max Seat #1 is the button
Seat 1: 4cidwave ($5.83 in chips) 
Seat 2: vivipige ($8.09 in chips) 
Seat 3: Mahu2021 ($3.80 in chips) 
Seat 4: thechad7 ($10 in chips) 
Seat 5: snakejo81 ($7.99 in chips) 
Seat 6: hummbold ($10.76 in chips) 
vivipige: posts small blind $0.05
Mahu2021: posts big blind $0.10
*** HOLE CARDS ***
Dealt to Mahu2021 [As 7d]
thechad7: folds 
snakejo81: folds 
hummbold: folds 
4cidwave: folds 
vivipige: folds 
Uncalled bet ($0.05) returned to Mahu2021
Mahu2021 collected $0.10 from pot
Mahu2021: doesn't show hand 
*** SUMMARY ***
Total pot $0.10 | Rake $0 
Seat 1: 4cidwave (button) folded before Flop (didn't bet)
Seat 2: vivipige (small blind) folded before Flop
Seat 3: Mahu2021 (big blind) collected ($0.10)
Seat 4: thechad7 folded before Flop (didn't bet)
Seat 5: snakejo81 folded before Flop (didn't bet)
Seat 6: hummbold folded before Flop (didn't bet)



PokerStars Zoom Hand #255557358838:  Hold'em No Limit ($0.05/$0.10) - 2025/04/02 12:33:07 CET [2025/04/02 6:33:07 ET]
Table 'Aludra' 6-max Seat #1 is the button
Seat 1: Vadim91_blr ($13.92 in chips) 
Seat 2: Mirakuri ($19 in chips) 
Seat 3: snakejo81 ($7.99 in chips) 
Seat 4: chessismorefun ($17.30 in chips) 
Seat 5: Mahu2021 ($3.85 in chips) 
Seat 6: ForLeonko13 ($10.05 in chips) 
Mirakuri: posts small blind $0.05
snakejo81: posts big blind $0.10
*** HOLE CARDS ***
Dealt to Mahu2021 [9s Jc]
chessismorefun: folds 
Mahu2021: folds 
ForLeonko13: folds 
Vadim91_blr: folds 
Mirakuri: folds 
Uncalled bet ($0.05) returned to snakejo81
snakejo81 collected $0.10 from pot
snakejo81: doesn't show hand 
*** SUMMARY ***
Total pot $0.10 | Rake $0 
Seat 1: Vadim91_blr (button) folded before Flop (didn't bet)
Seat 2: Mirakuri (small blind) folded before Flop
Seat 3: snakejo81 (big blind) collected ($0.10)
Seat 4: chessismorefun folded before Flop (didn't bet)
Seat 5: Mahu2021 folded before Flop (didn't bet)
Seat 6: ForLeonko13 folded before Flop (didn't bet)



PokerStars Zoom Hand #255557355707:  Hold'em No Limit ($0.05/$0.10) - 2025/04/02 12:32:38 CET [2025/04/02 6:32:38 ET]
Table 'Aludra' 6-max Seat #1 is the button
Seat 1: seiji140 ($10 in chips) 
Seat 2: Mahu2021 ($3.85 in chips) 
Seat 3: krienas333 ($10.28 in chips) 
Seat 4: ghanisha ($10 in chips) 
Seat 5: 15lawrencea ($17.82 in chips) 
Seat 6: claudio130905 ($20.19 in chips) 
Mahu2021: posts small blind $0.05
krienas333: posts big blind $0.10
*** HOLE CARDS ***
Dealt to Mahu2021 [7c Ad]
ghanisha: raises $0.20 to $0.30
15lawrencea: folds 
claudio130905: folds 
seiji140: folds 
Mahu2021: folds 
krienas333: calls $0.20
*** FLOP *** [5d 3h 2h]
krienas333: checks 
ghanisha: checks 
*** TURN *** [5d 3h 2h] [8h]
krienas333: checks 
ghanisha: checks 
*** RIVER *** [5d 3h 2h 8h] [6c]
krienas333: checks 
ghanisha: checks 
*** SHOW DOWN ***
krienas333: shows [Qc Jc] (high card Queen)
ghanisha: mucks hand 
krienas333 collected $0.62 from pot
*** SUMMARY ***
Total pot $0.65 | Rake $0.03 
Board [5d 3h 2h 8h 6c]
Seat 1: seiji140 (button) folded before Flop (didn't bet)
Seat 2: Mahu2021 (small blind) folded before Flop
Seat 3: krienas333 (big blind) showed [Qc Jc] and won ($0.62) with high card Queen
Seat 4: ghanisha mucked [Ts 9s]
Seat 5: 15lawrencea folded before Flop (didn't bet)
Seat 6: claudio130905 folded before Flop (didn't bet)



PokerStars Zoom Hand #255557359893:  Hold'em No Limit ($0.05/$0.10) - 2025/04/02 12:33:16 CET [2025/04/02 6:33:16 ET]
Table 'Aludra' 6-max Seat #1 is the button
Seat 1: pokeripuikko ($11.75 in chips) 
Seat 2: seiji140 ($10 in chips) 
Seat 3: Vadim91_blr ($43.55 in chips) 
Seat 4: Mahu2021 ($3.85 in chips) 
Seat 5: cervel4 ($3.10 in chips) 
Seat 6: thechad7 ($10 in chips) 
seiji140: posts small blind $0.05
Vadim91_blr: posts big blind $0.10
*** HOLE CARDS ***
Dealt to Mahu2021 [6d 8c]
Mahu2021: folds 
cervel4: folds 
thechad7: raises $0.15 to $0.25
pokeripuikko: folds 
seiji140: folds 
Vadim91_blr: folds 
Uncalled bet ($0.15) returned to thechad7
thechad7 collected $0.25 from pot
thechad7: doesn't show hand 
*** SUMMARY ***
Total pot $0.25 | Rake $0 
Seat 1: pokeripuikko (button) folded before Flop (didn't bet)
Seat 2: seiji140 (small blind) folded before Flop
Seat 3: Vadim91_blr (big blind) folded before Flop
Seat 4: Mahu2021 folded before Flop (didn't bet)
Seat 5: cervel4 folded before Flop (didn't bet)
Seat 6: thechad7 collected ($0.25)



PokerStars Zoom Hand #255557356629:  Hold'em No Limit ($0.05/$0.10) - 2025/04/02 12:32:46 CET [2025/04/02 6:32:46 ET]
Table 'Aludra' 6-max Seat #1 is the button
Seat 1: ForLeonko13 ($10 in chips) 
Seat 2: calpex777 ($14.38 in chips) 
Seat 3: Mirakuri ($36.46 in chips) 
Seat 4: Mahu2021 ($3.80 in chips) 
Seat 5: claudio130905 ($20.19 in chips) 
Seat 6: acebob999 ($11.18 in chips) 
calpex777: posts small blind $0.05
Mirakuri: posts big blind $0.10
*** HOLE CARDS ***
Dealt to Mahu2021 [9h Qc]
Mahu2021: folds 
claudio130905: folds 
acebob999: folds 
ForLeonko13: raises $0.15 to $0.25
calpex777: folds 
Mirakuri: raises $0.85 to $1.10
ForLeonko13: raises $8.90 to $10 and is all-in
Mirakuri: calls $8.90
*** FLOP *** [3d 6h 8s]
*** TURN *** [3d 6h 8s] [8h]
*** RIVER *** [3d 6h 8s 8h] [4s]
*** SHOW DOWN ***
Mirakuri: shows [Js As] (a pair of Eights)
ForLeonko13: shows [Qs Qh] (two pair, Queens and Eights)
ForLeonko13 collected $19.15 from pot
*** SUMMARY ***
Total pot $20.05 | Rake $0.90 
Board [3d 6h 8s 8h 4s]
Seat 1: ForLeonko13 (button) showed [Qs Qh] and won ($19.15) with two pair, Queens and Eights
Seat 2: calpex777 (small blind) folded before Flop
Seat 3: Mirakuri (big blind) showed [Js As] and lost with a pair of Eights
Seat 4: Mahu2021 folded before Flop (didn't bet)
Seat 5: claudio130905 folded before Flop (didn't bet)
Seat 6: acebob999 folded before Flop (didn't bet)



PokerStars Zoom Hand #255557360866:  Hold'em No Limit ($0.05/$0.10) - 2025/04/02 12:33:25 CET [2025/04/02 6:33:25 ET]
Table 'Aludra' 6-max Seat #1 is the button
Seat 1: denis4250 ($6.72 in chips) 
Seat 2: claudio130905 ($25.63 in chips) 
Seat 3: EdgaP ($16.65 in chips) 
Seat 4: Mahu2021 ($3.80 in chips) 
Seat 5: Shinaco ($10.72 in chips) 
Seat 6: Reddington567 ($16.43 in chips) 
claudio130905: posts small blind $0.05
EdgaP: posts big blind $0.10
*** HOLE CARDS ***
Dealt to Mahu2021 [8d Kd]
Mahu2021: folds 
Shinaco: folds 
Reddington567: folds 
denis4250: folds 
claudio130905: folds 
Uncalled bet ($0.05) returned to EdgaP
EdgaP collected $0.10 from pot
EdgaP: doesn't show hand 
*** SUMMARY ***
Total pot $0.10 | Rake $0 
Seat 1: denis4250 (button) folded before Flop (didn't bet)
Seat 2: claudio130905 (small blind) folded before Flop
Seat 3: EdgaP (big blind) collected ($0.10)
Seat 4: Mahu2021 folded before Flop (didn't bet)
Seat 5: Shinaco folded before Flop (didn't bet)
Seat 6: Reddington567 folded before Flop (didn't bet)



PokerStars Zoom Hand #255557357573:  Hold'em No Limit ($0.05/$0.10) - 2025/04/02 12:32:55 CET [2025/04/02 6:32:55 ET]
Table 'Aludra' 6-max Seat #1 is the button
Seat 1: ForLeonko13 ($10 in chips) 
Seat 2: chessismorefun ($10.47 in chips) 
Seat 3: calpex777 ($13.58 in chips) 
Seat 4: seiji140 ($10 in chips) 
Seat 5: acebob999 ($11.18 in chips) 
Seat 6: Mahu2021 ($3.80 in chips) 
chessismorefun: posts small blind $0.05
calpex777: posts big blind $0.10
*** HOLE CARDS ***
Dealt to Mahu2021 [Ts 2d]
seiji140: folds 
acebob999: raises $0.20 to $0.30
Mahu2021: folds 
ForLeonko13: folds 
chessismorefun: folds 
calpex777: calls $0.20
*** FLOP *** [9c Qd 5c]
calpex777: checks 
acebob999: checks 
*** TURN *** [9c Qd 5c] [6d]
calpex777: checks 
acebob999: checks 
*** RIVER *** [9c Qd 5c 6d] [2c]
calpex777: checks 
acebob999: checks 
*** SHOW DOWN ***
calpex777: shows [4s 4c] (a pair of Fours)
acebob999: mucks hand 
calpex777 collected $0.62 from pot
*** SUMMARY ***
Total pot $0.65 | Rake $0.03 
Board [9c Qd 5c 6d 2c]
Seat 1: ForLeonko13 (button) folded before Flop (didn't bet)
Seat 2: chessismorefun (small blind) folded before Flop
Seat 3: calpex777 (big blind) showed [4s 4c] and won ($0.62) with a pair of Fours
Seat 4: seiji140 folded before Flop (didn't bet)
Seat 5: acebob999 mucked [As Ks]
Seat 6: Mahu2021 folded before Flop (didn't bet)



PokerStars Zoom Hand #255557361528:  Hold'em No Limit ($0.05/$0.10) - 2025/04/02 12:33:31 CET [2025/04/02 6:33:31 ET]
Table 'Aludra' 6-max Seat #1 is the button
Seat 1: calpex777 ($14.16 in chips) 
Seat 2: Vadim91_blr ($10 in chips) 
Seat 3: Shinaco ($10.72 in chips) 
Seat 4: titan148 ($10.33 in chips) 
Seat 5: Reddington567 ($14.99 in chips) 
Seat 6: Mahu2021 ($3.80 in chips) 
Vadim91_blr: posts small blind $0.05
Shinaco: posts big blind $0.10
*** HOLE CARDS ***
Dealt to Mahu2021 [5d 4h]
titan148: folds 
Reddington567: folds 
Mahu2021: folds 
calpex777: folds 
Vadim91_blr: folds 
Uncalled bet ($0.05) returned to Shinaco
Shinaco collected $0.10 from pot
Shinaco: doesn't show hand 
*** SUMMARY ***
Total pot $0.10 | Rake $0 
Seat 1: calpex777 (button) folded before Flop (didn't bet)
Seat 2: Vadim91_blr (small blind) folded before Flop
Seat 3: Shinaco (big blind) collected ($0.10)
Seat 4: titan148 folded before Flop (didn't bet)
Seat 5: Reddington567 folded before Flop (didn't bet)
Seat 6: Mahu2021 folded before Flop (didn't bet)



PokerStars Zoom Hand #255557361942:  Hold'em No Limit ($0.05/$0.10) - 2025/04/02 12:33:35 CET [2025/04/02 6:33:35 ET]
Table 'Aludra' 6-max Seat #1 is the button
Seat 1: titan148 ($10 in chips) 
Seat 2: pokeripuikko ($11.80 in chips) 
Seat 3: Mahu2021 ($3.80 in chips) 
Seat 4: calpex777 ($14.33 in chips) 
Seat 5: Reddington567 ($16.43 in chips) 
Seat 6: swalley9999 ($19.92 in chips) 
pokeripuikko: posts small blind $0.05
Mahu2021: posts big blind $0.10
*** HOLE CARDS ***
Dealt to Mahu2021 [Th Qc]
calpex777: folds 
Reddington567: folds 
swalley9999: folds 
titan148: folds 
pokeripuikko: folds 
Uncalled bet ($0.05) returned to Mahu2021
Mahu2021 collected $0.10 from pot
Mahu2021: doesn't show hand 
*** SUMMARY ***
Total pot $0.10 | Rake $0 
Seat 1: titan148 (button) folded before Flop (didn't bet)
Seat 2: pokeripuikko (small blind) folded before Flop
Seat 3: Mahu2021 (big blind) collected ($0.10)
Seat 4: calpex777 folded before Flop (didn't bet)
Seat 5: Reddington567 folded before Flop (didn't bet)
Seat 6: swalley9999 folded before Flop (didn't bet)



PokerStars Zoom Hand #255557360343:  Hold'em No Limit ($0.05/$0.10) - 2025/04/02 12:33:20 CET [2025/04/02 6:33:20 ET]
Table 'Aludra' 6-max Seat #1 is the button
Seat 1: seiji140 ($10 in chips) 
Seat 2: Mahu2021 ($3.85 in chips) 
Seat 3: downsynjerome ($11.91 in chips) 
Seat 4: 4cidwave ($5.45 in chips) 
Seat 5: StelioKontos18 ($10 in chips) 
Seat 6: luvingkind ($12 in chips) 
Mahu2021: posts small blind $0.05
downsynjerome: posts big blind $0.10
*** HOLE CARDS ***
Dealt to Mahu2021 [2h 6c]
4cidwave: folds 
StelioKontos18: folds 
luvingkind: folds 
seiji140: raises $0.15 to $0.25
Mahu2021: folds 
downsynjerome: calls $0.15
*** FLOP *** [Jh 9c 8h]
downsynjerome: bets $0.36
seiji140: raises $0.36 to $0.72
downsynjerome: folds 
Uncalled bet ($0.36) returned to seiji140
seiji140 collected $1.21 from pot
seiji140: doesn't show hand 
*** SUMMARY ***
Total pot $1.27 | Rake $0.06 
Board [Jh 9c 8h]
Seat 1: seiji140 (button) collected ($1.21)
Seat 2: Mahu2021 (small blind) folded before Flop
Seat 3: downsynjerome (big blind) folded on the Flop
Seat 4: 4cidwave folded before Flop (didn't bet)
Seat 5: StelioKontos18 folded before Flop (didn't bet)
Seat 6: luvingkind folded before Flop (didn't bet)



PokerStars Zoom Hand #255557363047:  Hold'em No Limit ($0.05/$0.10) - 2025/04/02 12:33:45 CET [2025/04/02 6:33:45 ET]
Table 'Aludra' 6-max Seat #1 is the button
Seat 1: hummbold ($11.35 in chips) 
Seat 2: Mahu2021 ($3.85 in chips) 
Seat 3: Reddington567 ($16.43 in chips) 
Seat 4: killerita67 ($10.10 in chips) 
Seat 5: denis4250 ($6.62 in chips) 
Seat 6: titan148 ($10 in chips) 
Mahu2021: posts small blind $0.05
Reddington567: posts big blind $0.10
*** HOLE CARDS ***
Dealt to Mahu2021 [3h 3s]
killerita67 has timed out
killerita67: folds 
denis4250: folds 
titan148: folds 
hummbold: raises $0.15 to $0.25
Mahu2021: calls $0.20
Reddington567: folds 
*** FLOP *** [Kh 4d Js]
Mahu2021: checks 
hummbold: checks 
*** TURN *** [Kh 4d Js] [Kc]
Mahu2021: bets $0.30
hummbold: folds 
Uncalled bet ($0.30) returned to Mahu2021
Mahu2021 collected $0.57 from pot
Mahu2021: doesn't show hand 
*** SUMMARY ***
Total pot $0.60 | Rake $0.03 
Board [Kh 4d Js Kc]
Seat 1: hummbold (button) folded on the Turn
Seat 2: Mahu2021 (small blind) collected ($0.57)
Seat 3: Reddington567 (big blind) folded before Flop
Seat 4: killerita67 folded before Flop (didn't bet)
Seat 5: denis4250 folded before Flop (didn't bet)
Seat 6: titan148 folded before Flop (didn't bet)



PokerStars Zoom Hand #255557359287:  Hold'em No Limit ($0.05/$0.10) - 2025/04/02 12:33:10 CET [2025/04/02 6:33:10 ET]
Table 'Aludra' 6-max Seat #1 is the button
Seat 1: Mahu2021 ($3.85 in chips) 
Seat 2: hummbold ($10.96 in chips) 
Seat 3: 15lawrencea ($32.95 in chips) 
Seat 4: Bobbymcgee99 ($19.07 in chips) 
Seat 5: pokeripuikko ($11.75 in chips) 
Seat 6: camoulife ($12.30 in chips) 
hummbold: posts small blind $0.05
15lawrencea: posts big blind $0.10
*** HOLE CARDS ***
Dealt to Mahu2021 [Kd 8h]
Bobbymcgee99: raises $0.10 to $0.20
pokeripuikko: folds 
camoulife: folds 
Mahu2021: folds 
hummbold: folds 
15lawrencea: calls $0.10
*** FLOP *** [Ks 6d 7s]
15lawrencea: checks 
Bobbymcgee99: bets $0.32
15lawrencea: calls $0.32
*** TURN *** [Ks 6d 7s] [9h]
15lawrencea: checks 
Bobbymcgee99: checks 
*** RIVER *** [Ks 6d 7s 9h] [Jd]
15lawrencea: bets $0.35
Bobbymcgee99: raises $1.40 to $1.75
15lawrencea: folds 
Uncalled bet ($1.40) returned to Bobbymcgee99
Bobbymcgee99 collected $1.71 from pot
Bobbymcgee99: doesn't show hand 
*** SUMMARY ***
Total pot $1.79 | Rake $0.08 
Board [Ks 6d 7s 9h Jd]
Seat 1: Mahu2021 (button) folded before Flop (didn't bet)
Seat 2: hummbold (small blind) folded before Flop
Seat 3: 15lawrencea (big blind) folded on the River
Seat 4: Bobbymcgee99 collected ($1.71)
Seat 5: pokeripuikko folded before Flop (didn't bet)
Seat 6: camoulife folded before Flop (didn't bet)



PokerStars Zoom Hand #255557366788:  Hold'em No Limit ($0.05/$0.10) - 2025/04/02 12:34:20 CET [2025/04/02 6:34:20 ET]
Table 'Aludra' 6-max Seat #1 is the button
Seat 1: Mahu2021 ($4.17 in chips) 
Seat 2: hummbold ($10.81 in chips) 
Seat 3: zogecmarogec ($6.17 in chips) 
Seat 4: pokeripuikko ($36.67 in chips) 
Seat 5: Clicker89 ($11.33 in chips) 
Seat 6: Vadim91_blr ($13.27 in chips) 
hummbold: posts small blind $0.05
zogecmarogec: posts big blind $0.10
*** HOLE CARDS ***
Dealt to Mahu2021 [4s Js]
pokeripuikko: folds 
Clicker89: folds 
Vadim91_blr: raises $0.10 to $0.20
Mahu2021: folds 
hummbold: folds 
zogecmarogec: calls $0.10
*** FLOP *** [7h Jc Qd]
zogecmarogec: checks 
Vadim91_blr: bets $0.34
zogecmarogec: folds 
Uncalled bet ($0.34) returned to Vadim91_blr
Vadim91_blr collected $0.43 from pot
Vadim91_blr: doesn't show hand 
*** SUMMARY ***
Total pot $0.45 | Rake $0.02 
Board [7h Jc Qd]
Seat 1: Mahu2021 (button) folded before Flop (didn't bet)
Seat 2: hummbold (small blind) folded before Flop
Seat 3: zogecmarogec (big blind) folded on the Flop
Seat 4: pokeripuikko folded before Flop (didn't bet)
Seat 5: Clicker89 folded before Flop (didn't bet)
Seat 6: Vadim91_blr collected ($0.43)



PokerStars Zoom Hand #255557367211:  Hold'em No Limit ($0.05/$0.10) - 2025/04/02 12:34:23 CET [2025/04/02 6:34:23 ET]
Table 'Aludra' 6-max Seat #1 is the button
Seat 1: Mirakuri ($13.87 in chips) 
Seat 2: swalley9999 ($19.77 in chips) 
Seat 3: KamilDeren ($7.53 in chips) 
Seat 4: Bur1k ($5.10 in chips) 
Seat 5: Mahu2021 ($4.17 in chips) 
Seat 6: titan148 ($10.36 in chips) 
swalley9999: posts small blind $0.05
KamilDeren: posts big blind $0.10
*** HOLE CARDS ***
Dealt to Mahu2021 [Jh Kh]
Bur1k: folds 
Mahu2021: raises $0.12 to $0.22
titan148: folds 
Mirakuri: folds 
swalley9999: folds 
KamilDeren: folds 
Uncalled bet ($0.12) returned to Mahu2021
Mahu2021 collected $0.25 from pot
Mahu2021: doesn't show hand 
*** SUMMARY ***
Total pot $0.25 | Rake $0 
Seat 1: Mirakuri (button) folded before Flop (didn't bet)
Seat 2: swalley9999 (small blind) folded before Flop
Seat 3: KamilDeren (big blind) folded before Flop
Seat 4: Bur1k folded before Flop (didn't bet)
Seat 5: Mahu2021 collected ($0.25)
Seat 6: titan148 folded before Flop (didn't bet)



PokerStars Zoom Hand #255557370848:  Hold'em No Limit ($0.05/$0.10) - 2025/04/02 12:34:56 CET [2025/04/02 6:34:56 ET]
Table 'Aludra' 6-max Seat #1 is the button
Seat 1: Mirakuri ($25.77 in chips) 
Seat 2: acebob999 ($9.22 in chips) 
Seat 3: olukichi ($10.23 in chips) 
Seat 4: pokeripuikko ($12.35 in chips) 
Seat 5: Mahu2021 ($4.22 in chips) 
Seat 6: hummbold ($13.84 in chips) 
acebob999: posts small blind $0.05
olukichi: posts big blind $0.10
*** HOLE CARDS ***
Dealt to Mahu2021 [2c Qh]
pokeripuikko: folds 
Mahu2021: folds 
hummbold: folds 
Mirakuri: folds 
acebob999: folds 
Uncalled bet ($0.05) returned to olukichi
olukichi collected $0.10 from pot
olukichi: doesn't show hand 
*** SUMMARY ***
Total pot $0.10 | Rake $0 
Seat 1: Mirakuri (button) folded before Flop (didn't bet)
Seat 2: acebob999 (small blind) folded before Flop
Seat 3: olukichi (big blind) collected ($0.10)
Seat 4: pokeripuikko folded before Flop (didn't bet)
Seat 5: Mahu2021 folded before Flop (didn't bet)
Seat 6: hummbold folded before Flop (didn't bet)



PokerStars Zoom Hand #255557370075:  Hold'em No Limit ($0.05/$0.10) - 2025/04/02 12:34:49 CET [2025/04/02 6:34:49 ET]
Table 'Aludra' 6-max Seat #1 is the button
Seat 1: thechad7 ($10 in chips) 
Seat 2: Mirakuri ($19.89 in chips) 
Seat 3: Mahu2021 ($4.32 in chips) 
Seat 4: camoulife ($12.19 in chips) 
Seat 5: 15lawrencea ($32.03 in chips) 
Seat 6: pokeripuikko ($36.52 in chips) 
Mirakuri: posts small blind $0.05
Mahu2021: posts big blind $0.10
*** HOLE CARDS ***
Dealt to Mahu2021 [Kh 7d]
camoulife: folds 
15lawrencea: raises $0.13 to $0.23
pokeripuikko: folds 
thechad7: raises $0.52 to $0.75
Mirakuri: folds 
Mahu2021: folds 
15lawrencea: raises $1.35 to $2.10
thechad7: folds 
Uncalled bet ($1.35) returned to 15lawrencea
15lawrencea collected $1.65 from pot
15lawrencea: doesn't show hand 
*** SUMMARY ***
Total pot $1.65 | Rake $0 
Seat 1: thechad7 (button) folded before Flop
Seat 2: Mirakuri (small blind) folded before Flop
Seat 3: Mahu2021 (big blind) folded before Flop
Seat 4: camoulife folded before Flop (didn't bet)
Seat 5: 15lawrencea collected ($1.65)
Seat 6: pokeripuikko folded before Flop (didn't bet)



PokerStars Zoom Hand #255557371304:  Hold'em No Limit ($0.05/$0.10) - 2025/04/02 12:35:00 CET [2025/04/02 6:35:00 ET]
Table 'Aludra' 6-max Seat #1 is the button
Seat 1: luvingkind ($13.25 in chips) 
Seat 2: zogecmarogec ($6.12 in chips) 
Seat 3: snakejo81 ($9.72 in chips) 
Seat 4: Mirakuri ($36 in chips) 
Seat 5: 4cidwave ($5.60 in chips) 
Seat 6: Mahu2021 ($4.22 in chips) 
zogecmarogec: posts small blind $0.05
snakejo81: posts big blind $0.10
*** HOLE CARDS ***
Dealt to Mahu2021 [4s Qs]
Mirakuri: folds 
4cidwave: folds 
Mahu2021: folds 
luvingkind: folds 
zogecmarogec: raises $0.10 to $0.20
snakejo81: folds 
Uncalled bet ($0.10) returned to zogecmarogec
zogecmarogec collected $0.20 from pot
zogecmarogec: doesn't show hand 
*** SUMMARY ***
Total pot $0.20 | Rake $0 
Seat 1: luvingkind (button) folded before Flop (didn't bet)
Seat 2: zogecmarogec (small blind) collected ($0.20)
Seat 3: snakejo81 (big blind) folded before Flop
Seat 4: Mirakuri folded before Flop (didn't bet)
Seat 5: 4cidwave folded before Flop (didn't bet)
Seat 6: Mahu2021 folded before Flop (didn't bet)



PokerStars Zoom Hand #255557371672:  Hold'em No Limit ($0.05/$0.10) - 2025/04/02 12:35:04 CET [2025/04/02 6:35:04 ET]
Table 'Aludra' 6-max Seat #1 is the button
Seat 1: 15lawrencea ($16.77 in chips) 
Seat 2: Mirakuri ($25.77 in chips) 
Seat 3: titan148 ($10.37 in chips) 
Seat 4: Mahu2021 ($4.22 in chips) 
Seat 5: calpex777 ($14.41 in chips) 
Seat 6: vivipige ($8.28 in chips) 
Mirakuri: posts small blind $0.05
titan148: posts big blind $0.10
*** HOLE CARDS ***
Dealt to Mahu2021 [Qs Ah]
Mahu2021: raises $0.12 to $0.22
calpex777: folds 
vivipige: folds 
15lawrencea: folds 
Mirakuri: folds 
titan148: raises $0.78 to $1
Mahu2021: calls $0.78
*** FLOP *** [Tc Ac 8h]
titan148: bets $0.59
Mahu2021: raises $2.63 to $3.22 and is all-in
titan148: calls $2.63
*** TURN *** [Tc Ac 8h] [Qc]
*** RIVER *** [Tc Ac 8h Qc] [2h]
*** SHOW DOWN ***
titan148: shows [Ks Ad] (a pair of Aces)
Mahu2021: shows [Qs Ah] (two pair, Aces and Queens)
Mahu2021 collected $8.11 from pot
*** SUMMARY ***
Total pot $8.49 | Rake $0.38 
Board [Tc Ac 8h Qc 2h]
Seat 1: 15lawrencea (button) folded before Flop (didn't bet)
Seat 2: Mirakuri (small blind) folded before Flop
Seat 3: titan148 (big blind) showed [Ks Ad] and lost with a pair of Aces
Seat 4: Mahu2021 showed [Qs Ah] and won ($8.11) with two pair, Aces and Queens
Seat 5: calpex777 folded before Flop (didn't bet)
Seat 6: vivipige folded before Flop (didn't bet)



PokerStars Zoom Hand #255557374744:  Hold'em No Limit ($0.05/$0.10) - 2025/04/02 12:35:33 CET [2025/04/02 6:35:33 ET]
Table 'Aludra' 6-max Seat #1 is the button
Seat 1: Mahu2021 ($8.11 in chips) 
Seat 2: Malvaro99 ($16.62 in chips) 
Seat 3: mayas009 ($17.40 in chips) 
Seat 4: Andrei232Zah ($8.74 in chips) 
Seat 5: Bur1k ($6.46 in chips) 
Seat 6: 15lawrencea ($16.62 in chips) 
Malvaro99: posts small blind $0.05
mayas009: posts big blind $0.10
*** HOLE CARDS ***
Dealt to Mahu2021 [Qc Ad]
Andrei232Zah: folds 
Bur1k: folds 
15lawrencea: folds 
Mahu2021: raises $0.11 to $0.21
Malvaro99: raises $0.52 to $0.73
mayas009: folds 
Mahu2021: calls $0.52
*** FLOP *** [Kh Ah Ts]
Malvaro99: checks 
Mahu2021: bets $1.49
Malvaro99: folds 
Uncalled bet ($1.49) returned to Mahu2021
Mahu2021 collected $1.49 from pot
Mahu2021: doesn't show hand 
*** SUMMARY ***
Total pot $1.56 | Rake $0.07 
Board [Kh Ah Ts]
Seat 1: Mahu2021 (button) collected ($1.49)
Seat 2: Malvaro99 (small blind) folded on the Flop
Seat 3: mayas009 (big blind) folded before Flop
Seat 4: Andrei232Zah folded before Flop (didn't bet)
Seat 5: Bur1k folded before Flop (didn't bet)
Seat 6: 15lawrencea folded before Flop (didn't bet)



PokerStars Zoom Hand #255557379927:  Hold'em No Limit ($0.05/$0.10) - 2025/04/02 12:36:20 CET [2025/04/02 6:36:20 ET]
Table 'Aludra' 6-max Seat #1 is the button
Seat 1: Vadim91_blr ($43.83 in chips) 
Seat 2: olukichi ($10.43 in chips) 
Seat 3: Mirakuri ($13.67 in chips) 
Seat 4: Mahu2021 ($8.72 in chips) 
Seat 5: 4cidwave ($5.88 in chips) 
Seat 6: Femto²/pk ($10.30 in chips) 
olukichi: posts small blind $0.05
Mirakuri: posts big blind $0.10
*** HOLE CARDS ***
Dealt to Mahu2021 [4s Kd]
Mahu2021: folds 
4cidwave: folds 
Femto²/pk: folds 
Vadim91_blr: folds 
olukichi: folds 
Uncalled bet ($0.05) returned to Mirakuri
Mirakuri collected $0.10 from pot
Mirakuri: doesn't show hand 
*** SUMMARY ***
Total pot $0.10 | Rake $0 
Seat 1: Vadim91_blr (button) folded before Flop (didn't bet)
Seat 2: olukichi (small blind) folded before Flop
Seat 3: Mirakuri (big blind) collected ($0.10)
Seat 4: Mahu2021 folded before Flop (didn't bet)
Seat 5: 4cidwave folded before Flop (didn't bet)
Seat 6: Femto²/pk folded before Flop (didn't bet)



PokerStars Zoom Hand #255557379264:  Hold'em No Limit ($0.05/$0.10) - 2025/04/02 12:36:14 CET [2025/04/02 6:36:14 ET]
Table 'Aludra' 6-max Seat #1 is the button
Seat 1: swalley9999 ($25.25 in chips) 
Seat 2: zogecmarogec ($5 in chips) 
Seat 3: Mahu2021 ($8.82 in chips) 
Seat 4: hummbold ($13.44 in chips) 
Seat 5: Andrei232Zah ($8.54 in chips) 
Seat 6: orangetime13 ($10 in chips) 
zogecmarogec: posts small blind $0.05
Mahu2021: posts big blind $0.10
*** HOLE CARDS ***
Dealt to Mahu2021 [Qh 2s]
hummbold: raises $0.15 to $0.25
Andrei232Zah: folds 
orangetime13: folds 
swalley9999: folds 
zogecmarogec: folds 
Mahu2021: folds 
Uncalled bet ($0.15) returned to hummbold
hummbold collected $0.25 from pot
hummbold: doesn't show hand 
*** SUMMARY ***
Total pot $0.25 | Rake $0 
Seat 1: swalley9999 (button) folded before Flop (didn't bet)
Seat 2: zogecmarogec (small blind) folded before Flop
Seat 3: Mahu2021 (big blind) folded before Flop
Seat 4: hummbold collected ($0.25)
Seat 5: Andrei232Zah folded before Flop (didn't bet)
Seat 6: orangetime13 folded before Flop (didn't bet)



PokerStars Zoom Hand #255557380282:  Hold'em No Limit ($0.05/$0.10) - 2025/04/02 12:36:23 CET [2025/04/02 6:36:23 ET]
Table 'Aludra' 6-max Seat #1 is the button
Seat 1: titan148 ($10.22 in chips) 
Seat 2: KingKolle0102 ($10.05 in chips) 
Seat 3: Clicker89 ($11.18 in chips) 
Seat 4: calpex777 ($14.41 in chips) 
Seat 5: Mirakuri ($35.65 in chips) 
Seat 6: Mahu2021 ($8.72 in chips) 
KingKolle0102: posts small blind $0.05
Clicker89: posts big blind $0.10
*** HOLE CARDS ***
Dealt to Mahu2021 [Js 5d]
calpex777: folds 
Mirakuri: raises $0.15 to $0.25
Mahu2021: folds 
titan148: folds 
KingKolle0102: folds 
Clicker89: folds 
Uncalled bet ($0.15) returned to Mirakuri
Mirakuri collected $0.25 from pot
Mirakuri: doesn't show hand 
*** SUMMARY ***
Total pot $0.25 | Rake $0 
Seat 1: titan148 (button) folded before Flop (didn't bet)
Seat 2: KingKolle0102 (small blind) folded before Flop
Seat 3: Clicker89 (big blind) folded before Flop
Seat 4: calpex777 folded before Flop (didn't bet)
Seat 5: Mirakuri collected ($0.25)
Seat 6: Mahu2021 folded before Flop (didn't bet)



PokerStars Zoom Hand #255557381196:  Hold'em No Limit ($0.05/$0.10) - 2025/04/02 12:36:32 CET [2025/04/02 6:36:32 ET]
Table 'Aludra' 6-max Seat #1 is the button
Seat 1: Mahu2021 ($8.72 in chips) 
Seat 2: GianNahTah7 ($9.75 in chips) 
Seat 3: milesperhourrrr ($10 in chips) 
Seat 4: PovilasX ($13.05 in chips) 
Seat 5: calpex777 ($14.70 in chips) 
Seat 6: Mirakuri ($13.67 in chips) 
GianNahTah7: posts small blind $0.05
milesperhourrrr: posts big blind $0.10
*** HOLE CARDS ***
Dealt to Mahu2021 [9d 6c]
PovilasX: folds 
calpex777: folds 
Mirakuri: folds 
Mahu2021: folds 
GianNahTah7: folds 
Uncalled bet ($0.05) returned to milesperhourrrr
milesperhourrrr collected $0.10 from pot
milesperhourrrr: doesn't show hand 
*** SUMMARY ***
Total pot $0.10 | Rake $0 
Seat 1: Mahu2021 (button) folded before Flop (didn't bet)
Seat 2: GianNahTah7 (small blind) folded before Flop
Seat 3: milesperhourrrr (big blind) collected ($0.10)
Seat 4: PovilasX folded before Flop (didn't bet)
Seat 5: calpex777 folded before Flop (didn't bet)
Seat 6: Mirakuri folded before Flop (didn't bet)



PokerStars Zoom Hand #255557380765:  Hold'em No Limit ($0.05/$0.10) - 2025/04/02 12:36:28 CET [2025/04/02 6:36:28 ET]
Table 'Aludra' 6-max Seat #1 is the button
Seat 1: KingKolle0102 ($10 in chips) 
Seat 2: pokeripuikko ($36.27 in chips) 
Seat 3: 4cidwave ($5.88 in chips) 
Seat 4: Mahu2021 ($8.72 in chips) 
Seat 5: Vadim91_blr ($13.25 in chips) 
Seat 6: olukichi ($10.38 in chips) 
pokeripuikko: posts small blind $0.05
4cidwave: posts big blind $0.10
*** HOLE CARDS ***
Dealt to Mahu2021 [Th 9s]
Mahu2021: folds 
Vadim91_blr: folds 
olukichi: folds 
KingKolle0102: raises $0.50 to $0.60
pokeripuikko: folds 
4cidwave: calls $0.50
*** FLOP *** [Ks 2s 3d]
4cidwave: checks 
KingKolle0102: bets $0.50
4cidwave: folds 
Uncalled bet ($0.50) returned to KingKolle0102
KingKolle0102 collected $1.17 from pot
KingKolle0102: doesn't show hand 
*** SUMMARY ***
Total pot $1.25 | Rake $0.08 
Board [Ks 2s 3d]
Seat 1: KingKolle0102 (button) collected ($1.17)
Seat 2: pokeripuikko (small blind) folded before Flop
Seat 3: 4cidwave (big blind) folded on the Flop
Seat 4: Mahu2021 folded before Flop (didn't bet)
Seat 5: Vadim91_blr folded before Flop (didn't bet)
Seat 6: olukichi folded before Flop (didn't bet)



PokerStars Zoom Hand #255557381643:  Hold'em No Limit ($0.05/$0.10) - 2025/04/02 12:36:36 CET [2025/04/02 6:36:36 ET]
Table 'Aludra' 6-max Seat #1 is the button
Seat 1: GianNahTah7 ($9.70 in chips) 
Seat 2: pokeripuikko ($34.61 in chips) 
Seat 3: Mahu2021 ($8.72 in chips) 
Seat 4: ghanisha ($10.15 in chips) 
Seat 5: swalley9999 ($25.10 in chips) 
Seat 6: zogecmarogec ($4.85 in chips) 
pokeripuikko: posts small blind $0.05
Mahu2021: posts big blind $0.10
*** HOLE CARDS ***
Dealt to Mahu2021 [7s Ad]
ghanisha: raises $0.20 to $0.30
swalley9999: raises $0.60 to $0.90
zogecmarogec: folds 
GianNahTah7: folds 
pokeripuikko: folds 
Mahu2021: folds 
ghanisha: folds 
Uncalled bet ($0.60) returned to swalley9999
swalley9999 collected $0.75 from pot
swalley9999: doesn't show hand 
*** SUMMARY ***
Total pot $0.75 | Rake $0 
Seat 1: GianNahTah7 (button) folded before Flop (didn't bet)
Seat 2: pokeripuikko (small blind) folded before Flop
Seat 3: Mahu2021 (big blind) folded before Flop
Seat 4: ghanisha folded before Flop
Seat 5: swalley9999 collected ($0.75)
Seat 6: zogecmarogec folded before Flop (didn't bet)



PokerStars Zoom Hand #255557382634:  Hold'em No Limit ($0.05/$0.10) - 2025/04/02 12:36:45 CET [2025/04/02 6:36:45 ET]
Table 'Aludra' 6-max Seat #1 is the button
Seat 1: camoulife ($13.53 in chips) 
Seat 2: vivipige ($10 in chips) 
Seat 3: Mirakuri ($20.39 in chips) 
Seat 4: PovilasX ($13 in chips) 
Seat 5: mayas009 ($26.44 in chips) 
Seat 6: Mahu2021 ($8.57 in chips) 
vivipige: posts small blind $0.05
Mirakuri: posts big blind $0.10
*** HOLE CARDS ***
Dealt to Mahu2021 [2d 6s]
PovilasX: folds 
mayas009: folds 
Mahu2021: folds 
camoulife: raises $0.14 to $0.24
vivipige: folds 
Mirakuri: folds 
Uncalled bet ($0.14) returned to camoulife
camoulife collected $0.25 from pot
camoulife: doesn't show hand 
*** SUMMARY ***
Total pot $0.25 | Rake $0 
Seat 1: camoulife (button) collected ($0.25)
Seat 2: vivipige (small blind) folded before Flop
Seat 3: Mirakuri (big blind) folded before Flop
Seat 4: PovilasX folded before Flop (didn't bet)
Seat 5: mayas009 folded before Flop (didn't bet)
Seat 6: Mahu2021 folded before Flop (didn't bet)



PokerStars Zoom Hand #255557382196:  Hold'em No Limit ($0.05/$0.10) - 2025/04/02 12:36:41 CET [2025/04/02 6:36:41 ET]
Table 'Aludra' 6-max Seat #1 is the button
Seat 1: zogecmarogec ($4.85 in chips) 
Seat 2: Mahu2021 ($8.62 in chips) 
Seat 3: chessismorefun ($12.37 in chips) 
Seat 4: calpex777 ($14.70 in chips) 
Seat 5: hummbold ($13.59 in chips) 
Seat 6: denis4250 ($4.98 in chips) 
Mahu2021: posts small blind $0.05
chessismorefun: posts big blind $0.10
*** HOLE CARDS ***
Dealt to Mahu2021 [Td Jc]
calpex777: raises $0.20 to $0.30
hummbold: folds 
denis4250: folds 
zogecmarogec: folds 
Mahu2021: folds 
chessismorefun: folds 
Uncalled bet ($0.20) returned to calpex777
calpex777 collected $0.25 from pot
calpex777: doesn't show hand 
*** SUMMARY ***
Total pot $0.25 | Rake $0 
Seat 1: zogecmarogec (button) folded before Flop (didn't bet)
Seat 2: Mahu2021 (small blind) folded before Flop
Seat 3: chessismorefun (big blind) folded before Flop
Seat 4: calpex777 collected ($0.25)
Seat 5: hummbold folded before Flop (didn't bet)
Seat 6: denis4250 folded before Flop (didn't bet)



PokerStars Zoom Hand #255557383164:  Hold'em No Limit ($0.05/$0.10) - 2025/04/02 12:36:50 CET [2025/04/02 6:36:50 ET]
Table 'Aludra' 6-max Seat #1 is the button
Seat 1: milesperhourrrr ($10 in chips) 
Seat 2: bvch95 ($22.63 in chips) 
Seat 3: acebob999 ($8.60 in chips) 
Seat 4: luvingkind ($13.10 in chips) 
Seat 5: Mahu2021 ($8.57 in chips) 
Seat 6: sicaruso ($14.20 in chips) 
bvch95: posts small blind $0.05
acebob999: posts big blind $0.10
*** HOLE CARDS ***
Dealt to Mahu2021 [4c 3s]
luvingkind: folds 
Mahu2021: folds 
sicaruso: folds 
milesperhourrrr: folds 
bvch95: folds 
Uncalled bet ($0.05) returned to acebob999
acebob999 collected $0.10 from pot
acebob999: doesn't show hand 
*** SUMMARY ***
Total pot $0.10 | Rake $0 
Seat 1: milesperhourrrr (button) folded before Flop (didn't bet)
Seat 2: bvch95 (small blind) folded before Flop
Seat 3: acebob999 (big blind) collected ($0.10)
Seat 4: luvingkind folded before Flop (didn't bet)
Seat 5: Mahu2021 folded before Flop (didn't bet)
Seat 6: sicaruso folded before Flop (didn't bet)



PokerStars Zoom Hand #255557383478:  Hold'em No Limit ($0.05/$0.10) - 2025/04/02 12:36:53 CET [2025/04/02 6:36:53 ET]
Table 'Aludra' 6-max Seat #1 is the button
Seat 1: Clicker89 ($10.63 in chips) 
Seat 2: inkm0n ($10 in chips) 
Seat 3: Mirakuri ($13.67 in chips) 
Seat 4: Mahu2021 ($8.57 in chips) 
Seat 5: bvch95 ($22.58 in chips) 
Seat 6: mayas009 ($26.44 in chips) 
inkm0n: posts small blind $0.05
Mirakuri: posts big blind $0.10
*** HOLE CARDS ***
Dealt to Mahu2021 [6d Th]
Mahu2021: folds 
bvch95: folds 
mayas009: folds 
Clicker89: folds 
inkm0n: raises $0.20 to $0.30
Mirakuri: folds 
Uncalled bet ($0.20) returned to inkm0n
inkm0n collected $0.20 from pot
inkm0n: doesn't show hand 
*** SUMMARY ***
Total pot $0.20 | Rake $0 
Seat 1: Clicker89 (button) folded before Flop (didn't bet)
Seat 2: inkm0n (small blind) collected ($0.20)
Seat 3: Mirakuri (big blind) folded before Flop
Seat 4: Mahu2021 folded before Flop (didn't bet)
Seat 5: bvch95 folded before Flop (didn't bet)
Seat 6: mayas009 folded before Flop (didn't bet)



PokerStars Zoom Hand #255557378587:  Hold'em No Limit ($0.05/$0.10) - 2025/04/02 12:36:07 CET [2025/04/02 6:36:07 ET]
Table 'Aludra' 6-max Seat #1 is the button
Seat 1: Reddington567 ($16.13 in chips) 
Seat 2: Mahu2021 ($8.87 in chips) 
Seat 3: calpex777 ($13.25 in chips) 
Seat 4: GianNahTah7 ($9.85 in chips) 
Seat 5: Clicker89 ($11.18 in chips) 
Seat 6: Vadim91_blr ($10.55 in chips) 
Mahu2021: posts small blind $0.05
calpex777: posts big blind $0.10
*** HOLE CARDS ***
Dealt to Mahu2021 [5s 6c]
GianNahTah7: folds 
Clicker89: folds 
Vadim91_blr: raises $0.10 to $0.20
Reddington567: folds 
Mahu2021: folds 
calpex777: calls $0.10
*** FLOP *** [2h Jd 8h]
calpex777: checks 
Vadim91_blr: checks 
*** TURN *** [2h Jd 8h] [Qd]
calpex777: checks 
Vadim91_blr: bets $0.34
calpex777: calls $0.34
*** RIVER *** [2h Jd 8h Qd] [8c]
calpex777: checks 
Vadim91_blr: bets $0.86
calpex777: folds 
Uncalled bet ($0.86) returned to Vadim91_blr
Vadim91_blr collected $1.08 from pot
Vadim91_blr: doesn't show hand 
*** SUMMARY ***
Total pot $1.13 | Rake $0.05 
Board [2h Jd 8h Qd 8c]
Seat 1: Reddington567 (button) folded before Flop (didn't bet)
Seat 2: Mahu2021 (small blind) folded before Flop
Seat 3: calpex777 (big blind) folded on the River
Seat 4: GianNahTah7 folded before Flop (didn't bet)
Seat 5: Clicker89 folded before Flop (didn't bet)
Seat 6: Vadim91_blr collected ($1.08)



PokerStars Zoom Hand #255557383803:  Hold'em No Limit ($0.05/$0.10) - 2025/04/02 12:36:56 CET [2025/04/02 6:36:56 ET]
Table 'Aludra' 6-max Seat #1 is the button
Seat 1: Mahu2021 ($8.57 in chips) 
Seat 2: krienas333 ($6.70 in chips) 
Seat 3: Clicker89 ($9.90 in chips) 
Seat 4: kSam44 ($15.87 in chips) 
Seat 5: bvch95 ($22.58 in chips) 
Seat 6: Vadim91_blr ($12.93 in chips) 
krienas333: posts small blind $0.05
Clicker89: posts big blind $0.10
*** HOLE CARDS ***
Dealt to Mahu2021 [8d 3s]
kSam44: folds 
bvch95: folds 
Vadim91_blr: raises $0.10 to $0.20
Mahu2021: folds 
krienas333: raises $0.50 to $0.70
Clicker89: folds 
Vadim91_blr: calls $0.50
*** FLOP *** [6c Qh 5c]
krienas333: bets $1.43
Vadim91_blr: folds 
Uncalled bet ($1.43) returned to krienas333
krienas333 collected $1.43 from pot
krienas333: doesn't show hand 
*** SUMMARY ***
Total pot $1.50 | Rake $0.07 
Board [6c Qh 5c]
Seat 1: Mahu2021 (button) folded before Flop (didn't bet)
Seat 2: krienas333 (small blind) collected ($1.43)
Seat 3: Clicker89 (big blind) folded before Flop
Seat 4: kSam44 folded before Flop (didn't bet)
Seat 5: bvch95 folded before Flop (didn't bet)
Seat 6: Vadim91_blr folded on the Flop



PokerStars Zoom Hand #255557385098:  Hold'em No Limit ($0.05/$0.10) - 2025/04/02 12:37:08 CET [2025/04/02 6:37:08 ET]
Table 'Aludra' 6-max Seat #1 is the button
Seat 1: 4cidwave ($3.42 in chips) 
Seat 2: StelioKontos18 ($12.20 in chips) 
Seat 3: Mahu2021 ($8.57 in chips) 
Seat 4: Femto²/pk ($10.70 in chips) 
Seat 5: killerita67 ($11.09 in chips) 
Seat 6: acebob999 ($8.65 in chips) 
StelioKontos18: posts small blind $0.05
Mahu2021: posts big blind $0.10
*** HOLE CARDS ***
Dealt to Mahu2021 [6c Td]
Femto²/pk: folds 
killerita67: folds 
acebob999: folds 
4cidwave: folds 
StelioKontos18: raises $0.20 to $0.30
Mahu2021: folds 
Uncalled bet ($0.20) returned to StelioKontos18
StelioKontos18 collected $0.20 from pot
StelioKontos18: doesn't show hand 
*** SUMMARY ***
Total pot $0.20 | Rake $0 
Seat 1: 4cidwave (button) folded before Flop (didn't bet)
Seat 2: StelioKontos18 (small blind) collected ($0.20)
Seat 3: Mahu2021 (big blind) folded before Flop
Seat 4: Femto²/pk folded before Flop (didn't bet)
Seat 5: killerita67 folded before Flop (didn't bet)
Seat 6: acebob999 folded before Flop (didn't bet)



PokerStars Zoom Hand #255557384213:  Hold'em No Limit ($0.05/$0.10) - 2025/04/02 12:37:00 CET [2025/04/02 6:37:00 ET]
Table 'Aludra' 6-max Seat #1 is the button
Seat 1: kSam44 ($15.87 in chips) 
Seat 2: hummbold ($10.65 in chips) 
Seat 3: luvingkind ($13.10 in chips) 
Seat 4: KingKolle0102 ($10.52 in chips) 
Seat 5: denis4250 ($4.88 in chips) 
Seat 6: Mahu2021 ($8.57 in chips) 
hummbold: posts small blind $0.05
luvingkind: posts big blind $0.10
*** HOLE CARDS ***
Dealt to Mahu2021 [Qs Ts]
KingKolle0102: calls $0.10
denis4250: folds 
Mahu2021: folds 
kSam44: folds 
hummbold: folds 
luvingkind: checks 
*** FLOP *** [3h Jh 5d]
luvingkind: checks 
KingKolle0102: checks 
*** TURN *** [3h Jh 5d] [2h]
luvingkind: checks 
KingKolle0102: checks 
*** RIVER *** [3h Jh 5d 2h] [4c]
luvingkind: checks 
KingKolle0102: bets $0.60
luvingkind: folds 
Uncalled bet ($0.60) returned to KingKolle0102
KingKolle0102 collected $0.24 from pot
KingKolle0102: doesn't show hand 
*** SUMMARY ***
Total pot $0.25 | Rake $0.01 
Board [3h Jh 5d 2h 4c]
Seat 1: kSam44 (button) folded before Flop (didn't bet)
Seat 2: hummbold (small blind) folded before Flop
Seat 3: luvingkind (big blind) folded on the River
Seat 4: KingKolle0102 collected ($0.24)
Seat 5: denis4250 folded before Flop (didn't bet)
Seat 6: Mahu2021 folded before Flop (didn't bet)



PokerStars Zoom Hand #255557388148:  Hold'em No Limit ($0.05/$0.10) - 2025/04/02 12:37:35 CET [2025/04/02 6:37:35 ET]
Table 'Aludra' 6-max Seat #1 is the button
Seat 1: krienas333 ($7.33 in chips) 
Seat 2: titan148 ($10 in chips) 
Seat 3: EdgaP ($17.04 in chips) 
Seat 4: Mahu2021 ($8.42 in chips) 
Seat 5: Bobbymcgee99 ($18.96 in chips) 
Seat 6: kSam44 ($15.72 in chips) 
titan148: posts small blind $0.05
EdgaP: posts big blind $0.10
*** HOLE CARDS ***
Dealt to Mahu2021 [3h 9d]
Mahu2021: folds 
Bobbymcgee99: folds 
kSam44: folds 
krienas333: folds 
titan148: folds 
Uncalled bet ($0.05) returned to EdgaP
EdgaP collected $0.10 from pot
EdgaP: doesn't show hand 
*** SUMMARY ***
Total pot $0.10 | Rake $0 
Seat 1: krienas333 (button) folded before Flop (didn't bet)
Seat 2: titan148 (small blind) folded before Flop
Seat 3: EdgaP (big blind) collected ($0.10)
Seat 4: Mahu2021 folded before Flop (didn't bet)
Seat 5: Bobbymcgee99 folded before Flop (didn't bet)
Seat 6: kSam44 folded before Flop (didn't bet)



PokerStars Zoom Hand #255557387193:  Hold'em No Limit ($0.05/$0.10) - 2025/04/02 12:37:27 CET [2025/04/02 6:37:27 ET]
Table 'Aludra' 6-max Seat #1 is the button
Seat 1: claudio130905 ($21.06 in chips) 
Seat 2: Mahu2021 ($8.47 in chips) 
Seat 3: Amrutha378 ($10.75 in chips) 
Seat 4: Reddington567 ($12.59 in chips) 
Seat 5: Vadim91_blr ($12.23 in chips) 
Seat 6: Bobbymcgee99 ($18.96 in chips) 
Mahu2021: posts small blind $0.05
Amrutha378: posts big blind $0.10
*** HOLE CARDS ***
Dealt to Mahu2021 [9c Qd]
Reddington567: folds 
Vadim91_blr: raises $0.10 to $0.20
Bobbymcgee99: folds 
claudio130905: folds 
Mahu2021: folds 
Amrutha378: folds 
Uncalled bet ($0.10) returned to Vadim91_blr
Vadim91_blr collected $0.25 from pot
Vadim91_blr: doesn't show hand 
*** SUMMARY ***
Total pot $0.25 | Rake $0 
Seat 1: claudio130905 (button) folded before Flop (didn't bet)
Seat 2: Mahu2021 (small blind) folded before Flop
Seat 3: Amrutha378 (big blind) folded before Flop
Seat 4: Reddington567 folded before Flop (didn't bet)
Seat 5: Vadim91_blr collected ($0.25)
Seat 6: Bobbymcgee99 folded before Flop (didn't bet)



PokerStars Zoom Hand #255557388545:  Hold'em No Limit ($0.05/$0.10) - 2025/04/02 12:37:39 CET [2025/04/02 6:37:39 ET]
Table 'Aludra' 6-max Seat #1 is the button
Seat 1: hummbold ($10 in chips) 
Seat 2: seiji140 ($10.05 in chips) 
Seat 3: Reddington567 ($12.54 in chips) 
Seat 4: inkm0n ($10 in chips) 
Seat 5: Mahu2021 ($8.42 in chips) 
Seat 6: vivipige ($8.23 in chips) 
seiji140: posts small blind $0.05
Reddington567: posts big blind $0.10
*** HOLE CARDS ***
Dealt to Mahu2021 [Jh Tc]
inkm0n: raises $0.10 to $0.20
Mahu2021: folds 
vivipige: raises $0.55 to $0.75
hummbold: folds 
seiji140: folds 
Reddington567: folds 
inkm0n: folds 
Uncalled bet ($0.55) returned to vivipige
vivipige collected $0.55 from pot
vivipige: doesn't show hand 
*** SUMMARY ***
Total pot $0.55 | Rake $0 
Seat 1: hummbold (button) folded before Flop (didn't bet)
Seat 2: seiji140 (small blind) folded before Flop
Seat 3: Reddington567 (big blind) folded before Flop
Seat 4: inkm0n folded before Flop
Seat 5: Mahu2021 folded before Flop (didn't bet)
Seat 6: vivipige collected ($0.55)



PokerStars Zoom Hand #255557389143:  Hold'em No Limit ($0.05/$0.10) - 2025/04/02 12:37:44 CET [2025/04/02 6:37:44 ET]
Table 'Aludra' 6-max Seat #1 is the button
Seat 1: zogecmarogec ($4.70 in chips) 
Seat 2: camoulife ($13.48 in chips) 
Seat 3: Mahu2021 ($8.37 in chips) 
Seat 4: Andrei232Zah ($9.07 in chips) 
Seat 5: GymStefani ($13.55 in chips) 
Seat 6: Shturaff ($7.28 in chips) 
camoulife: posts small blind $0.05
Mahu2021: posts big blind $0.10
*** HOLE CARDS ***
Dealt to Mahu2021 [Kd Kc]
Andrei232Zah: folds 
GymStefani: raises $0.15 to $0.25
Shturaff: folds 
zogecmarogec: folds 
camoulife: folds 
Mahu2021: raises $8.12 to $8.37 and is all-in
GymStefani: folds 
Uncalled bet ($8.12) returned to Mahu2021
Mahu2021 collected $0.55 from pot
Mahu2021: doesn't show hand 
*** SUMMARY ***
Total pot $0.55 | Rake $0 
Seat 1: zogecmarogec (button) folded before Flop (didn't bet)
Seat 2: camoulife (small blind) folded before Flop
Seat 3: Mahu2021 (big blind) collected ($0.55)
Seat 4: Andrei232Zah folded before Flop (didn't bet)
Seat 5: GymStefani folded before Flop
Seat 6: Shturaff folded before Flop (didn't bet)



PokerStars Zoom Hand #255557391501:  Hold'em No Limit ($0.05/$0.10) - 2025/04/02 12:38:06 CET [2025/04/02 6:38:06 ET]
Table 'Aludra' 6-max Seat #1 is the button
Seat 1: downsynjerome ($13.37 in chips) 
Seat 2: Mahu2021 ($8.67 in chips) 
Seat 3: calpex777 ($12.36 in chips) 
Seat 4: swalley9999 ($25.06 in chips) 
Seat 5: titan148 ($10 in chips) 
Seat 6: inkm0n ($10 in chips) 
Mahu2021: posts small blind $0.05
calpex777: posts big blind $0.10
*** HOLE CARDS ***
Dealt to Mahu2021 [Qd Js]
swalley9999: folds 
titan148: folds 
inkm0n: folds 
downsynjerome: raises $0.35 to $0.45
Mahu2021: folds 
calpex777: folds 
Uncalled bet ($0.35) returned to downsynjerome
downsynjerome collected $0.25 from pot
downsynjerome: doesn't show hand 
*** SUMMARY ***
Total pot $0.25 | Rake $0 
Seat 1: downsynjerome (button) collected ($0.25)
Seat 2: Mahu2021 (small blind) folded before Flop
Seat 3: calpex777 (big blind) folded before Flop
Seat 4: swalley9999 folded before Flop (didn't bet)
Seat 5: titan148 folded before Flop (didn't bet)
Seat 6: inkm0n folded before Flop (didn't bet)



PokerStars Zoom Hand #255557388826:  Hold'em No Limit ($0.05/$0.10) - 2025/04/02 12:37:42 CET [2025/04/02 6:37:42 ET]
Table 'Aludra' 6-max Seat #1 is the button
Seat 1: Mirakuri ($29.63 in chips) 
Seat 2: Mahu2021 ($8.42 in chips) 
Seat 3: pokeripuikko ($12.35 in chips) 
Seat 4: JusticeHunter ($15.21 in chips) 
Seat 5: Andrei232Zah ($9.07 in chips) 
Seat 6: ghanisha ($10.10 in chips) 
Mahu2021: posts small blind $0.05
pokeripuikko: posts big blind $0.10
*** HOLE CARDS ***
Dealt to Mahu2021 [6c 2d]
JusticeHunter: raises $0.14 to $0.24
Andrei232Zah: folds 
ghanisha: calls $0.24
Mirakuri: folds 
Mahu2021: folds 
pokeripuikko: raises $1.26 to $1.50
JusticeHunter: raises $1.60 to $3.10
ghanisha: folds 
pokeripuikko: calls $1.60
*** FLOP *** [Kc 5h Js]
pokeripuikko: checks 
JusticeHunter: bets $2.90
pokeripuikko: folds 
Uncalled bet ($2.90) returned to JusticeHunter
JusticeHunter collected $6.13 from pot
JusticeHunter: doesn't show hand 
*** SUMMARY ***
Total pot $6.49 | Rake $0.36 
Board [Kc 5h Js]
Seat 1: Mirakuri (button) folded before Flop (didn't bet)
Seat 2: Mahu2021 (small blind) folded before Flop
Seat 3: pokeripuikko (big blind) folded on the Flop
Seat 4: JusticeHunter collected ($6.13)
Seat 5: Andrei232Zah folded before Flop (didn't bet)
Seat 6: ghanisha folded before Flop



PokerStars Zoom Hand #255557393126:  Hold'em No Limit ($0.05/$0.10) - 2025/04/02 12:38:21 CET [2025/04/02 6:38:21 ET]
Table 'Aludra' 6-max Seat #1 is the button
Seat 1: titan148 ($10.15 in chips) 
Seat 2: calpex777 ($12.26 in chips) 
Seat 3: vivipige ($10 in chips) 
Seat 4: Mirakuri ($29.48 in chips) 
Seat 5: EdgaP ($17.92 in chips) 
Seat 6: Mahu2021 ($8.62 in chips) 
calpex777: posts small blind $0.05
vivipige: posts big blind $0.10
*** HOLE CARDS ***
Dealt to Mahu2021 [2s Td]
Mirakuri: folds 
EdgaP: folds 
Mahu2021: folds 
titan148: raises $0.15 to $0.25
calpex777: calls $0.20
vivipige: folds 
*** FLOP *** [7s 3c 9c]
calpex777: checks 
titan148: bets $0.43
calpex777: folds 
Uncalled bet ($0.43) returned to titan148
titan148 collected $0.57 from pot
titan148: doesn't show hand 
*** SUMMARY ***
Total pot $0.60 | Rake $0.03 
Board [7s 3c 9c]
Seat 1: titan148 (button) collected ($0.57)
Seat 2: calpex777 (small blind) folded on the Flop
Seat 3: vivipige (big blind) folded before Flop
Seat 4: Mirakuri folded before Flop (didn't bet)
Seat 5: EdgaP folded before Flop (didn't bet)
Seat 6: Mahu2021 folded before Flop (didn't bet)



PokerStars Zoom Hand #255557387750:  Hold'em No Limit ($0.05/$0.10) - 2025/04/02 12:37:32 CET [2025/04/02 6:37:32 ET]
Table 'Aludra' 6-max Seat #1 is the button
Seat 1: Cigarrinh0 ($10 in chips) 
Seat 2: Reddington567 ($12.59 in chips) 
Seat 3: denis4250 ($7.26 in chips) 
Seat 4: calpex777 ($12.66 in chips) 
Seat 5: Mahu2021 ($8.42 in chips) 
Seat 6: krienas333 ($7.33 in chips) 
Reddington567: posts small blind $0.05
denis4250: posts big blind $0.10
*** HOLE CARDS ***
Dealt to Mahu2021 [As 9d]
calpex777 has timed out
calpex777: folds 
Mahu2021: folds 
krienas333: folds 
Cigarrinh0: raises $0.15 to $0.25
Reddington567: folds 
denis4250: calls $0.15
*** FLOP *** [8d Ts 5c]
denis4250: checks 
Cigarrinh0: bets $0.17
denis4250: calls $0.17
*** TURN *** [8d Ts 5c] [9s]
denis4250: checks 
Cigarrinh0: bets $0.56
denis4250: calls $0.56
*** RIVER *** [8d Ts 5c 9s] [2s]
denis4250: checks 
Cigarrinh0: bets $1.92
denis4250: calls $1.92
*** SHOW DOWN ***
Cigarrinh0: shows [Qc Jh] (a straight, Eight to Queen)
denis4250: mucks hand 
Cigarrinh0 collected $5.59 from pot
*** SUMMARY ***
Total pot $5.85 | Rake $0.26 
Board [8d Ts 5c 9s 2s]
Seat 1: Cigarrinh0 (button) showed [Qc Jh] and won ($5.59) with a straight, Eight to Queen
Seat 2: Reddington567 (small blind) folded before Flop
Seat 3: denis4250 (big blind) mucked [9c Kc]
Seat 4: calpex777 folded before Flop (didn't bet)
Seat 5: Mahu2021 folded before Flop (didn't bet)
Seat 6: krienas333 folded before Flop (didn't bet)



PokerStars Zoom Hand #255557391095:  Hold'em No Limit ($0.05/$0.10) - 2025/04/02 12:38:02 CET [2025/04/02 6:38:02 ET]
Table 'Aludra' 6-max Seat #1 is the button
Seat 1: Mahu2021 ($8.67 in chips) 
Seat 2: Bobbymcgee99 ($18.71 in chips) 
Seat 3: zogecmarogec ($4.70 in chips) 
Seat 4: chessismorefun ($15.81 in chips) 
Seat 5: inkm0n ($10.25 in chips) 
Seat 6: Vadim91_blr ($10.94 in chips) 
Bobbymcgee99: posts small blind $0.05
zogecmarogec: posts big blind $0.10
*** HOLE CARDS ***
Dealt to Mahu2021 [8c 6s]
chessismorefun: raises $0.10 to $0.20
inkm0n: folds 
Vadim91_blr: raises $0.55 to $0.75
Mahu2021: folds 
Bobbymcgee99: folds 
zogecmarogec: raises $3.95 to $4.70 and is all-in
chessismorefun: folds 
Vadim91_blr: calls $3.95
*** FLOP *** [6h 5s 9h]
*** TURN *** [6h 5s 9h] [7h]
*** RIVER *** [6h 5s 9h 7h] [5h]
*** SHOW DOWN ***
zogecmarogec: shows [9d 9c] (a full house, Nines full of Fives)
Vadim91_blr: shows [Th Ts] (a flush, Ten high)
zogecmarogec collected $9.22 from pot
*** SUMMARY ***
Total pot $9.65 | Rake $0.43 
Board [6h 5s 9h 7h 5h]
Seat 1: Mahu2021 (button) folded before Flop (didn't bet)
Seat 2: Bobbymcgee99 (small blind) folded before Flop
Seat 3: zogecmarogec (big blind) showed [9d 9c] and won ($9.22) with a full house, Nines full of Fives
Seat 4: chessismorefun folded before Flop
Seat 5: inkm0n folded before Flop (didn't bet)
Seat 6: Vadim91_blr showed [Th Ts] and lost with a flush, Ten high



PokerStars Zoom Hand #255557393699:  Hold'em No Limit ($0.05/$0.10) - 2025/04/02 12:38:26 CET [2025/04/02 6:38:26 ET]
Table 'Aludra' 6-max Seat #1 is the button
Seat 1: Mahu2021 ($8.62 in chips) 
Seat 2: igracha2580 ($11.78 in chips) 
Seat 3: inkm0n ($10 in chips) 
Seat 4: hummbold ($10.23 in chips) 
Seat 5: denis4250 ($5.08 in chips) 
Seat 6: titan148 ($10.15 in chips) 
igracha2580: posts small blind $0.05
inkm0n: posts big blind $0.10
*** HOLE CARDS ***
Dealt to Mahu2021 [8s 8d]
hummbold: folds 
denis4250: folds 
titan148: folds 
Mahu2021: raises $0.20 to $0.30
igracha2580: folds 
inkm0n: calls $0.20
*** FLOP *** [5d 9s 2h]
inkm0n: checks 
Mahu2021: bets $0.30
inkm0n: calls $0.30
*** TURN *** [5d 9s 2h] [Td]
inkm0n: checks 
Mahu2021: bets $0.30
inkm0n: folds 
Uncalled bet ($0.30) returned to Mahu2021
Mahu2021 collected $1.19 from pot
Mahu2021: doesn't show hand 
*** SUMMARY ***
Total pot $1.25 | Rake $0.06 
Board [5d 9s 2h Td]
Seat 1: Mahu2021 (button) collected ($1.19)
Seat 2: igracha2580 (small blind) folded before Flop
Seat 3: inkm0n (big blind) folded on the Turn
Seat 4: hummbold folded before Flop (didn't bet)
Seat 5: denis4250 folded before Flop (didn't bet)
Seat 6: titan148 folded before Flop (didn't bet)



PokerStars Zoom Hand #255557399827:  Hold'em No Limit ($0.05/$0.10) - 2025/04/02 12:39:21 CET [2025/04/02 6:39:21 ET]
Table 'Aludra' 6-max Seat #1 is the button
Seat 1: Malvaro99 ($16.27 in chips) 
Seat 2: 4cidwave ($6.15 in chips) 
Seat 3: Mahu2021 ($9.21 in chips) 
Seat 4: kSam44 ($15.10 in chips) 
Seat 5: Clicker89 ($10.25 in chips) 
Seat 6: 15lawrencea ($32.47 in chips) 
4cidwave: posts small blind $0.05
Mahu2021: posts big blind $0.10
*** HOLE CARDS ***
Dealt to Mahu2021 [2d 3s]
kSam44: folds 
Clicker89: folds 
15lawrencea: folds 
Malvaro99: folds 
4cidwave: folds 
Uncalled bet ($0.05) returned to Mahu2021
Mahu2021 collected $0.10 from pot
Mahu2021: doesn't show hand 
*** SUMMARY ***
Total pot $0.10 | Rake $0 
Seat 1: Malvaro99 (button) folded before Flop (didn't bet)
Seat 2: 4cidwave (small blind) folded before Flop
Seat 3: Mahu2021 (big blind) collected ($0.10)
Seat 4: kSam44 folded before Flop (didn't bet)
Seat 5: Clicker89 folded before Flop (didn't bet)
Seat 6: 15lawrencea folded before Flop (didn't bet)



PokerStars Zoom Hand #255557400609:  Hold'em No Limit ($0.05/$0.10) - 2025/04/02 12:39:28 CET [2025/04/02 6:39:28 ET]
Table 'Aludra' 6-max Seat #1 is the button
Seat 1: kSam44 ($15.10 in chips) 
Seat 2: Shinaco ($10.28 in chips) 
Seat 3: igracha2580 ($11.73 in chips) 
Seat 4: 15lawrencea ($32.47 in chips) 
Seat 5: Designerbaby ($15.99 in chips) 
Seat 6: Mahu2021 ($9.26 in chips) 
Shinaco: posts small blind $0.05
igracha2580: posts big blind $0.10
*** HOLE CARDS ***
Dealt to Mahu2021 [5d 9h]
15lawrencea: folds 
Designerbaby: calls $0.10
Mahu2021: folds 
kSam44: folds 
Shinaco: folds 
igracha2580: checks 
*** FLOP *** [Td 7h 8s]
igracha2580: bets $0.20
Designerbaby: folds 
Uncalled bet ($0.20) returned to igracha2580
igracha2580 collected $0.24 from pot
igracha2580: doesn't show hand 
*** SUMMARY ***
Total pot $0.25 | Rake $0.01 
Board [Td 7h 8s]
Seat 1: kSam44 (button) folded before Flop (didn't bet)
Seat 2: Shinaco (small blind) folded before Flop
Seat 3: igracha2580 (big blind) collected ($0.24)
Seat 4: 15lawrencea folded before Flop (didn't bet)
Seat 5: Designerbaby folded on the Flop
Seat 6: Mahu2021 folded before Flop (didn't bet)



PokerStars Zoom Hand #255557402246:  Hold'em No Limit ($0.05/$0.10) - 2025/04/02 12:39:43 CET [2025/04/02 6:39:43 ET]
Table 'Aludra' 6-max Seat #1 is the button
Seat 1: matheusss7 ($10.64 in chips) 
Seat 2: titan148 ($10.28 in chips) 
Seat 3: luvingkind ($10 in chips) 
Seat 4: PovilasX ($15.21 in chips) 
Seat 5: Mahu2021 ($9.26 in chips) 
Seat 6: claudio130905 ($31.53 in chips) 
titan148: posts small blind $0.05
luvingkind: posts big blind $0.10
*** HOLE CARDS ***
Dealt to Mahu2021 [2d 4c]
PovilasX: folds 
Mahu2021: folds 
claudio130905: folds 
matheusss7: folds 
titan148: folds 
Uncalled bet ($0.05) returned to luvingkind
luvingkind collected $0.10 from pot
luvingkind: doesn't show hand 
*** SUMMARY ***
Total pot $0.10 | Rake $0 
Seat 1: matheusss7 (button) folded before Flop (didn't bet)
Seat 2: titan148 (small blind) folded before Flop
Seat 3: luvingkind (big blind) collected ($0.10)
Seat 4: PovilasX folded before Flop (didn't bet)
Seat 5: Mahu2021 folded before Flop (didn't bet)
Seat 6: claudio130905 folded before Flop (didn't bet)



PokerStars Zoom Hand #255557399372:  Hold'em No Limit ($0.05/$0.10) - 2025/04/02 12:39:17 CET [2025/04/02 6:39:17 ET]
Table 'Aludra' 6-max Seat #1 is the button
Seat 1: seiji140 ($10.28 in chips) 
Seat 2: 15lawrencea ($32.52 in chips) 
Seat 3: matheusss7 ($9.37 in chips) 
Seat 4: Mahu2021 ($9.21 in chips) 
Seat 5: inkm0n ($10.10 in chips) 
Seat 6: hummbold ($13.69 in chips) 
15lawrencea: posts small blind $0.05
matheusss7: posts big blind $0.10
*** HOLE CARDS ***
Dealt to Mahu2021 [Ts 5h]
Mahu2021: folds 
inkm0n: folds 
hummbold: folds 
seiji140: raises $0.15 to $0.25
15lawrencea: folds 
matheusss7: calls $0.15
*** FLOP *** [4c Ks 3h]
matheusss7: checks 
seiji140: checks 
*** TURN *** [4c Ks 3h] [5c]
matheusss7: bets $0.53
seiji140: folds 
Uncalled bet ($0.53) returned to matheusss7
matheusss7 collected $0.53 from pot
matheusss7: doesn't show hand 
*** SUMMARY ***
Total pot $0.55 | Rake $0.02 
Board [4c Ks 3h 5c]
Seat 1: seiji140 (button) folded on the Turn
Seat 2: 15lawrencea (small blind) folded before Flop
Seat 3: matheusss7 (big blind) collected ($0.53)
Seat 4: Mahu2021 folded before Flop (didn't bet)
Seat 5: inkm0n folded before Flop (didn't bet)
Seat 6: hummbold folded before Flop (didn't bet)



PokerStars Zoom Hand #255557402706:  Hold'em No Limit ($0.05/$0.10) - 2025/04/02 12:39:47 CET [2025/04/02 6:39:47 ET]
Table 'Aludra' 6-max Seat #1 is the button
Seat 1: inkm0n ($10.35 in chips) 
Seat 2: 15lawrencea ($32.37 in chips) 
Seat 3: hummbold ($10 in chips) 
Seat 4: Mahu2021 ($9.26 in chips) 
Seat 5: PovilasX ($11.85 in chips) 
Seat 6: titan148 ($10 in chips) 
15lawrencea: posts small blind $0.05
hummbold: posts big blind $0.10
*** HOLE CARDS ***
Dealt to Mahu2021 [9d Ks]
Mahu2021: folds 
PovilasX: raises $0.15 to $0.25
titan148: raises $0.45 to $0.70
inkm0n: folds 
15lawrencea: folds 
hummbold: folds 
PovilasX: folds 
Uncalled bet ($0.45) returned to titan148
titan148 collected $0.65 from pot
titan148: doesn't show hand 
*** SUMMARY ***
Total pot $0.65 | Rake $0 
Seat 1: inkm0n (button) folded before Flop (didn't bet)
Seat 2: 15lawrencea (small blind) folded before Flop
Seat 3: hummbold (big blind) folded before Flop
Seat 4: Mahu2021 folded before Flop (didn't bet)
Seat 5: PovilasX folded before Flop
Seat 6: titan148 collected ($0.65)



PokerStars Zoom Hand #255557403051:  Hold'em No Limit ($0.05/$0.10) - 2025/04/02 12:39:50 CET [2025/04/02 6:39:50 ET]
Table 'Aludra' 6-max Seat #1 is the button
Seat 1: thechad7 ($10.15 in chips) 
Seat 2: Mahu2021 ($9.26 in chips) 
Seat 3: bvch95 ($23.15 in chips) 
Seat 4: EdgaP ($17.77 in chips) 
Seat 5: Shinaco ($10.23 in chips) 
Seat 6: 15lawrencea ($32.32 in chips) 
Mahu2021: posts small blind $0.05
bvch95: posts big blind $0.10
*** HOLE CARDS ***
Dealt to Mahu2021 [8s 9s]
EdgaP: folds 
Shinaco: folds 
15lawrencea: raises $0.13 to $0.23
thechad7: folds 
Mahu2021: calls $0.18
bvch95: folds 
*** FLOP *** [Qs 8h Th]
Mahu2021: checks 
15lawrencea: bets $0.28
Mahu2021: calls $0.28
*** TURN *** [Qs 8h Th] [3s]
Mahu2021: checks 
15lawrencea: bets $1.60
Mahu2021: folds 
Uncalled bet ($1.60) returned to 15lawrencea
15lawrencea collected $1.07 from pot
15lawrencea: doesn't show hand 
*** SUMMARY ***
Total pot $1.12 | Rake $0.05 
Board [Qs 8h Th 3s]
Seat 1: thechad7 (button) folded before Flop (didn't bet)
Seat 2: Mahu2021 (small blind) folded on the Turn
Seat 3: bvch95 (big blind) folded before Flop
Seat 4: EdgaP folded before Flop (didn't bet)
Seat 5: Shinaco folded before Flop (didn't bet)
Seat 6: 15lawrencea collected ($1.07)



PokerStars Zoom Hand #255557406865:  Hold'em No Limit ($0.05/$0.10) - 2025/04/02 12:40:25 CET [2025/04/02 6:40:25 ET]
Table 'Aludra' 6-max Seat #1 is the button
Seat 1: Bobbymcgee99 ($14.85 in chips) 
Seat 2: denis4250 ($5.40 in chips) 
Seat 3: Mahu2021 ($8.75 in chips) 
Seat 4: camoulife ($14.36 in chips) 
Seat 5: Amrutha378 ($9.24 in chips) 
Seat 6: inkm0n ($10 in chips) 
denis4250: posts small blind $0.05
Mahu2021: posts big blind $0.10
*** HOLE CARDS ***
Dealt to Mahu2021 [3d Jc]
camoulife: folds 
Amrutha378: folds 
inkm0n: folds 
Bobbymcgee99: folds 
denis4250: folds 
Uncalled bet ($0.05) returned to Mahu2021
Mahu2021 collected $0.10 from pot
Mahu2021: doesn't show hand 
*** SUMMARY ***
Total pot $0.10 | Rake $0 
Seat 1: Bobbymcgee99 (button) folded before Flop (didn't bet)
Seat 2: denis4250 (small blind) folded before Flop
Seat 3: Mahu2021 (big blind) collected ($0.10)
Seat 4: camoulife folded before Flop (didn't bet)
Seat 5: Amrutha378 folded before Flop (didn't bet)
Seat 6: inkm0n folded before Flop (didn't bet)



PokerStars Zoom Hand #255557407738:  Hold'em No Limit ($0.05/$0.10) - 2025/04/02 12:40:33 CET [2025/04/02 6:40:33 ET]
Table 'Aludra' 6-max Seat #1 is the button
Seat 1: Mahu2021 ($8.80 in chips) 
Seat 2: Designerbaby ($15.34 in chips) 
Seat 3: PovilasX ($11.35 in chips) 
Seat 4: inkm0n ($10 in chips) 
Seat 5: Andrei232Zah ($11.25 in chips) 
Seat 6: Bobbymcgee99 ($14.85 in chips) 
Designerbaby: posts small blind $0.05
PovilasX: posts big blind $0.10
*** HOLE CARDS ***
Dealt to Mahu2021 [Tc Js]
inkm0n: folds 
Andrei232Zah: folds 
Bobbymcgee99: folds 
Mahu2021: raises $0.10 to $0.20
Designerbaby: folds 
PovilasX: folds 
Uncalled bet ($0.10) returned to Mahu2021
Mahu2021 collected $0.25 from pot
Mahu2021: doesn't show hand 
*** SUMMARY ***
Total pot $0.25 | Rake $0 
Seat 1: Mahu2021 (button) collected ($0.25)
Seat 2: Designerbaby (small blind) folded before Flop
Seat 3: PovilasX (big blind) folded before Flop
Seat 4: inkm0n folded before Flop (didn't bet)
Seat 5: Andrei232Zah folded before Flop (didn't bet)
Seat 6: Bobbymcgee99 folded before Flop (didn't bet)



PokerStars Zoom Hand #255557408929:  Hold'em No Limit ($0.05/$0.10) - 2025/04/02 12:40:44 CET [2025/04/02 6:40:44 ET]
Table 'Aludra' 6-max Seat #1 is the button
Seat 1: 15lawrencea ($18.35 in chips) 
Seat 2: titan148 ($10.30 in chips) 
Seat 3: killerita67 ($14.27 in chips) 
Seat 4: calpex777 ($14.90 in chips) 
Seat 5: seiji140 ($10.30 in chips) 
Seat 6: Mahu2021 ($8.95 in chips) 
titan148: posts small blind $0.05
killerita67: posts big blind $0.10
*** HOLE CARDS ***
Dealt to Mahu2021 [7h Qc]
calpex777: folds 
seiji140: folds 
Mahu2021: folds 
15lawrencea: folds 
titan148: raises $0.20 to $0.30
killerita67: folds 
Uncalled bet ($0.20) returned to titan148
titan148 collected $0.20 from pot
titan148: doesn't show hand 
*** SUMMARY ***
Total pot $0.20 | Rake $0 
Seat 1: 15lawrencea (button) folded before Flop (didn't bet)
Seat 2: titan148 (small blind) collected ($0.20)
Seat 3: killerita67 (big blind) folded before Flop
Seat 4: calpex777 folded before Flop (didn't bet)
Seat 5: seiji140 folded before Flop (didn't bet)
Seat 6: Mahu2021 folded before Flop (didn't bet)



PokerStars Zoom Hand #255557409372:  Hold'em No Limit ($0.05/$0.10) - 2025/04/02 12:40:48 CET [2025/04/02 6:40:48 ET]
Table 'Aludra' 6-max Seat #1 is the button
Seat 1: sicaruso ($11.04 in chips) 
Seat 2: seiji140 ($10.30 in chips) 
Seat 3: Clicker89 ($9.96 in chips) 
Seat 4: 15lawrencea ($18.35 in chips) 
Seat 5: Mahu2021 ($8.95 in chips) 
Seat 6: denis4250 ($5.25 in chips) 
seiji140: posts small blind $0.05
Clicker89: posts big blind $0.10
*** HOLE CARDS ***
Dealt to Mahu2021 [6h 9c]
15lawrencea: folds 
Mahu2021: folds 
denis4250: raises $0.15 to $0.25
sicaruso: folds 
seiji140: folds 
Clicker89: folds 
Uncalled bet ($0.15) returned to denis4250
denis4250 collected $0.25 from pot
denis4250: doesn't show hand 
*** SUMMARY ***
Total pot $0.25 | Rake $0 
Seat 1: sicaruso (button) folded before Flop (didn't bet)
Seat 2: seiji140 (small blind) folded before Flop
Seat 3: Clicker89 (big blind) folded before Flop
Seat 4: 15lawrencea folded before Flop (didn't bet)
Seat 5: Mahu2021 folded before Flop (didn't bet)
Seat 6: denis4250 collected ($0.25)



PokerStars Zoom Hand #255557410596:  Hold'em No Limit ($0.05/$0.10) - 2025/04/02 12:40:59 CET [2025/04/02 6:40:59 ET]
Table 'Aludra' 6-max Seat #1 is the button
Seat 1: Shinaco ($10 in chips) 
Seat 2: Mahu2021 ($8.95 in chips) 
Seat 3: camoulife ($14.63 in chips) 
Seat 4: calpex777 ($10 in chips) 
Seat 5: sicaruso ($11.04 in chips) 
Seat 6: jameshawkjr ($11.15 in chips) 
Mahu2021: posts small blind $0.05
camoulife: posts big blind $0.10
*** HOLE CARDS ***
Dealt to Mahu2021 [9h 8d]
calpex777: folds 
sicaruso: folds 
jameshawkjr: raises $0.10 to $0.20
Shinaco: folds 
Mahu2021: folds 
camoulife: folds 
Uncalled bet ($0.10) returned to jameshawkjr
jameshawkjr collected $0.25 from pot
jameshawkjr: doesn't show hand 
*** SUMMARY ***
Total pot $0.25 | Rake $0 
Seat 1: Shinaco (button) folded before Flop (didn't bet)
Seat 2: Mahu2021 (small blind) folded before Flop
Seat 3: camoulife (big blind) folded before Flop
Seat 4: calpex777 folded before Flop (didn't bet)
Seat 5: sicaruso folded before Flop (didn't bet)
Seat 6: jameshawkjr collected ($0.25)



PokerStars Zoom Hand #255557410974:  Hold'em No Limit ($0.05/$0.10) - 2025/04/02 12:41:02 CET [2025/04/02 6:41:02 ET]
Table 'Aludra' 6-max Seat #1 is the button
Seat 1: hummbold ($10.02 in chips) 
Seat 2: cRicRilebritish ($24.02 in chips) 
Seat 3: swalley9999 ($24.41 in chips) 
Seat 4: Mahu2021 ($8.90 in chips) 
Seat 5: CJLongers ($9.60 in chips) 
Seat 6: 4cidwave ($5.75 in chips) 
cRicRilebritish: posts small blind $0.05
swalley9999: posts big blind $0.10
*** HOLE CARDS ***
Dealt to Mahu2021 [Kd Ks]
Mahu2021: raises $0.14 to $0.24
CJLongers: folds 
4cidwave: folds 
hummbold: folds 
cRicRilebritish: folds 
swalley9999: folds 
Uncalled bet ($0.14) returned to Mahu2021
Mahu2021 collected $0.25 from pot
Mahu2021: doesn't show hand 
*** SUMMARY ***
Total pot $0.25 | Rake $0 
Seat 1: hummbold (button) folded before Flop (didn't bet)
Seat 2: cRicRilebritish (small blind) folded before Flop
Seat 3: swalley9999 (big blind) folded before Flop
Seat 4: Mahu2021 collected ($0.25)
Seat 5: CJLongers folded before Flop (didn't bet)
Seat 6: 4cidwave folded before Flop (didn't bet)



PokerStars Zoom Hand #255557409949:  Hold'em No Limit ($0.05/$0.10) - 2025/04/02 12:40:53 CET [2025/04/02 6:40:53 ET]
Table 'Aludra' 6-max Seat #1 is the button
Seat 1: 15lawrencea ($33.08 in chips) 
Seat 2: PokermonHAL ($11.23 in chips) 
Seat 3: Vadim91_blr ($14.85 in chips) 
Seat 4: Femto²/pk ($10.40 in chips) 
Seat 5: Mahu2021 ($8.95 in chips) 
Seat 6: killerita67 ($11.27 in chips) 
PokermonHAL: posts small blind $0.05
Vadim91_blr: posts big blind $0.10
*** HOLE CARDS ***
Dealt to Mahu2021 [Qh 8s]
Femto²/pk: folds 
Mahu2021: folds 
killerita67: folds 
15lawrencea: folds 
PokermonHAL: raises $0.20 to $0.30
Vadim91_blr: raises $0.60 to $0.90
PokermonHAL: raises $10.33 to $11.23 and is all-in
Vadim91_blr: calls $10.33
*** FIRST FLOP *** [Qs Qd 3h]
*** FIRST TURN *** [Qs Qd 3h] [4s]
*** FIRST RIVER *** [Qs Qd 3h 4s] [6h]
*** SECOND FLOP *** [As 7h Tc]
*** SECOND TURN *** [As 7h Tc] [2d]
*** SECOND RIVER *** [As 7h Tc 2d] [Kd]
*** FIRST SHOW DOWN ***
PokermonHAL: shows [Kh Ad] (a pair of Queens)
Vadim91_blr: shows [Ac Ah] (two pair, Aces and Queens)
Vadim91_blr collected $10.73 from pot
*** SECOND SHOW DOWN ***
PokermonHAL: shows [Kh Ad] (two pair, Aces and Kings)
Vadim91_blr: shows [Ac Ah] (three of a kind, Aces)
Vadim91_blr collected $10.72 from pot
*** SUMMARY ***
Total pot $22.46 | Rake $1.01 
Hand was run twice
FIRST Board [Qs Qd 3h 4s 6h]
SECOND Board [As 7h Tc 2d Kd]
Seat 1: 15lawrencea (button) folded before Flop (didn't bet)
Seat 2: PokermonHAL (small blind) showed [Kh Ad] and lost with a pair of Queens, and lost with two pair, Aces and Kings
Seat 3: Vadim91_blr (big blind) showed [Ac Ah] and won ($10.73) with two pair, Aces and Queens, and won ($10.72) with three of a kind, Aces
Seat 4: Femto²/pk folded before Flop (didn't bet)
Seat 5: Mahu2021 folded before Flop (didn't bet)
Seat 6: killerita67 folded before Flop (didn't bet)



PokerStars Zoom Hand #255557412441:  Hold'em No Limit ($0.05/$0.10) - 2025/04/02 12:41:16 CET [2025/04/02 6:41:16 ET]
Table 'Aludra' 6-max Seat #1 is the button
Seat 1: seiji140 ($10.30 in chips) 
Seat 2: acebob999 ($9.70 in chips) 
Seat 3: Mahu2021 ($9.05 in chips) 
Seat 4: inkm0n ($11.06 in chips) 
Seat 5: calpex777 ($15.15 in chips) 
Seat 6: thechad7 ($10 in chips) 
acebob999: posts small blind $0.05
Mahu2021: posts big blind $0.10
*** HOLE CARDS ***
Dealt to Mahu2021 [Kd Ks]
inkm0n: raises $0.10 to $0.20
calpex777: folds 
thechad7: folds 
seiji140: folds 
acebob999: folds 
Mahu2021: raises $0.90 to $1.10
inkm0n: folds 
Uncalled bet ($0.90) returned to Mahu2021
Mahu2021 collected $0.45 from pot
Mahu2021: doesn't show hand 
*** SUMMARY ***
Total pot $0.45 | Rake $0 
Seat 1: seiji140 (button) folded before Flop (didn't bet)
Seat 2: acebob999 (small blind) folded before Flop
Seat 3: Mahu2021 (big blind) collected ($0.45)
Seat 4: inkm0n folded before Flop
Seat 5: calpex777 folded before Flop (didn't bet)
Seat 6: thechad7 folded before Flop (didn't bet)



PokerStars Zoom Hand #255557413917:  Hold'em No Limit ($0.05/$0.10) - 2025/04/02 12:41:29 CET [2025/04/02 6:41:29 ET]
Table 'Aludra' 6-max Seat #1 is the button
Seat 1: Mahu2021 ($9.30 in chips) 
Seat 2: Vadim91_blr ($25.07 in chips) 
Seat 3: acebob999 ($9.65 in chips) 
Seat 4: AceRimmer888 ($10.02 in chips) 
Seat 5: inkm0n ($10.86 in chips) 
Seat 6: hummbold ($10.62 in chips) 
Vadim91_blr: posts small blind $0.05
acebob999: posts big blind $0.10
*** HOLE CARDS ***
Dealt to Mahu2021 [As 7s]
AceRimmer888: raises $0.22 to $0.32
inkm0n: folds 
hummbold: folds 
Mahu2021: calls $0.32
Vadim91_blr: folds 
acebob999: folds 
*** FLOP *** [2d 4d 6s]
AceRimmer888: checks 
Mahu2021: checks 
*** TURN *** [2d 4d 6s] [Qd]
AceRimmer888: bets $0.26
Mahu2021: folds 
Uncalled bet ($0.26) returned to AceRimmer888
AceRimmer888 collected $0.75 from pot
AceRimmer888: doesn't show hand 
*** SUMMARY ***
Total pot $0.79 | Rake $0.04 
Board [2d 4d 6s Qd]
Seat 1: Mahu2021 (button) folded on the Turn
Seat 2: Vadim91_blr (small blind) folded before Flop
Seat 3: acebob999 (big blind) folded before Flop
Seat 4: AceRimmer888 collected ($0.75)
Seat 5: inkm0n folded before Flop (didn't bet)
Seat 6: hummbold folded before Flop (didn't bet)



PokerStars Zoom Hand #255557418955:  Hold'em No Limit ($0.05/$0.10) - 2025/04/02 12:42:14 CET [2025/04/02 6:42:14 ET]
Table 'Aludra' 6-max Seat #1 is the button
Seat 1: Vadim91_blr ($13.42 in chips) 
Seat 2: calpex777 ($13.20 in chips) 
Seat 3: Mahu2021 ($8.98 in chips) 
Seat 4: Clicker89 ($10.40 in chips) 
Seat 5: titan148 ($10.47 in chips) 
Seat 6: StelioKontos18 ($10 in chips) 
calpex777: posts small blind $0.05
Mahu2021: posts big blind $0.10
*** HOLE CARDS ***
Dealt to Mahu2021 [2s 7d]
Clicker89: folds 
titan148: folds 
StelioKontos18: raises $0.12 to $0.22
Vadim91_blr: folds 
calpex777: folds 
Mahu2021: folds 
Uncalled bet ($0.12) returned to StelioKontos18
StelioKontos18 collected $0.25 from pot
StelioKontos18: doesn't show hand 
*** SUMMARY ***
Total pot $0.25 | Rake $0 
Seat 1: Vadim91_blr (button) folded before Flop (didn't bet)
Seat 2: calpex777 (small blind) folded before Flop
Seat 3: Mahu2021 (big blind) folded before Flop
Seat 4: Clicker89 folded before Flop (didn't bet)
Seat 5: titan148 folded before Flop (didn't bet)
Seat 6: StelioKontos18 collected ($0.25)



PokerStars Zoom Hand #255557418608:  Hold'em No Limit ($0.05/$0.10) - 2025/04/02 12:42:11 CET [2025/04/02 6:42:11 ET]
Table 'Aludra' 6-max Seat #1 is the button
Seat 1: Lakazet69 ($8.65 in chips) 
Seat 2: titan148 ($10.52 in chips) 
Seat 3: Andrei232Zah ($10.70 in chips) 
Seat 4: Femto²/pk ($10.67 in chips) 
Seat 5: killerita67 ($11.27 in chips) 
Seat 6: Mahu2021 ($8.98 in chips) 
titan148: posts small blind $0.05
Andrei232Zah: posts big blind $0.10
*** HOLE CARDS ***
Dealt to Mahu2021 [Js 6s]
Femto²/pk: raises $0.12 to $0.22
killerita67: folds 
Mahu2021: folds 
Lakazet69: folds 
titan148: folds 
Andrei232Zah: folds 
Uncalled bet ($0.12) returned to Femto²/pk
Femto²/pk collected $0.25 from pot
Femto²/pk: doesn't show hand 
*** SUMMARY ***
Total pot $0.25 | Rake $0 
Seat 1: Lakazet69 (button) folded before Flop (didn't bet)
Seat 2: titan148 (small blind) folded before Flop
Seat 3: Andrei232Zah (big blind) folded before Flop
Seat 4: Femto²/pk collected ($0.25)
Seat 5: killerita67 folded before Flop (didn't bet)
Seat 6: Mahu2021 folded before Flop (didn't bet)



PokerStars Zoom Hand #255557418111:  Hold'em No Limit ($0.05/$0.10) - 2025/04/02 12:42:07 CET [2025/04/02 6:42:07 ET]
Table 'Aludra' 6-max Seat #1 is the button
Seat 1: Mahu2021 ($8.98 in chips) 
Seat 2: hummbold ($10 in chips) 
Seat 3: inkm0n ($10.86 in chips) 
Seat 4: denis4250 ($4.77 in chips) 
Seat 5: AceRimmer888 ($10.10 in chips) 
Seat 6: titan148 ($10.52 in chips) 
hummbold: posts small blind $0.05
inkm0n: posts big blind $0.10
*** HOLE CARDS ***
Dealt to Mahu2021 [3s 6s]
denis4250: raises $0.15 to $0.25
AceRimmer888: folds 
titan148: folds 
Mahu2021: folds 
hummbold: raises $0.80 to $1.05
inkm0n: folds 
denis4250: folds 
Uncalled bet ($0.80) returned to hummbold
hummbold collected $0.60 from pot
hummbold: doesn't show hand 
*** SUMMARY ***
Total pot $0.60 | Rake $0 
Seat 1: Mahu2021 (button) folded before Flop (didn't bet)
Seat 2: hummbold (small blind) collected ($0.60)
Seat 3: inkm0n (big blind) folded before Flop
Seat 4: denis4250 folded before Flop
Seat 5: AceRimmer888 folded before Flop (didn't bet)
Seat 6: titan148 folded before Flop (didn't bet)



PokerStars Zoom Hand #255557420016:  Hold'em No Limit ($0.05/$0.10) - 2025/04/02 12:42:24 CET [2025/04/02 6:42:24 ET]
Table 'Aludra' 6-max Seat #1 is the button
Seat 1: thechad7 ($10.25 in chips) 
Seat 2: Mahu2021 ($8.88 in chips) 
Seat 3: titan148 ($10.47 in chips) 
Seat 4: hummbold ($10.55 in chips) 
Seat 5: luvingkind ($13.78 in chips) 
Seat 6: killerita67 ($11.27 in chips) 
Mahu2021: posts small blind $0.05
titan148: posts big blind $0.10
*** HOLE CARDS ***
Dealt to Mahu2021 [Ad 7d]
hummbold: raises $0.15 to $0.25
luvingkind: folds 
killerita67: folds 
thechad7: folds 
Mahu2021: calls $0.20
titan148: folds 
*** FLOP *** [Kh Th 5c]
Mahu2021: bets $0.30
hummbold: calls $0.30
*** TURN *** [Kh Th 5c] [Kc]
Mahu2021: bets $0.30
hummbold: raises $1.31 to $1.61
Mahu2021: folds 
Uncalled bet ($1.31) returned to hummbold
hummbold collected $1.72 from pot
hummbold: doesn't show hand 
*** SUMMARY ***
Total pot $1.80 | Rake $0.08 
Board [Kh Th 5c Kc]
Seat 1: thechad7 (button) folded before Flop (didn't bet)
Seat 2: Mahu2021 (small blind) folded on the Turn
Seat 3: titan148 (big blind) folded before Flop
Seat 4: hummbold collected ($1.72)
Seat 5: luvingkind folded before Flop (didn't bet)
Seat 6: killerita67 folded before Flop (didn't bet)



PokerStars Zoom Hand #255557419658:  Hold'em No Limit ($0.05/$0.10) - 2025/04/02 12:42:21 CET [2025/04/02 6:42:21 ET]
Table 'Aludra' 6-max Seat #1 is the button
Seat 1: calpex777 ($16.06 in chips) 
Seat 2: Tompi2510 ($10.05 in chips) 
Seat 3: igracha2580 ($13.09 in chips) 
Seat 4: AceRimmer888 ($10.45 in chips) 
Seat 5: Mahu2021 ($8.88 in chips) 
Seat 6: mayas009 ($25.29 in chips) 
Tompi2510: posts small blind $0.05
igracha2580: posts big blind $0.10
*** HOLE CARDS ***
Dealt to Mahu2021 [5d 7d]
AceRimmer888: raises $0.22 to $0.32
Mahu2021: folds 
mayas009: folds 
calpex777: folds 
Tompi2510: folds 
igracha2580: calls $0.22
*** FLOP *** [9s Ac 5c]
igracha2580: checks 
AceRimmer888: bets $0.34
igracha2580: calls $0.34
*** TURN *** [9s Ac 5c] [6d]
igracha2580: checks 
AceRimmer888: bets $0.46
igracha2580: calls $0.46
*** RIVER *** [9s Ac 5c 6d] [3h]
igracha2580: checks 
AceRimmer888: checks 
*** SHOW DOWN ***
igracha2580: shows [9h Th] (a pair of Nines)
AceRimmer888: shows [Td Ts] (a pair of Tens)
AceRimmer888 collected $2.19 from pot
*** SUMMARY ***
Total pot $2.29 | Rake $0.10 
Board [9s Ac 5c 6d 3h]
Seat 1: calpex777 (button) folded before Flop (didn't bet)
Seat 2: Tompi2510 (small blind) folded before Flop
Seat 3: igracha2580 (big blind) showed [9h Th] and lost with a pair of Nines
Seat 4: AceRimmer888 showed [Td Ts] and won ($2.19) with a pair of Tens
Seat 5: Mahu2021 folded before Flop (didn't bet)
Seat 6: mayas009 folded before Flop (didn't bet)



PokerStars Zoom Hand #255557423685:  Hold'em No Limit ($0.05/$0.10) - 2025/04/02 12:42:57 CET [2025/04/02 6:42:57 ET]
Table 'Aludra' 6-max Seat #1 is the button
Seat 1: Mahu2021 ($8.03 in chips) 
Seat 2: Vadim91_blr ($13.32 in chips) 
Seat 3: matheusss7 ($18.34 in chips) 
Seat 4: kSam44 ($13.28 in chips) 
Seat 5: Tompi2510 ($10.15 in chips) 
Seat 6: Cigarrinh0 ($10.05 in chips) 
Vadim91_blr: posts small blind $0.05
matheusss7: posts big blind $0.10
*** HOLE CARDS ***
Dealt to Mahu2021 [Kc 4c]
kSam44: calls $0.10
Tompi2510: folds 
Cigarrinh0: folds 
Mahu2021: calls $0.10
Vadim91_blr: calls $0.05
matheusss7: checks 
*** FLOP *** [Kh 9s 7s]
Vadim91_blr: checks 
matheusss7: checks 
kSam44: bets $0.20
Mahu2021: calls $0.20
Vadim91_blr: folds 
matheusss7: folds 
*** TURN *** [Kh 9s 7s] [7d]
kSam44: bets $0.30
Mahu2021: calls $0.30
*** RIVER *** [Kh 9s 7s 7d] [4s]
kSam44: checks 
Mahu2021: bets $1.34
kSam44: calls $1.34
*** SHOW DOWN ***
Mahu2021: shows [Kc 4c] (two pair, Kings and Sevens)
kSam44: shows [Qs Kd] (two pair, Kings and Sevens - Queen kicker)
kSam44 collected $3.90 from pot
*** SUMMARY ***
Total pot $4.08 | Rake $0.18 
Board [Kh 9s 7s 7d 4s]
Seat 1: Mahu2021 (button) showed [Kc 4c] and lost with two pair, Kings and Sevens
Seat 2: Vadim91_blr (small blind) folded on the Flop
Seat 3: matheusss7 (big blind) folded on the Flop
Seat 4: kSam44 showed [Qs Kd] and won ($3.90) with two pair, Kings and Sevens
Seat 5: Tompi2510 folded before Flop (didn't bet)
Seat 6: Cigarrinh0 folded before Flop (didn't bet)



PokerStars Zoom Hand #255557422383:  Hold'em No Limit ($0.05/$0.10) - 2025/04/02 12:42:45 CET [2025/04/02 6:42:45 ET]
Table 'Aludra' 6-max Seat #1 is the button
Seat 1: Reddington567 ($10.05 in chips) 
Seat 2: inkm0n ($10 in chips) 
Seat 3: calpex777 ($16.21 in chips) 
Seat 4: titan148 ($10.15 in chips) 
Seat 5: Mahu2021 ($8.03 in chips) 
Seat 6: Bur1k ($6.31 in chips) 
inkm0n: posts small blind $0.05
calpex777: posts big blind $0.10
*** HOLE CARDS ***
Dealt to Mahu2021 [Ks 4s]
titan148: folds 
Mahu2021: folds 
Bur1k: folds 
Reddington567: raises $0.14 to $0.24
inkm0n: folds 
calpex777: calls $0.14
*** FLOP *** [6h 8s Kd]
calpex777: checks 
Reddington567: checks 
*** TURN *** [6h 8s Kd] [9c]
calpex777: checks 
Reddington567: bets $0.39
calpex777: folds 
Uncalled bet ($0.39) returned to Reddington567
Reddington567 collected $0.51 from pot
Reddington567: doesn't show hand 
*** SUMMARY ***
Total pot $0.53 | Rake $0.02 
Board [6h 8s Kd 9c]
Seat 1: Reddington567 (button) collected ($0.51)
Seat 2: inkm0n (small blind) folded before Flop
Seat 3: calpex777 (big blind) folded on the Turn
Seat 4: titan148 folded before Flop (didn't bet)
Seat 5: Mahu2021 folded before Flop (didn't bet)
Seat 6: Bur1k folded before Flop (didn't bet)



PokerStars Zoom Hand #255557428078:  Hold'em No Limit ($0.05/$0.10) - 2025/04/02 12:43:38 CET [2025/04/02 6:43:38 ET]
Table 'Aludra' 6-max Seat #1 is the button
Seat 1: StelioKontos18 ($10 in chips) 
Seat 2: inkm0n ($10.40 in chips) 
Seat 3: Bobbymcgee99 ($19.03 in chips) 
Seat 4: hummbold ($11.27 in chips) 
Seat 5: downsynjerome ($8.77 in chips) 
Seat 6: Mahu2021 ($6.09 in chips) 
inkm0n: posts small blind $0.05
Bobbymcgee99: posts big blind $0.10
*** HOLE CARDS ***
Dealt to Mahu2021 [4c Jc]
hummbold: folds 
downsynjerome: folds 
Mahu2021: folds 
StelioKontos18: folds 
inkm0n: raises $0.20 to $0.30
Bobbymcgee99: folds 
Uncalled bet ($0.20) returned to inkm0n
inkm0n collected $0.20 from pot
inkm0n: doesn't show hand 
*** SUMMARY ***
Total pot $0.20 | Rake $0 
Seat 1: StelioKontos18 (button) folded before Flop (didn't bet)
Seat 2: inkm0n (small blind) collected ($0.20)
Seat 3: Bobbymcgee99 (big blind) folded before Flop
Seat 4: hummbold folded before Flop (didn't bet)
Seat 5: downsynjerome folded before Flop (didn't bet)
Seat 6: Mahu2021 folded before Flop (didn't bet)



PokerStars Zoom Hand #255557422996:  Hold'em No Limit ($0.05/$0.10) - 2025/04/02 12:42:51 CET [2025/04/02 6:42:51 ET]
Table 'Aludra' 6-max Seat #1 is the button
Seat 1: killerita67 ($10.10 in chips) 
Seat 2: Femto²/pk ($10.72 in chips) 
Seat 3: luvingkind ($10 in chips) 
Seat 4: Mahu2021 ($8.03 in chips) 
Seat 5: Tompi2510 ($10.15 in chips) 
Seat 6: Vadim91_blr ($11.58 in chips) 
Femto²/pk: posts small blind $0.05
luvingkind: posts big blind $0.10
*** HOLE CARDS ***
Dealt to Mahu2021 [2h 5h]
Mahu2021: folds 
Tompi2510: folds 
Vadim91_blr: folds 
killerita67: raises $0.18 to $0.28
Femto²/pk: raises $0.92 to $1.20
luvingkind: folds 
killerita67: calls $0.92
*** FLOP *** [5d 5c Th]
Femto²/pk: bets $0.72
killerita67: calls $0.72
*** TURN *** [5d 5c Th] [6d]
Femto²/pk: checks 
killerita67: bets $5.64
Femto²/pk: raises $3.16 to $8.80 and is all-in
killerita67: calls $2.54 and is all-in
Uncalled bet ($0.62) returned to Femto²/pk
*** RIVER *** [5d 5c Th 6d] [Ah]
*** SHOW DOWN ***
Femto²/pk: shows [Qd Qc] (two pair, Queens and Fives)
killerita67: shows [Ad 4d] (two pair, Aces and Fives)
killerita67 collected $19.39 from pot
*** SUMMARY ***
Total pot $20.30 | Rake $0.91 
Board [5d 5c Th 6d Ah]
Seat 1: killerita67 (button) showed [Ad 4d] and won ($19.39) with two pair, Aces and Fives
Seat 2: Femto²/pk (small blind) showed [Qd Qc] and lost with two pair, Queens and Fives
Seat 3: luvingkind (big blind) folded before Flop
Seat 4: Mahu2021 folded before Flop (didn't bet)
Seat 5: Tompi2510 folded before Flop (didn't bet)
Seat 6: Vadim91_blr folded before Flop (didn't bet)



PokerStars Zoom Hand #255557430219:  Hold'em No Limit ($0.05/$0.10) - 2025/04/02 12:43:58 CET [2025/04/02 6:43:58 ET]
Table 'Aludra' 6-max Seat #1 is the button
Seat 1: Cigarrinh0 ($10.05 in chips) 
Seat 2: 4cidwave ($5 in chips) 
Seat 3: Mahu2021 ($5.85 in chips) 
Seat 4: pokerzoom15 ($10.05 in chips) 
Seat 5: krienas333 ($12.86 in chips) 
Seat 6: inkm0n ($10.15 in chips) 
4cidwave: posts small blind $0.05
Mahu2021: posts big blind $0.10
*** HOLE CARDS ***
Dealt to Mahu2021 [Ts Tc]
pokerzoom15: folds 
krienas333: raises $0.20 to $0.30
inkm0n: folds 
Cigarrinh0: raises $0.60 to $0.90
4cidwave: folds 
Mahu2021: calls $0.80
krienas333: calls $0.60
*** FLOP *** [3c 7c 5s]
Mahu2021: bets $1.20
krienas333: folds 
Cigarrinh0: calls $1.20
*** TURN *** [3c 7c 5s] [7h]
Mahu2021: bets $3.75 and is all-in
Cigarrinh0: calls $3.75
*** RIVER *** [3c 7c 5s 7h] [9c]
*** SHOW DOWN ***
Mahu2021: shows [Ts Tc] (two pair, Tens and Sevens)
Cigarrinh0: shows [Qs Qd] (two pair, Queens and Sevens)
Cigarrinh0 collected $12.08 from pot
*** SUMMARY ***
Total pot $12.65 | Rake $0.57 
Board [3c 7c 5s 7h 9c]
Seat 1: Cigarrinh0 (button) showed [Qs Qd] and won ($12.08) with two pair, Queens and Sevens
Seat 2: 4cidwave (small blind) folded before Flop
Seat 3: Mahu2021 (big blind) showed [Ts Tc] and lost with two pair, Tens and Sevens
Seat 4: pokerzoom15 folded before Flop (didn't bet)
Seat 5: krienas333 folded on the Flop
Seat 6: inkm0n folded before Flop (didn't bet)



