PokerStars Zoom Hand #255429035859:  Hold'em No Limit ($0.05/$0.10) - 2025/03/24 9:20:41 CET [2025/03/24 4:20:41 ET]
Table 'Aludra' 6-max Seat #1 is the button
Seat 1: HARIT81 ($11.47 in chips) 
Seat 2: lioni26 ($10.05 in chips) 
Seat 3: Mahu2021 ($10 in chips) 
Seat 4: Perstenev ($4.90 in chips) 
Seat 5: SimoDa39 ($12.40 in chips) 
Seat 6: jomorn ($10 in chips) 
lioni26: posts small blind $0.05
Mahu2021: posts big blind $0.10
*** HOLE CARDS ***
Dealt to Mahu2021 [Jd Js]
Perstenev: folds 
SimoDa39: folds 
jomorn: folds 
HARIT81: raises $0.35 to $0.45
lioni26: folds 
Mahu2021: raises $1.05 to $1.50
HARIT81: calls $1.05
*** FLOP *** [Kh Qs 8d]
Mahu2021: checks 
HARIT81: bets $1.46
Mahu2021: folds 
Uncalled bet ($1.46) returned to HARIT81
HARIT81 collected $2.91 from pot
HARIT81: doesn't show hand 
*** SUMMARY ***
Total pot $3.05 | Rake $0.14 
Board [Kh Qs 8d]
Seat 1: HARIT81 (button) collected ($2.91)
Seat 2: lioni26 (small blind) folded before Flop
Seat 3: Mahu2021 (big blind) folded on the Flop
Seat 4: Perstenev folded before Flop (didn't bet)
Seat 5: SimoDa39 folded before Flop (didn't bet)
Seat 6: jomorn folded before Flop (didn't bet)



PokerStars Zoom Hand #255429037529:  Hold'em No Limit ($0.05/$0.10) - 2025/03/24 9:21:07 CET [2025/03/24 4:21:07 ET]
Table 'Aludra' 6-max Seat #1 is the button
Seat 1: eodnrdld123 ($10 in chips) 
Seat 2: Mahu2021 ($8.50 in chips) 
Seat 3: hiding.by ($10.79 in chips) 
Seat 4: bigman12321 ($25.10 in chips) 
Seat 5: bjobo77 ($49.69 in chips) 
Seat 6: lioni26 ($10 in chips) 
Mahu2021: posts small blind $0.05
hiding.by: posts big blind $0.10
*** HOLE CARDS ***
Dealt to Mahu2021 [Ad 7d]
bigman12321: raises $0.20 to $0.30
bjobo77: folds 
lioni26: folds 
eodnrdld123: calls $0.30
Mahu2021: calls $0.25
hiding.by: folds 
*** FLOP *** [3h 2s 9c]
Mahu2021: checks 
bigman12321: checks 
eodnrdld123: checks 
*** TURN *** [3h 2s 9c] [Qd]
Mahu2021: bets $0.30
bigman12321: folds 
eodnrdld123: folds 
Uncalled bet ($0.30) returned to Mahu2021
Mahu2021 collected $0.96 from pot
Mahu2021: doesn't show hand 
*** SUMMARY ***
Total pot $1 | Rake $0.04 
Board [3h 2s 9c Qd]
Seat 1: eodnrdld123 (button) folded on the Turn
Seat 2: Mahu2021 (small blind) collected ($0.96)
Seat 3: hiding.by (big blind) folded before Flop
Seat 4: bigman12321 folded on the Turn
Seat 5: bjobo77 folded before Flop (didn't bet)
Seat 6: lioni26 folded before Flop (didn't bet)



PokerStars Zoom Hand #255429039537:  Hold'em No Limit ($0.05/$0.10) - 2025/03/24 9:21:39 CET [2025/03/24 4:21:39 ET]
Table 'Aludra' 6-max Seat #1 is the button
Seat 1: Mahu2021 ($9.16 in chips) 
Seat 2: Lenny296 ($6.51 in chips) 
Seat 3: lioni26 ($13.76 in chips) 
Seat 4: Perstenev ($7.77 in chips) 
Seat 5: supermoriji ($11.14 in chips) 
Seat 6: Reddington567 ($18.22 in chips) 
Lenny296: posts small blind $0.05
lioni26: posts big blind $0.10
*** HOLE CARDS ***
Dealt to Mahu2021 [3c 3d]
Perstenev: folds 
supermoriji: folds 
Reddington567: folds 
Mahu2021: raises $0.20 to $0.30
Lenny296: folds 
lioni26: folds 
Uncalled bet ($0.20) returned to Mahu2021
Mahu2021 collected $0.25 from pot
Mahu2021: doesn't show hand 
*** SUMMARY ***
Total pot $0.25 | Rake $0 
Seat 1: Mahu2021 (button) collected ($0.25)
Seat 2: Lenny296 (small blind) folded before Flop
Seat 3: lioni26 (big blind) folded before Flop
Seat 4: Perstenev folded before Flop (didn't bet)
Seat 5: supermoriji folded before Flop (didn't bet)
Seat 6: Reddington567 folded before Flop (didn't bet)



PokerStars Zoom Hand #255429040274:  Hold'em No Limit ($0.05/$0.10) - 2025/03/24 9:21:50 CET [2025/03/24 4:21:50 ET]
Table 'Aludra' 6-max Seat #1 is the button
Seat 1: Reddington567 ($15.91 in chips) 
Seat 2: nordrel ($10.28 in chips) 
Seat 3: bigman12321 ($24.80 in chips) 
Seat 4: luckyagainn ($10.67 in chips) 
Seat 5: Mahu2021 ($9.31 in chips) 
Seat 6: JoeStack ($6.42 in chips) 
nordrel: posts small blind $0.05
bigman12321: posts big blind $0.10
*** HOLE CARDS ***
Dealt to Mahu2021 [Qh 4d]
luckyagainn: raises $0.12 to $0.22
Mahu2021: folds 
JoeStack: calls $0.22
Reddington567: folds 
nordrel: folds 
bigman12321: folds 
*** FLOP *** [Ac Qc Kc]
luckyagainn: bets $0.18
JoeStack: folds 
Uncalled bet ($0.18) returned to luckyagainn
luckyagainn collected $0.56 from pot
luckyagainn: doesn't show hand 
*** SUMMARY ***
Total pot $0.59 | Rake $0.03 
Board [Ac Qc Kc]
Seat 1: Reddington567 (button) folded before Flop (didn't bet)
Seat 2: nordrel (small blind) folded before Flop
Seat 3: bigman12321 (big blind) folded before Flop
Seat 4: luckyagainn collected ($0.56)
Seat 5: Mahu2021 folded before Flop (didn't bet)
Seat 6: JoeStack folded on the Flop



PokerStars Zoom Hand #255429041203:  Hold'em No Limit ($0.05/$0.10) - 2025/03/24 9:22:03 CET [2025/03/24 4:22:03 ET]
Table 'Aludra' 6-max Seat #1 is the button
Seat 1: Ritter00 ($4.85 in chips) 
Seat 2: Perstenev ($5.20 in chips) 
Seat 3: fish1991f ($10.36 in chips) 
Seat 4: Mahu2021 ($9.31 in chips) 
Seat 5: lioni26 ($13.61 in chips) 
Seat 6: luckyagainn ($10 in chips) 
Perstenev: posts small blind $0.05
fish1991f: posts big blind $0.10
*** HOLE CARDS ***
Dealt to Mahu2021 [Td As]
Mahu2021: folds 
lioni26: folds 
luckyagainn: folds 
Ritter00: raises $0.12 to $0.22
Perstenev: folds 
fish1991f: folds 
Uncalled bet ($0.12) returned to Ritter00
Ritter00 collected $0.25 from pot
Ritter00: doesn't show hand 
*** SUMMARY ***
Total pot $0.25 | Rake $0 
Seat 1: Ritter00 (button) collected ($0.25)
Seat 2: Perstenev (small blind) folded before Flop
Seat 3: fish1991f (big blind) folded before Flop
Seat 4: Mahu2021 folded before Flop (didn't bet)
Seat 5: lioni26 folded before Flop (didn't bet)
Seat 6: luckyagainn folded before Flop (didn't bet)



PokerStars Zoom Hand #255429041032:  Hold'em No Limit ($0.05/$0.10) - 2025/03/24 9:22:01 CET [2025/03/24 4:22:01 ET]
Table 'Aludra' 6-max Seat #1 is the button
Seat 1: My3blKaHT_by ($10.55 in chips) 
Seat 2: Ritter00 ($4.90 in chips) 
Seat 3: supermoriji ($11.09 in chips) 
Seat 4: Mahu2021 ($9.31 in chips) 
Seat 5: eodnrdld123 ($10 in chips) 
Seat 6: fish1991f ($10.36 in chips) 
Ritter00: posts small blind $0.05
supermoriji: posts big blind $0.10
*** HOLE CARDS ***
Dealt to Mahu2021 [5s 6s]
Mahu2021: folds 
eodnrdld123: raises $0.10 to $0.20
fish1991f: folds 
My3blKaHT_by: folds 
Ritter00: folds 
supermoriji: calls $0.10
*** FLOP *** [3d 9c 5d]
supermoriji: checks 
eodnrdld123: bets $0.22
supermoriji: folds 
Uncalled bet ($0.22) returned to eodnrdld123
eodnrdld123 collected $0.43 from pot
eodnrdld123: doesn't show hand 
*** SUMMARY ***
Total pot $0.45 | Rake $0.02 
Board [3d 9c 5d]
Seat 1: My3blKaHT_by (button) folded before Flop (didn't bet)
Seat 2: Ritter00 (small blind) folded before Flop
Seat 3: supermoriji (big blind) folded on the Flop
Seat 4: Mahu2021 folded before Flop (didn't bet)
Seat 5: eodnrdld123 collected ($0.43)
Seat 6: fish1991f folded before Flop (didn't bet)



PokerStars Zoom Hand #255429040718:  Hold'em No Limit ($0.05/$0.10) - 2025/03/24 9:21:56 CET [2025/03/24 4:21:56 ET]
Table 'Aludra' 6-max Seat #1 is the button
Seat 1: luckyagainn ($10 in chips) 
Seat 2: Perstenev ($6.23 in chips) 
Seat 3: jomorn ($10.15 in chips) 
Seat 4: barbarien09 ($10.29 in chips) 
Seat 5: Billa1177 ($6.04 in chips) 
Seat 6: Mahu2021 ($9.31 in chips) 
Perstenev: posts small blind $0.05
jomorn: posts big blind $0.10
*** HOLE CARDS ***
Dealt to Mahu2021 [4h 9c]
barbarien09: folds 
Billa1177: calls $0.10
Mahu2021: folds 
luckyagainn: folds 
Perstenev: folds 
jomorn: raises $0.35 to $0.45
Billa1177: calls $0.35
*** FLOP *** [2d Kc 5h]
jomorn: bets $0.27
Billa1177: folds 
Uncalled bet ($0.27) returned to jomorn
jomorn collected $0.91 from pot
jomorn: doesn't show hand 
*** SUMMARY ***
Total pot $0.95 | Rake $0.04 
Board [2d Kc 5h]
Seat 1: luckyagainn (button) folded before Flop (didn't bet)
Seat 2: Perstenev (small blind) folded before Flop
Seat 3: jomorn (big blind) collected ($0.91)
Seat 4: barbarien09 folded before Flop (didn't bet)
Seat 5: Billa1177 folded on the Flop
Seat 6: Mahu2021 folded before Flop (didn't bet)



PokerStars Zoom Hand #255429041432:  Hold'em No Limit ($0.05/$0.10) - 2025/03/24 9:22:07 CET [2025/03/24 4:22:07 ET]
Table 'Aludra' 6-max Seat #1 is the button
Seat 1: nordrel ($10.23 in chips) 
Seat 2: Ritter00 ($4.90 in chips) 
Seat 3: Mahu2021 ($9.31 in chips) 
Seat 4: shj13 ($21.74 in chips) 
Seat 5: barbarien09 ($10.29 in chips) 
Seat 6: Jrussy ($10.27 in chips) 
Ritter00: posts small blind $0.05
Mahu2021: posts big blind $0.10
*** HOLE CARDS ***
Dealt to Mahu2021 [Jc 4s]
shj13: folds 
barbarien09: folds 
Jrussy: folds 
nordrel: folds 
Ritter00: raises $0.20 to $0.30
Mahu2021: folds 
Uncalled bet ($0.20) returned to Ritter00
Ritter00 collected $0.20 from pot
Ritter00: doesn't show hand 
*** SUMMARY ***
Total pot $0.20 | Rake $0 
Seat 1: nordrel (button) folded before Flop (didn't bet)
Seat 2: Ritter00 (small blind) collected ($0.20)
Seat 3: Mahu2021 (big blind) folded before Flop
Seat 4: shj13 folded before Flop (didn't bet)
Seat 5: barbarien09 folded before Flop (didn't bet)
Seat 6: Jrussy folded before Flop (didn't bet)



PokerStars Zoom Hand #255429042698:  Hold'em No Limit ($0.05/$0.10) - 2025/03/24 9:22:26 CET [2025/03/24 4:22:26 ET]
Table 'Aludra' 6-max Seat #1 is the button
Seat 1: luvingkind ($10.63 in chips) 
Seat 2: Mahu2021 ($9.21 in chips) 
Seat 3: Reddington567 ($17.52 in chips) 
Seat 4: jomorn ($10.61 in chips) 
Seat 5: Jrussy ($10.27 in chips) 
Seat 6: supermoriji ($10.89 in chips) 
Mahu2021: posts small blind $0.05
Reddington567: posts big blind $0.10
*** HOLE CARDS ***
Dealt to Mahu2021 [4c 7h]
jomorn: raises $0.12 to $0.22
Jrussy: folds 
supermoriji: folds 
luvingkind: folds 
Mahu2021: folds 
Reddington567: folds 
Uncalled bet ($0.12) returned to jomorn
jomorn collected $0.25 from pot
jomorn: doesn't show hand 
*** SUMMARY ***
Total pot $0.25 | Rake $0 
Seat 1: luvingkind (button) folded before Flop (didn't bet)
Seat 2: Mahu2021 (small blind) folded before Flop
Seat 3: Reddington567 (big blind) folded before Flop
Seat 4: jomorn collected ($0.25)
Seat 5: Jrussy folded before Flop (didn't bet)
Seat 6: supermoriji folded before Flop (didn't bet)



PokerStars Zoom Hand #255429043219:  Hold'em No Limit ($0.05/$0.10) - 2025/03/24 9:22:34 CET [2025/03/24 4:22:34 ET]
Table 'Aludra' 6-max Seat #1 is the button
Seat 1: Mahu2021 ($9.16 in chips) 
Seat 2: Jrussy ($10.27 in chips) 
Seat 3: JoeStack ($6.15 in chips) 
Seat 4: eodnrdld123 ($10.13 in chips) 
Seat 5: Perstenev ($5.15 in chips) 
Seat 6: fish1991f ($10.21 in chips) 
Jrussy: posts small blind $0.05
JoeStack: posts big blind $0.10
*** HOLE CARDS ***
Dealt to Mahu2021 [Qd Ad]
eodnrdld123: folds 
Perstenev: raises $0.15 to $0.25
fish1991f: folds 
Mahu2021: raises $0.85 to $1.10
Jrussy: folds 
JoeStack: folds 
Perstenev: folds 
Uncalled bet ($0.85) returned to Mahu2021
Mahu2021 collected $0.65 from pot
Mahu2021: doesn't show hand 
*** SUMMARY ***
Total pot $0.65 | Rake $0 
Seat 1: Mahu2021 (button) collected ($0.65)
Seat 2: Jrussy (small blind) folded before Flop
Seat 3: JoeStack (big blind) folded before Flop
Seat 4: eodnrdld123 folded before Flop (didn't bet)
Seat 5: Perstenev folded before Flop
Seat 6: fish1991f folded before Flop (didn't bet)



PokerStars Zoom Hand #255429044265:  Hold'em No Limit ($0.05/$0.10) - 2025/03/24 9:22:50 CET [2025/03/24 4:22:50 ET]
Table 'Aludra' 6-max Seat #1 is the button
Seat 1: luckyagainn ($10 in chips) 
Seat 2: Reddington567 ($17.16 in chips) 
Seat 3: Perstenev ($4.90 in chips) 
Seat 4: Billa1177 ($6 in chips) 
Seat 5: Lenny296 ($7.57 in chips) 
Seat 6: Mahu2021 ($9.56 in chips) 
Reddington567: posts small blind $0.05
Perstenev: posts big blind $0.10
*** HOLE CARDS ***
Dealt to Mahu2021 [9d 7h]
Billa1177: folds 
Lenny296: calls $0.10
Mahu2021: folds 
luckyagainn: raises $0.30 to $0.40
Reddington567: folds 
Perstenev: folds 
Lenny296: calls $0.30
*** FLOP *** [Qh Jh 6h]
Lenny296: checks 
luckyagainn: bets $0.30
Lenny296: folds 
Uncalled bet ($0.30) returned to luckyagainn
luckyagainn collected $0.91 from pot
luckyagainn: doesn't show hand 
*** SUMMARY ***
Total pot $0.95 | Rake $0.04 
Board [Qh Jh 6h]
Seat 1: luckyagainn (button) collected ($0.91)
Seat 2: Reddington567 (small blind) folded before Flop
Seat 3: Perstenev (big blind) folded before Flop
Seat 4: Billa1177 folded before Flop (didn't bet)
Seat 5: Lenny296 folded on the Flop
Seat 6: Mahu2021 folded before Flop (didn't bet)



PokerStars Zoom Hand #255429044689:  Hold'em No Limit ($0.05/$0.10) - 2025/03/24 9:22:57 CET [2025/03/24 4:22:57 ET]
Table 'Aludra' 6-max Seat #1 is the button
Seat 1: jomorn ($11.44 in chips) 
Seat 2: SimoDa39 ($13.68 in chips) 
Seat 3: Mahu2021 ($9.56 in chips) 
Seat 4: luvingkind ($10.53 in chips) 
Seat 5: supermoriji ($10.56 in chips) 
Seat 6: krillexs ($14.48 in chips) 
SimoDa39: posts small blind $0.05
Mahu2021: posts big blind $0.10
*** HOLE CARDS ***
Dealt to Mahu2021 [8s 7d]
luvingkind: folds 
supermoriji: folds 
krillexs: raises $0.15 to $0.25
jomorn: folds 
SimoDa39: raises $0.80 to $1.05
Mahu2021: folds 
krillexs: folds 
Uncalled bet ($0.80) returned to SimoDa39
SimoDa39 collected $0.60 from pot
SimoDa39: doesn't show hand 
*** SUMMARY ***
Total pot $0.60 | Rake $0 
Seat 1: jomorn (button) folded before Flop (didn't bet)
Seat 2: SimoDa39 (small blind) collected ($0.60)
Seat 3: Mahu2021 (big blind) folded before Flop
Seat 4: luvingkind folded before Flop (didn't bet)
Seat 5: supermoriji folded before Flop (didn't bet)
Seat 6: krillexs folded before Flop



PokerStars Zoom Hand #255429045686:  Hold'em No Limit ($0.05/$0.10) - 2025/03/24 9:23:12 CET [2025/03/24 4:23:12 ET]
Table 'Aludra' 6-max Seat #1 is the button
Seat 1: supermoriji ($10.89 in chips) 
Seat 2: shj13 ($21.97 in chips) 
Seat 3: Ritter00 ($4.78 in chips) 
Seat 4: jomorn ($11.11 in chips) 
Seat 5: Mahu2021 ($9.46 in chips) 
Seat 6: Perstenev ($6.31 in chips) 
shj13: posts small blind $0.05
Ritter00: posts big blind $0.10
*** HOLE CARDS ***
Dealt to Mahu2021 [8h Jh]
jomorn: folds 
Mahu2021: folds 
Perstenev: raises $0.15 to $0.25
supermoriji: folds 
shj13: folds 
Ritter00: folds 
Uncalled bet ($0.15) returned to Perstenev
Perstenev collected $0.25 from pot
Perstenev: doesn't show hand 
*** SUMMARY ***
Total pot $0.25 | Rake $0 
Seat 1: supermoriji (button) folded before Flop (didn't bet)
Seat 2: shj13 (small blind) folded before Flop
Seat 3: Ritter00 (big blind) folded before Flop
Seat 4: jomorn folded before Flop (didn't bet)
Seat 5: Mahu2021 folded before Flop (didn't bet)
Seat 6: Perstenev collected ($0.25)



PokerStars Zoom Hand #255429045927:  Hold'em No Limit ($0.05/$0.10) - 2025/03/24 9:23:16 CET [2025/03/24 4:23:16 ET]
Table 'Aludra' 6-max Seat #1 is the button
Seat 1: SimoDa39 ($14.03 in chips) 
Seat 2: Mahu2021 ($9.46 in chips) 
Seat 3: bigman12321 ($23.97 in chips) 
Seat 4: eodnrdld123 ($10.04 in chips) 
Seat 5: luvingkind ($10 in chips) 
Seat 6: luckyagainn ($10.51 in chips) 
Mahu2021: posts small blind $0.05
bigman12321: posts big blind $0.10
*** HOLE CARDS ***
Dealt to Mahu2021 [2d 9c]
eodnrdld123: folds 
luvingkind: folds 
luckyagainn: folds 
SimoDa39: raises $0.15 to $0.25
Mahu2021: folds 
bigman12321: calls $0.15
*** FLOP *** [Kd Jh Tc]
bigman12321: checks 
SimoDa39: bets $0.15
bigman12321: calls $0.15
*** TURN *** [Kd Jh Tc] [Ad]
bigman12321: checks 
SimoDa39: checks 
*** RIVER *** [Kd Jh Tc Ad] [Ks]
bigman12321: checks 
SimoDa39: checks 
*** SHOW DOWN ***
bigman12321: shows [Td As] (two pair, Aces and Kings)
SimoDa39: mucks hand 
bigman12321 collected $0.81 from pot
*** SUMMARY ***
Total pot $0.85 | Rake $0.04 
Board [Kd Jh Tc Ad Ks]
Seat 1: SimoDa39 (button) mucked [6c 8c]
Seat 2: Mahu2021 (small blind) folded before Flop
Seat 3: bigman12321 (big blind) showed [Td As] and won ($0.81) with two pair, Aces and Kings
Seat 4: eodnrdld123 folded before Flop (didn't bet)
Seat 5: luvingkind folded before Flop (didn't bet)
Seat 6: luckyagainn folded before Flop (didn't bet)



PokerStars Zoom Hand #255429046265:  Hold'em No Limit ($0.05/$0.10) - 2025/03/24 9:23:21 CET [2025/03/24 4:23:21 ET]
Table 'Aludra' 6-max Seat #1 is the button
Seat 1: Mahu2021 ($9.41 in chips) 
Seat 2: luvingkind ($10 in chips) 
Seat 3: hiding.by ($10.19 in chips) 
Seat 4: lioni26 ($13.46 in chips) 
Seat 5: jomorn ($11.11 in chips) 
Seat 6: eodnrdld123 ($10.04 in chips) 
luvingkind: posts small blind $0.05
hiding.by: posts big blind $0.10
*** HOLE CARDS ***
Dealt to Mahu2021 [7s Ac]
lioni26: folds 
jomorn: folds 
eodnrdld123: folds 
Mahu2021: raises $0.20 to $0.30
luvingkind: folds 
hiding.by: calls $0.20
*** FLOP *** [Qd Ts Kd]
hiding.by: checks 
Mahu2021: bets $0.30
hiding.by: folds 
Uncalled bet ($0.30) returned to Mahu2021
Mahu2021 collected $0.62 from pot
Mahu2021: doesn't show hand 
*** SUMMARY ***
Total pot $0.65 | Rake $0.03 
Board [Qd Ts Kd]
Seat 1: Mahu2021 (button) collected ($0.62)
Seat 2: luvingkind (small blind) folded before Flop
Seat 3: hiding.by (big blind) folded on the Flop
Seat 4: lioni26 folded before Flop (didn't bet)
Seat 5: jomorn folded before Flop (didn't bet)
Seat 6: eodnrdld123 folded before Flop (didn't bet)



PokerStars Zoom Hand #255429048503:  Hold'em No Limit ($0.05/$0.10) - 2025/03/24 9:23:55 CET [2025/03/24 4:23:55 ET]
Table 'Aludra' 6-max Seat #1 is the button
Seat 1: Ritter00 ($3.90 in chips) 
Seat 2: Perstenev ($6.36 in chips) 
Seat 3: lioni26 ($10 in chips) 
Seat 4: Mahu2021 ($9.73 in chips) 
Seat 5: jomorn ($12.13 in chips) 
Seat 6: fish1991f ($10 in chips) 
Perstenev: posts small blind $0.05
lioni26: posts big blind $0.10
*** HOLE CARDS ***
Dealt to Mahu2021 [7h 6h]
Mahu2021: raises $0.14 to $0.24
jomorn: folds 
fish1991f: folds 
Ritter00: folds 
Perstenev: folds 
lioni26: folds 
Uncalled bet ($0.14) returned to Mahu2021
Mahu2021 collected $0.25 from pot
Mahu2021: doesn't show hand 
*** SUMMARY ***
Total pot $0.25 | Rake $0 
Seat 1: Ritter00 (button) folded before Flop (didn't bet)
Seat 2: Perstenev (small blind) folded before Flop
Seat 3: lioni26 (big blind) folded before Flop
Seat 4: Mahu2021 collected ($0.25)
Seat 5: jomorn folded before Flop (didn't bet)
Seat 6: fish1991f folded before Flop (didn't bet)



PokerStars Zoom Hand #255429048176:  Hold'em No Limit ($0.05/$0.10) - 2025/03/24 9:23:50 CET [2025/03/24 4:23:50 ET]
Table 'Aludra' 6-max Seat #1 is the button
Seat 1: eodnrdld123 ($13.65 in chips) 
Seat 2: Karaflas1 ($10 in chips) 
Seat 3: JPinkman87 ($7.70 in chips) 
Seat 4: Perstenev ($6.36 in chips) 
Seat 5: lioni26 ($10 in chips) 
Seat 6: Mahu2021 ($9.73 in chips) 
Karaflas1: posts small blind $0.05
JPinkman87: posts big blind $0.10
*** HOLE CARDS ***
Dealt to Mahu2021 [7s 9s]
Perstenev: folds 
lioni26: folds 
Mahu2021: folds 
eodnrdld123: raises $0.15 to $0.25
Karaflas1: folds 
JPinkman87: folds 
Uncalled bet ($0.15) returned to eodnrdld123
eodnrdld123 collected $0.25 from pot
eodnrdld123: doesn't show hand 
*** SUMMARY ***
Total pot $0.25 | Rake $0 
Seat 1: eodnrdld123 (button) collected ($0.25)
Seat 2: Karaflas1 (small blind) folded before Flop
Seat 3: JPinkman87 (big blind) folded before Flop
Seat 4: Perstenev folded before Flop (didn't bet)
Seat 5: lioni26 folded before Flop (didn't bet)
Seat 6: Mahu2021 folded before Flop (didn't bet)



PokerStars Zoom Hand #255429049621:  Hold'em No Limit ($0.05/$0.10) - 2025/03/24 9:24:12 CET [2025/03/24 4:24:12 ET]
Table 'Aludra' 6-max Seat #1 is the button
Seat 1: Jrussy ($9.92 in chips) 
Seat 2: Mahu2021 ($9.88 in chips) 
Seat 3: iAmSon9I ($7.81 in chips) 
Seat 4: luvingkind ($10.62 in chips) 
Seat 5: Perstenev ($6.31 in chips) 
Seat 6: luckyagainn ($10.74 in chips) 
Mahu2021: posts small blind $0.05
iAmSon9I: posts big blind $0.10
*** HOLE CARDS ***
Dealt to Mahu2021 [Tc Ts]
luvingkind: folds 
Perstenev: folds 
luckyagainn: folds 
Jrussy: calls $0.10
Mahu2021: raises $1 to $1.10
iAmSon9I: folds 
Jrussy: folds 
Uncalled bet ($1) returned to Mahu2021
Mahu2021 collected $0.30 from pot
Mahu2021: doesn't show hand 
*** SUMMARY ***
Total pot $0.30 | Rake $0 
Seat 1: Jrussy (button) folded before Flop
Seat 2: Mahu2021 (small blind) collected ($0.30)
Seat 3: iAmSon9I (big blind) folded before Flop
Seat 4: luvingkind folded before Flop (didn't bet)
Seat 5: Perstenev folded before Flop (didn't bet)
Seat 6: luckyagainn folded before Flop (didn't bet)



PokerStars Zoom Hand #255429049275:  Hold'em No Limit ($0.05/$0.10) - 2025/03/24 9:24:07 CET [2025/03/24 4:24:07 ET]
Table 'Aludra' 6-max Seat #1 is the button
Seat 1: Mahu2021 ($9.88 in chips) 
Seat 2: Reddington567 ($18.50 in chips) 
Seat 3: Tintos134 ($15.02 in chips) 
Seat 4: supermoriji ($10.16 in chips) 
Seat 5: eodnrdld123 ($13.80 in chips) 
Seat 6: Perstenev ($6.31 in chips) 
Reddington567: posts small blind $0.05
Tintos134: posts big blind $0.10
*** HOLE CARDS ***
Dealt to Mahu2021 [6d 9h]
supermoriji: folds 
eodnrdld123: folds 
Perstenev: folds 
Mahu2021: folds 
Reddington567: raises $0.14 to $0.24
Tintos134: calls $0.14
*** FLOP *** [Qd Ah 8c]
Reddington567: checks 
Tintos134: bets $0.25
Reddington567: folds 
Uncalled bet ($0.25) returned to Tintos134
Tintos134 collected $0.46 from pot
Tintos134: doesn't show hand 
*** SUMMARY ***
Total pot $0.48 | Rake $0.02 
Board [Qd Ah 8c]
Seat 1: Mahu2021 (button) folded before Flop (didn't bet)
Seat 2: Reddington567 (small blind) folded on the Flop
Seat 3: Tintos134 (big blind) collected ($0.46)
Seat 4: supermoriji folded before Flop (didn't bet)
Seat 5: eodnrdld123 folded before Flop (didn't bet)
Seat 6: Perstenev folded before Flop (didn't bet)



PokerStars Zoom Hand #255429051859:  Hold'em No Limit ($0.05/$0.10) - 2025/03/24 9:24:46 CET [2025/03/24 4:24:46 ET]
Table 'Aludra' 6-max Seat #1 is the button
Seat 1: eodnrdld123 ($13.80 in chips) 
Seat 2: SimoDa39 ($14 in chips) 
Seat 3: Mahu2021 ($10.08 in chips) 
Seat 4: nordrel ($11.05 in chips) 
Seat 5: Reddington567 ($18.26 in chips) 
Seat 6: JoeStack ($5.50 in chips) 
SimoDa39: posts small blind $0.05
Mahu2021: posts big blind $0.10
*** HOLE CARDS ***
Dealt to Mahu2021 [Qc 8d]
nordrel: folds 
Reddington567: folds 
JoeStack: folds 
eodnrdld123: folds 
SimoDa39: folds 
Uncalled bet ($0.05) returned to Mahu2021
Mahu2021 collected $0.10 from pot
Mahu2021: doesn't show hand 
*** SUMMARY ***
Total pot $0.10 | Rake $0 
Seat 1: eodnrdld123 (button) folded before Flop (didn't bet)
Seat 2: SimoDa39 (small blind) folded before Flop
Seat 3: Mahu2021 (big blind) collected ($0.10)
Seat 4: nordrel folded before Flop (didn't bet)
Seat 5: Reddington567 folded before Flop (didn't bet)
Seat 6: JoeStack folded before Flop (didn't bet)



PokerStars Zoom Hand #255429052842:  Hold'em No Limit ($0.05/$0.10) - 2025/03/24 9:25:02 CET [2025/03/24 4:25:02 ET]
Table 'Aludra' 6-max Seat #1 is the button
Seat 1: eodnrdld123 ($10 in chips) 
Seat 2: A_Rommel ($40.70 in chips) 
Seat 3: jomorn ($12.41 in chips) 
Seat 4: nordrel ($11 in chips) 
Seat 5: Mahu2021 ($10.13 in chips) 
Seat 6: Perstenev ($3.20 in chips) 
A_Rommel: posts small blind $0.05
jomorn: posts big blind $0.10
*** HOLE CARDS ***
Dealt to Mahu2021 [9h Ah]
nordrel: folds 
Mahu2021: raises $0.13 to $0.23
Perstenev: folds 
eodnrdld123: calls $0.23
A_Rommel: folds 
jomorn: folds 
*** FLOP *** [3c 9d Kd]
Mahu2021: bets $0.30
eodnrdld123: folds 
Uncalled bet ($0.30) returned to Mahu2021
Mahu2021 collected $0.58 from pot
Mahu2021: doesn't show hand 
*** SUMMARY ***
Total pot $0.61 | Rake $0.03 
Board [3c 9d Kd]
Seat 1: eodnrdld123 (button) folded on the Flop
Seat 2: A_Rommel (small blind) folded before Flop
Seat 3: jomorn (big blind) folded before Flop
Seat 4: nordrel folded before Flop (didn't bet)
Seat 5: Mahu2021 collected ($0.58)
Seat 6: Perstenev folded before Flop (didn't bet)



PokerStars Zoom Hand #255429052520:  Hold'em No Limit ($0.05/$0.10) - 2025/03/24 9:24:56 CET [2025/03/24 4:24:56 ET]
Table 'Aludra' 6-max Seat #1 is the button
Seat 1: supermoriji ($10.41 in chips) 
Seat 2: eodnrdld123 ($11.51 in chips) 
Seat 3: luvingkind ($10.47 in chips) 
Seat 4: Reddington567 ($18.26 in chips) 
Seat 5: Mahu2021 ($10.13 in chips) 
Seat 6: Perstenev ($6.01 in chips) 
eodnrdld123: posts small blind $0.05
luvingkind: posts big blind $0.10
*** HOLE CARDS ***
Dealt to Mahu2021 [Ks 8s]
Reddington567: folds 
Mahu2021: folds 
Perstenev: folds 
supermoriji: raises $0.20 to $0.30
eodnrdld123: folds 
luvingkind: calls $0.20
*** FLOP *** [Jc 4c 5s]
luvingkind: checks 
supermoriji: checks 
*** TURN *** [Jc 4c 5s] [8c]
luvingkind: bets $0.20
supermoriji: calls $0.20
*** RIVER *** [Jc 4c 5s 8c] [Js]
luvingkind: checks 
supermoriji: checks 
*** SHOW DOWN ***
luvingkind: shows [Jd Jh] (four of a kind, Jacks)
supermoriji: mucks hand 
luvingkind collected $1 from pot
*** SUMMARY ***
Total pot $1.05 | Rake $0.05 
Board [Jc 4c 5s 8c Js]
Seat 1: supermoriji (button) mucked [Kc Ts]
Seat 2: eodnrdld123 (small blind) folded before Flop
Seat 3: luvingkind (big blind) showed [Jd Jh] and won ($1) with four of a kind, Jacks
Seat 4: Reddington567 folded before Flop (didn't bet)
Seat 5: Mahu2021 folded before Flop (didn't bet)
Seat 6: Perstenev folded before Flop (didn't bet)



PokerStars Zoom Hand #255429054441:  Hold'em No Limit ($0.05/$0.10) - 2025/03/24 9:25:26 CET [2025/03/24 4:25:26 ET]
Table 'Aludra' 6-max Seat #1 is the button
Seat 1: SimoDa39 ($13.59 in chips) 
Seat 2: luvingkind ($10.63 in chips) 
Seat 3: Nicola_S5058 ($8.94 in chips) 
Seat 4: ShrimpMan999 ($8.90 in chips) 
Seat 5: supermoriji ($10 in chips) 
Seat 6: Mahu2021 ($10.48 in chips) 
luvingkind: posts small blind $0.05
Nicola_S5058: posts big blind $0.10
*** HOLE CARDS ***
Dealt to Mahu2021 [3c Td]
ShrimpMan999: folds 
supermoriji: folds 
Mahu2021: folds 
SimoDa39: raises $0.15 to $0.25
luvingkind: folds 
Nicola_S5058: folds 
Uncalled bet ($0.15) returned to SimoDa39
SimoDa39 collected $0.25 from pot
SimoDa39: doesn't show hand 
*** SUMMARY ***
Total pot $0.25 | Rake $0 
Seat 1: SimoDa39 (button) collected ($0.25)
Seat 2: luvingkind (small blind) folded before Flop
Seat 3: Nicola_S5058 (big blind) folded before Flop
Seat 4: ShrimpMan999 folded before Flop (didn't bet)
Seat 5: supermoriji folded before Flop (didn't bet)
Seat 6: Mahu2021 folded before Flop (didn't bet)



PokerStars Zoom Hand #255429054835:  Hold'em No Limit ($0.05/$0.10) - 2025/03/24 9:25:32 CET [2025/03/24 4:25:32 ET]
Table 'Aludra' 6-max Seat #1 is the button
Seat 1: luckyagainn ($10.59 in chips) 
Seat 2: Mahu2021 ($10.48 in chips) 
Seat 3: barbarien09 ($11.39 in chips) 
Seat 4: lioni26 ($10 in chips) 
Seat 5: Jrussy ($9.59 in chips) 
Seat 6: Perstenev ($3.05 in chips) 
Mahu2021: posts small blind $0.05
barbarien09: posts big blind $0.10
*** HOLE CARDS ***
Dealt to Mahu2021 [Jc 4s]
lioni26: folds 
Jrussy: raises $0.10 to $0.20
Perstenev: folds 
luckyagainn: folds 
Mahu2021: folds 
barbarien09: folds 
Uncalled bet ($0.10) returned to Jrussy
Jrussy collected $0.25 from pot
Jrussy: doesn't show hand 
*** SUMMARY ***
Total pot $0.25 | Rake $0 
Seat 1: luckyagainn (button) folded before Flop (didn't bet)
Seat 2: Mahu2021 (small blind) folded before Flop
Seat 3: barbarien09 (big blind) folded before Flop
Seat 4: lioni26 folded before Flop (didn't bet)
Seat 5: Jrussy collected ($0.25)
Seat 6: Perstenev folded before Flop (didn't bet)



PokerStars Zoom Hand #255429055106:  Hold'em No Limit ($0.05/$0.10) - 2025/03/24 9:25:36 CET [2025/03/24 4:25:36 ET]
Table 'Aludra' 6-max Seat #1 is the button
Seat 1: Perstenev ($3.05 in chips) 
Seat 2: lioni26 ($12.86 in chips) 
Seat 3: Mahu2021 ($10.43 in chips) 
Seat 4: Glxtch ($8.95 in chips) 
Seat 5: Karaflas1 ($10 in chips) 
Seat 6: Reddington567 ($18.11 in chips) 
lioni26: posts small blind $0.05
Mahu2021: posts big blind $0.10
*** HOLE CARDS ***
Dealt to Mahu2021 [6c 7h]
Glxtch: folds 
Karaflas1: folds 
Reddington567: folds 
Perstenev: raises $0.10 to $0.20
lioni26: folds 
Mahu2021: calls $0.10
*** FLOP *** [5s 8c 7s]
Mahu2021: checks 
Perstenev: checks 
*** TURN *** [5s 8c 7s] [6h]
Mahu2021: bets $0.43
Perstenev: folds 
Uncalled bet ($0.43) returned to Mahu2021
Mahu2021 collected $0.43 from pot
Mahu2021: doesn't show hand 
*** SUMMARY ***
Total pot $0.45 | Rake $0.02 
Board [5s 8c 7s 6h]
Seat 1: Perstenev (button) folded on the Turn
Seat 2: lioni26 (small blind) folded before Flop
Seat 3: Mahu2021 (big blind) collected ($0.43)
Seat 4: Glxtch folded before Flop (didn't bet)
Seat 5: Karaflas1 folded before Flop (didn't bet)
Seat 6: Reddington567 folded before Flop (didn't bet)



PokerStars Zoom Hand #255429054658:  Hold'em No Limit ($0.05/$0.10) - 2025/03/24 9:25:29 CET [2025/03/24 4:25:29 ET]
Table 'Aludra' 6-max Seat #1 is the button
Seat 1: jomorn ($12.26 in chips) 
Seat 2: nordrel ($11.05 in chips) 
Seat 3: JoeStack ($3.90 in chips) 
Seat 4: Mahu2021 ($10.48 in chips) 
Seat 5: Perstenev ($3.05 in chips) 
Seat 6: barbarien09 ($11.39 in chips) 
nordrel: posts small blind $0.05
JoeStack: posts big blind $0.10
*** HOLE CARDS ***
Dealt to Mahu2021 [Ks 6h]
Mahu2021: folds 
Perstenev: folds 
barbarien09: folds 
jomorn: folds 
nordrel: raises $0.21 to $0.31
JoeStack: calls $0.21
*** FLOP *** [5d 6c 8h]
nordrel: checks 
JoeStack: bets $0.40
nordrel: calls $0.40
*** TURN *** [5d 6c 8h] [Ad]
nordrel: checks 
JoeStack: bets $1.36
nordrel: folds 
Uncalled bet ($1.36) returned to JoeStack
JoeStack collected $1.36 from pot
JoeStack: doesn't show hand 
*** SUMMARY ***
Total pot $1.42 | Rake $0.06 
Board [5d 6c 8h Ad]
Seat 1: jomorn (button) folded before Flop (didn't bet)
Seat 2: nordrel (small blind) folded on the Turn
Seat 3: JoeStack (big blind) collected ($1.36)
Seat 4: Mahu2021 folded before Flop (didn't bet)
Seat 5: Perstenev folded before Flop (didn't bet)
Seat 6: barbarien09 folded before Flop (didn't bet)



PokerStars Zoom Hand #255429056679:  Hold'em No Limit ($0.05/$0.10) - 2025/03/24 9:25:59 CET [2025/03/24 4:25:59 ET]
Table 'Aludra' 6-max Seat #1 is the button
Seat 1: Mahu2021 ($10.66 in chips) 
Seat 2: lioni26 ($10 in chips) 
Seat 3: ShrimpMan999 ($7.78 in chips) 
Seat 4: superbrono ($5.52 in chips) 
Seat 5: Ritter00 ($5.42 in chips) 
Seat 6: bigman12321 ($25.93 in chips) 
lioni26: posts small blind $0.05
ShrimpMan999: posts big blind $0.10
*** HOLE CARDS ***
Dealt to Mahu2021 [9d 7c]
superbrono: folds 
Ritter00: raises $0.12 to $0.22
bigman12321: folds 
Mahu2021: folds 
lioni26: folds 
ShrimpMan999: calls $0.12
*** FLOP *** [8s 2c 8h]
ShrimpMan999: checks 
Ritter00: checks 
*** TURN *** [8s 2c 8h] [4h]
ShrimpMan999: checks 
Ritter00: checks 
*** RIVER *** [8s 2c 8h 4h] [Ts]
ShrimpMan999: checks 
Ritter00: checks 
*** SHOW DOWN ***
ShrimpMan999: shows [5h 4s] (two pair, Eights and Fours)
Ritter00: mucks hand 
ShrimpMan999 collected $0.47 from pot
*** SUMMARY ***
Total pot $0.49 | Rake $0.02 
Board [8s 2c 8h 4h Ts]
Seat 1: Mahu2021 (button) folded before Flop (didn't bet)
Seat 2: lioni26 (small blind) folded before Flop
Seat 3: ShrimpMan999 (big blind) showed [5h 4s] and won ($0.47) with two pair, Eights and Fours
Seat 4: superbrono folded before Flop (didn't bet)
Seat 5: Ritter00 mucked [Ad Qc]
Seat 6: bigman12321 folded before Flop (didn't bet)



PokerStars Zoom Hand #255429058799:  Hold'em No Limit ($0.05/$0.10) - 2025/03/24 9:26:32 CET [2025/03/24 4:26:32 ET]
Table 'Aludra' 6-max Seat #1 is the button
Seat 1: HARIT81 ($15.13 in chips) 
Seat 2: supermoriji ($11.48 in chips) 
Seat 3: Mahu2021 ($10.66 in chips) 
Seat 4: Perstenev ($2.70 in chips) 
Seat 5: Tintos134 ($14.74 in chips) 
Seat 6: ShrimpMan999 ($8.03 in chips) 
supermoriji: posts small blind $0.05
Mahu2021: posts big blind $0.10
*** HOLE CARDS ***
Dealt to Mahu2021 [Qh 4s]
Perstenev: folds 
Tintos134: folds 
ShrimpMan999: raises $0.10 to $0.20
HARIT81: folds 
supermoriji: folds 
Mahu2021: folds 
Uncalled bet ($0.10) returned to ShrimpMan999
ShrimpMan999 collected $0.25 from pot
ShrimpMan999: doesn't show hand 
*** SUMMARY ***
Total pot $0.25 | Rake $0 
Seat 1: HARIT81 (button) folded before Flop (didn't bet)
Seat 2: supermoriji (small blind) folded before Flop
Seat 3: Mahu2021 (big blind) folded before Flop
Seat 4: Perstenev folded before Flop (didn't bet)
Seat 5: Tintos134 folded before Flop (didn't bet)
Seat 6: ShrimpMan999 collected ($0.25)



PokerStars Zoom Hand #255429058538:  Hold'em No Limit ($0.05/$0.10) - 2025/03/24 9:26:28 CET [2025/03/24 4:26:28 ET]
Table 'Aludra' 6-max Seat #1 is the button
Seat 1: Perstenev ($5.26 in chips) 
Seat 2: Tintos134 ($14.79 in chips) 
Seat 3: Jrussy ($10.15 in chips) 
Seat 4: Mahu2021 ($10.66 in chips) 
Seat 5: ShrimpMan999 ($8.03 in chips) 
Seat 6: thekla76 ($7.06 in chips) 
Tintos134: posts small blind $0.05
Jrussy: posts big blind $0.10
*** HOLE CARDS ***
Dealt to Mahu2021 [4s 9h]
Mahu2021: folds 
ShrimpMan999: folds 
thekla76: raises $0.20 to $0.30
Perstenev: folds 
Tintos134: folds 
Jrussy: calls $0.20
*** FLOP *** [7h 2h 9c]
Jrussy: checks 
thekla76: bets $0.31
Jrussy: folds 
Uncalled bet ($0.31) returned to thekla76
thekla76 collected $0.61 from pot
thekla76: doesn't show hand 
*** SUMMARY ***
Total pot $0.65 | Rake $0.04 
Board [7h 2h 9c]
Seat 1: Perstenev (button) folded before Flop (didn't bet)
Seat 2: Tintos134 (small blind) folded before Flop
Seat 3: Jrussy (big blind) folded on the Flop
Seat 4: Mahu2021 folded before Flop (didn't bet)
Seat 5: ShrimpMan999 folded before Flop (didn't bet)
Seat 6: thekla76 collected ($0.61)



PokerStars Zoom Hand #255429057282:  Hold'em No Limit ($0.05/$0.10) - 2025/03/24 9:26:09 CET [2025/03/24 4:26:09 ET]
Table 'Aludra' 6-max Seat #1 is the button
Seat 1: SimoDa39 ($14.25 in chips) 
Seat 2: kufufu ($10.05 in chips) 
Seat 3: Perstenev ($2.85 in chips) 
Seat 4: lioni26 ($10 in chips) 
Seat 5: eodnrdld123 ($13.91 in chips) 
Seat 6: Mahu2021 ($10.66 in chips) 
kufufu: posts small blind $0.05
Perstenev: posts big blind $0.10
*** HOLE CARDS ***
Dealt to Mahu2021 [Qs 5h]
lioni26: raises $0.15 to $0.25
eodnrdld123: folds 
Mahu2021: folds 
SimoDa39: calls $0.25
kufufu: folds 
Perstenev: folds 
*** FLOP *** [7s 5c Jd]
lioni26: bets $0.20
SimoDa39: calls $0.20
*** TURN *** [7s 5c Jd] [Qd]
lioni26: bets $0.75
SimoDa39: raises $1.90 to $2.65
lioni26: calls $1.90
*** RIVER *** [7s 5c Jd Qd] [6d]
lioni26: bets $6.90 and is all-in
SimoDa39: folds 
Uncalled bet ($6.90) returned to lioni26
lioni26 collected $6.06 from pot
lioni26: doesn't show hand 
*** SUMMARY ***
Total pot $6.35 | Rake $0.29 
Board [7s 5c Jd Qd 6d]
Seat 1: SimoDa39 (button) folded on the River
Seat 2: kufufu (small blind) folded before Flop
Seat 3: Perstenev (big blind) folded before Flop
Seat 4: lioni26 collected ($6.06)
Seat 5: eodnrdld123 folded before Flop (didn't bet)
Seat 6: Mahu2021 folded before Flop (didn't bet)



PokerStars Zoom Hand #255429059477:  Hold'em No Limit ($0.05/$0.10) - 2025/03/24 9:26:42 CET [2025/03/24 4:26:42 ET]
Table 'Aludra' 6-max Seat #1 is the button
Seat 1: Jrussy ($9.85 in chips) 
Seat 2: Mahu2021 ($10.56 in chips) 
Seat 3: nDoelAidFme ($10 in chips) 
Seat 4: SimoDa39 ($13.84 in chips) 
Seat 5: ShrimpMan999 ($8.18 in chips) 
Seat 6: HARIT81 ($15.13 in chips) 
Mahu2021: posts small blind $0.05
nDoelAidFme: posts big blind $0.10
*** HOLE CARDS ***
Dealt to Mahu2021 [Qd 9s]
SimoDa39: folds 
ShrimpMan999: folds 
HARIT81: raises $0.20 to $0.30
Jrussy: folds 
Mahu2021: folds 
nDoelAidFme: folds 
Uncalled bet ($0.20) returned to HARIT81
HARIT81 collected $0.25 from pot
HARIT81: doesn't show hand 
*** SUMMARY ***
Total pot $0.25 | Rake $0 
Seat 1: Jrussy (button) folded before Flop (didn't bet)
Seat 2: Mahu2021 (small blind) folded before Flop
Seat 3: nDoelAidFme (big blind) folded before Flop
Seat 4: SimoDa39 folded before Flop (didn't bet)
Seat 5: ShrimpMan999 folded before Flop (didn't bet)
Seat 6: HARIT81 collected ($0.25)



PokerStars Zoom Hand #255429059901:  Hold'em No Limit ($0.05/$0.10) - 2025/03/24 9:26:49 CET [2025/03/24 4:26:49 ET]
Table 'Aludra' 6-max Seat #1 is the button
Seat 1: luvingkind ($10.43 in chips) 
Seat 2: kufufu ($10 in chips) 
Seat 3: Reddington567 ($14.79 in chips) 
Seat 4: supermoriji ($10.23 in chips) 
Seat 5: Mahu2021 ($10.51 in chips) 
Seat 6: lioni26 ($12.96 in chips) 
kufufu: posts small blind $0.05
Reddington567: posts big blind $0.10
*** HOLE CARDS ***
Dealt to Mahu2021 [4d 9h]
supermoriji: raises $0.15 to $0.25
Mahu2021: folds 
lioni26: raises $0.50 to $0.75
luvingkind: folds 
kufufu: folds 
Reddington567: folds 
supermoriji: raises $9.48 to $10.23 and is all-in
lioni26: folds 
Uncalled bet ($9.48) returned to supermoriji
supermoriji collected $1.65 from pot
supermoriji: doesn't show hand 
*** SUMMARY ***
Total pot $1.65 | Rake $0 
Seat 1: luvingkind (button) folded before Flop (didn't bet)
Seat 2: kufufu (small blind) folded before Flop
Seat 3: Reddington567 (big blind) folded before Flop
Seat 4: supermoriji collected ($1.65)
Seat 5: Mahu2021 folded before Flop (didn't bet)
Seat 6: lioni26 folded before Flop



PokerStars Zoom Hand #255429060207:  Hold'em No Limit ($0.05/$0.10) - 2025/03/24 9:26:54 CET [2025/03/24 4:26:54 ET]
Table 'Aludra' 6-max Seat #1 is the button
Seat 1: Mahu2021 ($10.51 in chips) 
Seat 2: jomorn ($10.74 in chips) 
Seat 3: nordrel ($10.49 in chips) 
Seat 4: Karaflas1 ($10.10 in chips) 
Seat 5: kufufu ($10 in chips) 
Seat 6: JPinkman87 ($6.83 in chips) 
jomorn: posts small blind $0.05
nordrel: posts big blind $0.10
*** HOLE CARDS ***
Dealt to Mahu2021 [Td Jd]
Karaflas1: folds 
kufufu: folds 
JPinkman87: folds 
Mahu2021: raises $0.20 to $0.30
jomorn: folds 
nordrel: calls $0.20
*** FLOP *** [5h Jh 9d]
nordrel: checks 
Mahu2021: bets $0.30
nordrel: folds 
Uncalled bet ($0.30) returned to Mahu2021
Mahu2021 collected $0.62 from pot
Mahu2021: doesn't show hand 
*** SUMMARY ***
Total pot $0.65 | Rake $0.03 
Board [5h Jh 9d]
Seat 1: Mahu2021 (button) collected ($0.62)
Seat 2: jomorn (small blind) folded before Flop
Seat 3: nordrel (big blind) folded on the Flop
Seat 4: Karaflas1 folded before Flop (didn't bet)
Seat 5: kufufu folded before Flop (didn't bet)
Seat 6: JPinkman87 folded before Flop (didn't bet)



PokerStars Zoom Hand #255429061803:  Hold'em No Limit ($0.05/$0.10) - 2025/03/24 9:27:18 CET [2025/03/24 4:27:18 ET]
Table 'Aludra' 6-max Seat #1 is the button
Seat 1: lioni26 ($12.41 in chips) 
Seat 2: luvingkind ($10.43 in chips) 
Seat 3: supermoriji ($11.28 in chips) 
Seat 4: kufufu ($10 in chips) 
Seat 5: barbarien09 ($11.21 in chips) 
Seat 6: Mahu2021 ($10.83 in chips) 
luvingkind: posts small blind $0.05
supermoriji: posts big blind $0.10
*** HOLE CARDS ***
Dealt to Mahu2021 [Qh 7c]
kufufu: folds 
barbarien09: folds 
Mahu2021: folds 
lioni26: folds 
luvingkind: folds 
Uncalled bet ($0.05) returned to supermoriji
supermoriji collected $0.10 from pot
supermoriji: doesn't show hand 
*** SUMMARY ***
Total pot $0.10 | Rake $0 
Seat 1: lioni26 (button) folded before Flop (didn't bet)
Seat 2: luvingkind (small blind) folded before Flop
Seat 3: supermoriji (big blind) collected ($0.10)
Seat 4: kufufu folded before Flop (didn't bet)
Seat 5: barbarien09 folded before Flop (didn't bet)
Seat 6: Mahu2021 folded before Flop (didn't bet)



PokerStars Zoom Hand #255429059718:  Hold'em No Limit ($0.05/$0.10) - 2025/03/24 9:26:46 CET [2025/03/24 4:26:46 ET]
Table 'Aludra' 6-max Seat #1 is the button
Seat 1: jomorn ($10.74 in chips) 
Seat 2: JPinkman87 ($6.88 in chips) 
Seat 3: A_Rommel ($41.46 in chips) 
Seat 4: ShrimpMan999 ($8.18 in chips) 
Seat 5: Mahu2021 ($10.51 in chips) 
Seat 6: Glxtch ($8.80 in chips) 
JPinkman87: posts small blind $0.05
A_Rommel: posts big blind $0.10
*** HOLE CARDS ***
Dealt to Mahu2021 [5d 2c]
ShrimpMan999: raises $0.10 to $0.20
Mahu2021: folds 
Glxtch: raises $0.10 to $0.30
jomorn: folds 
JPinkman87: folds 
A_Rommel: folds 
ShrimpMan999: calls $0.10
*** FLOP *** [Ac 2d 4d]
ShrimpMan999: checks 
Glxtch: bets $0.50
ShrimpMan999: raises $0.50 to $1
Glxtch: raises $0.50 to $1.50
ShrimpMan999: calls $0.50
*** TURN *** [Ac 2d 4d] [Jd]
ShrimpMan999: checks 
Glxtch: bets $2
ShrimpMan999: raises $4.38 to $6.38 and is all-in
Glxtch: calls $4.38
*** RIVER *** [Ac 2d 4d Jd] [7h]
*** SHOW DOWN ***
ShrimpMan999: shows [Qd 3d] (a flush, Queen high)
Glxtch: shows [8s 8h] (a pair of Eights)
ShrimpMan999 collected $15.77 from pot
*** SUMMARY ***
Total pot $16.51 | Rake $0.74 
Board [Ac 2d 4d Jd 7h]
Seat 1: jomorn (button) folded before Flop (didn't bet)
Seat 2: JPinkman87 (small blind) folded before Flop
Seat 3: A_Rommel (big blind) folded before Flop
Seat 4: ShrimpMan999 showed [Qd 3d] and won ($15.77) with a flush, Queen high
Seat 5: Mahu2021 folded before Flop (didn't bet)
Seat 6: Glxtch showed [8s 8h] and lost with a pair of Eights



PokerStars Zoom Hand #255429062042:  Hold'em No Limit ($0.05/$0.10) - 2025/03/24 9:27:22 CET [2025/03/24 4:27:22 ET]
Table 'Aludra' 6-max Seat #1 is the button
Seat 1: eodnrdld123 ($13.91 in chips) 
Seat 2: lioni26 ($12.41 in chips) 
Seat 3: kufufu ($10 in chips) 
Seat 4: Mahu2021 ($10.83 in chips) 
Seat 5: Lenny296 ($3.78 in chips) 
Seat 6: luckyagainn ($10.87 in chips) 
lioni26: posts small blind $0.05
kufufu: posts big blind $0.10
*** HOLE CARDS ***
Dealt to Mahu2021 [Kc 9s]
Mahu2021: raises $0.14 to $0.24
Lenny296: folds 
luckyagainn: folds 
eodnrdld123: folds 
lioni26: folds 
kufufu: folds 
Uncalled bet ($0.14) returned to Mahu2021
Mahu2021 collected $0.25 from pot
Mahu2021: doesn't show hand 
*** SUMMARY ***
Total pot $0.25 | Rake $0 
Seat 1: eodnrdld123 (button) folded before Flop (didn't bet)
Seat 2: lioni26 (small blind) folded before Flop
Seat 3: kufufu (big blind) folded before Flop
Seat 4: Mahu2021 collected ($0.25)
Seat 5: Lenny296 folded before Flop (didn't bet)
Seat 6: luckyagainn folded before Flop (didn't bet)



PokerStars Zoom Hand #255429062791:  Hold'em No Limit ($0.05/$0.10) - 2025/03/24 9:27:33 CET [2025/03/24 4:27:33 ET]
Table 'Aludra' 6-max Seat #1 is the button
Seat 1: kufufu ($10 in chips) 
Seat 2: Tintos134 ($14.79 in chips) 
Seat 3: lioni26 ($12.36 in chips) 
Seat 4: Mahu2021 ($10.98 in chips) 
Seat 5: Perstenev ($4.78 in chips) 
Seat 6: Lenny296 ($3.78 in chips) 
Tintos134: posts small blind $0.05
lioni26: posts big blind $0.10
*** HOLE CARDS ***
Dealt to Mahu2021 [Th Kh]
Mahu2021: raises $0.14 to $0.24
Perstenev: calls $0.24
Lenny296: folds 
kufufu: folds 
Tintos134: calls $0.19
lioni26: folds 
*** FLOP *** [Qc 5h Jh]
Tintos134: checks 
Mahu2021: bets $0.78
Perstenev: folds 
Tintos134: calls $0.78
*** TURN *** [Qc 5h Jh] [6d]
Tintos134: checks 
Mahu2021: bets $2.27
Tintos134: raises $10.63 to $12.90
Mahu2021: folds 
Uncalled bet ($10.63) returned to Tintos134
Tintos134 collected $6.61 from pot
Tintos134: doesn't show hand 
*** SUMMARY ***
Total pot $6.92 | Rake $0.31 
Board [Qc 5h Jh 6d]
Seat 1: kufufu (button) folded before Flop (didn't bet)
Seat 2: Tintos134 (small blind) collected ($6.61)
Seat 3: lioni26 (big blind) folded before Flop
Seat 4: Mahu2021 folded on the Turn
Seat 5: Perstenev folded on the Flop
Seat 6: Lenny296 folded before Flop (didn't bet)



PokerStars Zoom Hand #255429067344:  Hold'em No Limit ($0.05/$0.10) - 2025/03/24 9:28:42 CET [2025/03/24 4:28:42 ET]
Table 'Aludra' 6-max Seat #1 is the button
Seat 1: Ritter00 ($2.17 in chips) 
Seat 2: Karaflas1 ($10.42 in chips) 
Seat 3: Mahu2021 ($7.69 in chips) 
Seat 4: SimoDa39 ($15.74 in chips) 
Seat 5: fish1991f ($10 in chips) 
Seat 6: Tintos134 ($18.11 in chips) 
Karaflas1: posts small blind $0.05
Mahu2021: posts big blind $0.10
*** HOLE CARDS ***
Dealt to Mahu2021 [Kc 6c]
SimoDa39: raises $0.12 to $0.22
fish1991f: folds 
Tintos134: folds 
Ritter00: folds 
Karaflas1: folds 
Mahu2021: calls $0.12
*** FLOP *** [8s 5h Jh]
Mahu2021: checks 
SimoDa39: checks 
*** TURN *** [8s 5h Jh] [9c]
Mahu2021: bets $0.30
SimoDa39: folds 
Uncalled bet ($0.30) returned to Mahu2021
Mahu2021 collected $0.47 from pot
Mahu2021: doesn't show hand 
*** SUMMARY ***
Total pot $0.49 | Rake $0.02 
Board [8s 5h Jh 9c]
Seat 1: Ritter00 (button) folded before Flop (didn't bet)
Seat 2: Karaflas1 (small blind) folded before Flop
Seat 3: Mahu2021 (big blind) collected ($0.47)
Seat 4: SimoDa39 folded on the Turn
Seat 5: fish1991f folded before Flop (didn't bet)
Seat 6: Tintos134 folded before Flop (didn't bet)



PokerStars Zoom Hand #255429069503:  Hold'em No Limit ($0.05/$0.10) - 2025/03/24 9:29:15 CET [2025/03/24 4:29:15 ET]
Table 'Aludra' 6-max Seat #1 is the button
Seat 1: Mahu2021 ($7.89 in chips) 
Seat 2: lioni26 ($11.96 in chips) 
Seat 3: rosekim ($10.23 in chips) 
Seat 4: Ritter00 ($2.12 in chips) 
Seat 5: Karaflas1 ($10.37 in chips) 
Seat 6: eodnrdld123 ($13.44 in chips) 
lioni26: posts small blind $0.05
rosekim: posts big blind $0.10
*** HOLE CARDS ***
Dealt to Mahu2021 [5s 4h]
Ritter00: folds 
Karaflas1: folds 
eodnrdld123: folds 
Mahu2021: folds 
lioni26: folds 
Uncalled bet ($0.05) returned to rosekim
rosekim collected $0.10 from pot
rosekim: doesn't show hand 
*** SUMMARY ***
Total pot $0.10 | Rake $0 
Seat 1: Mahu2021 (button) folded before Flop (didn't bet)
Seat 2: lioni26 (small blind) folded before Flop
Seat 3: rosekim (big blind) collected ($0.10)
Seat 4: Ritter00 folded before Flop (didn't bet)
Seat 5: Karaflas1 folded before Flop (didn't bet)
Seat 6: eodnrdld123 folded before Flop (didn't bet)



PokerStars Zoom Hand #255429069867:  Hold'em No Limit ($0.05/$0.10) - 2025/03/24 9:29:20 CET [2025/03/24 4:29:20 ET]
Table 'Aludra' 6-max Seat #1 is the button
Seat 1: kufufu ($10.86 in chips) 
Seat 2: eodnrdld123 ($13.44 in chips) 
Seat 3: krillexs ($13.99 in chips) 
Seat 4: luvingkind ($10.28 in chips) 
Seat 5: iAmSon9I ($9.05 in chips) 
Seat 6: Mahu2021 ($7.89 in chips) 
eodnrdld123: posts small blind $0.05
krillexs: posts big blind $0.10
*** HOLE CARDS ***
Dealt to Mahu2021 [6d Th]
luvingkind: folds 
iAmSon9I is disconnected 
iAmSon9I has timed out while disconnected
iAmSon9I: folds 
Mahu2021: folds 
kufufu: folds 
eodnrdld123: folds 
Uncalled bet ($0.05) returned to krillexs
krillexs collected $0.10 from pot
krillexs: doesn't show hand 
*** SUMMARY ***
Total pot $0.10 | Rake $0 
Seat 1: kufufu (button) folded before Flop (didn't bet)
Seat 2: eodnrdld123 (small blind) folded before Flop
Seat 3: krillexs (big blind) collected ($0.10)
Seat 4: luvingkind folded before Flop (didn't bet)
Seat 5: iAmSon9I folded before Flop (didn't bet)
Seat 6: Mahu2021 folded before Flop (didn't bet)



PokerStars Zoom Hand #255429070657:  Hold'em No Limit ($0.05/$0.10) - 2025/03/24 9:29:32 CET [2025/03/24 4:29:32 ET]
Table 'Aludra' 6-max Seat #1 is the button
Seat 1: jomorn ($10 in chips) 
Seat 2: fish1991f ($10.15 in chips) 
Seat 3: Mahu2021 ($7.89 in chips) 
Seat 4: thekla76 ($7.94 in chips) 
Seat 5: Lenny296 ($2.98 in chips) 
Seat 6: luvingkind ($11.73 in chips) 
fish1991f: posts small blind $0.05
Mahu2021: posts big blind $0.10
*** HOLE CARDS ***
Dealt to Mahu2021 [9s Ks]
thekla76: folds 
Lenny296: folds 
luvingkind: folds 
jomorn: folds 
fish1991f: folds 
Uncalled bet ($0.05) returned to Mahu2021
Mahu2021 collected $0.10 from pot
Mahu2021: doesn't show hand 
*** SUMMARY ***
Total pot $0.10 | Rake $0 
Seat 1: jomorn (button) folded before Flop (didn't bet)
Seat 2: fish1991f (small blind) folded before Flop
Seat 3: Mahu2021 (big blind) collected ($0.10)
Seat 4: thekla76 folded before Flop (didn't bet)
Seat 5: Lenny296 folded before Flop (didn't bet)
Seat 6: luvingkind folded before Flop (didn't bet)



PokerStars Zoom Hand #255429070343:  Hold'em No Limit ($0.05/$0.10) - 2025/03/24 9:29:27 CET [2025/03/24 4:29:27 ET]
Table 'Aludra' 6-max Seat #1 is the button
Seat 1: Reddington567 ($18.55 in chips) 
Seat 2: jomorn ($10.05 in chips) 
Seat 3: barbarien09 ($13.87 in chips) 
Seat 4: Mahu2021 ($7.89 in chips) 
Seat 5: dragonJ250 ($9.89 in chips) 
Seat 6: kufufu ($11.55 in chips) 
jomorn: posts small blind $0.05
barbarien09: posts big blind $0.10
*** HOLE CARDS ***
Dealt to Mahu2021 [5d Td]
Mahu2021: folds 
dragonJ250: folds 
kufufu: raises $0.15 to $0.25
Reddington567: raises $0.55 to $0.80
jomorn: folds 
barbarien09: calls $0.70
kufufu: raises $10.75 to $11.55 and is all-in
Reddington567: folds 
barbarien09: folds 
Uncalled bet ($10.75) returned to kufufu
kufufu collected $2.45 from pot
kufufu: doesn't show hand 
*** SUMMARY ***
Total pot $2.45 | Rake $0 
Seat 1: Reddington567 (button) folded before Flop
Seat 2: jomorn (small blind) folded before Flop
Seat 3: barbarien09 (big blind) folded before Flop
Seat 4: Mahu2021 folded before Flop (didn't bet)
Seat 5: dragonJ250 folded before Flop (didn't bet)
Seat 6: kufufu collected ($2.45)



PokerStars Zoom Hand #255429071344:  Hold'em No Limit ($0.05/$0.10) - 2025/03/24 9:29:42 CET [2025/03/24 4:29:42 ET]
Table 'Aludra' 6-max Seat #1 is the button
Seat 1: Ritter00 ($2.12 in chips) 
Seat 2: Mahu2021 ($7.94 in chips) 
Seat 3: bigman12321 ($27.90 in chips) 
Seat 4: rosekim ($10.23 in chips) 
Seat 5: eodnrdld123 ($13.29 in chips) 
Seat 6: thekla76 ($7.94 in chips) 
Mahu2021: posts small blind $0.05
bigman12321: posts big blind $0.10
*** HOLE CARDS ***
Dealt to Mahu2021 [6h Ah]
rosekim: folds 
eodnrdld123: folds 
thekla76: folds 
Ritter00: folds 
Mahu2021: raises $0.20 to $0.30
bigman12321: folds 
Uncalled bet ($0.20) returned to Mahu2021
Mahu2021 collected $0.20 from pot
Mahu2021: doesn't show hand 
*** SUMMARY ***
Total pot $0.20 | Rake $0 
Seat 1: Ritter00 (button) folded before Flop (didn't bet)
Seat 2: Mahu2021 (small blind) collected ($0.20)
Seat 3: bigman12321 (big blind) folded before Flop
Seat 4: rosekim folded before Flop (didn't bet)
Seat 5: eodnrdld123 folded before Flop (didn't bet)
Seat 6: thekla76 folded before Flop (didn't bet)



PokerStars Zoom Hand #255429070121:  Hold'em No Limit ($0.05/$0.10) - 2025/03/24 9:29:24 CET [2025/03/24 4:29:24 ET]
Table 'Aludra' 6-max Seat #1 is the button
Seat 1: bearparkno1 ($5.36 in chips) 
Seat 2: 2Orion ($9.90 in chips) 
Seat 3: bjobo77 ($14.99 in chips) 
Seat 4: jomorn ($10.05 in chips) 
Seat 5: Mahu2021 ($7.89 in chips) 
Seat 6: Jerman93 ($10.05 in chips) 
2Orion: posts small blind $0.05
bjobo77: posts big blind $0.10
*** HOLE CARDS ***
Dealt to Mahu2021 [Jh 3d]
jomorn: folds 
Mahu2021: folds 
Jerman93: raises $0.13 to $0.23
bearparkno1: folds 
2Orion: folds 
bjobo77: calls $0.13
*** FLOP *** [Js 8s 4c]
bjobo77: checks 
Jerman93: bets $0.12
bjobo77: calls $0.12
*** TURN *** [Js 8s 4c] [9s]
bjobo77: checks 
Jerman93: checks 
*** RIVER *** [Js 8s 4c 9s] [5d]
bjobo77: checks 
Jerman93: bets $0.36
bjobo77: folds 
Uncalled bet ($0.36) returned to Jerman93
Jerman93 collected $0.72 from pot
Jerman93: doesn't show hand 
*** SUMMARY ***
Total pot $0.75 | Rake $0.03 
Board [Js 8s 4c 9s 5d]
Seat 1: bearparkno1 (button) folded before Flop (didn't bet)
Seat 2: 2Orion (small blind) folded before Flop
Seat 3: bjobo77 (big blind) folded on the River
Seat 4: jomorn folded before Flop (didn't bet)
Seat 5: Mahu2021 folded before Flop (didn't bet)
Seat 6: Jerman93 collected ($0.72)



PokerStars Zoom Hand #255429069256:  Hold'em No Limit ($0.05/$0.10) - 2025/03/24 9:29:11 CET [2025/03/24 4:29:11 ET]
Table 'Aludra' 6-max Seat #1 is the button
Seat 1: A_Rommel ($42.01 in chips) 
Seat 2: Mahu2021 ($7.94 in chips) 
Seat 3: JPinkman87 ($6.63 in chips) 
Seat 4: Reddington567 ($13.86 in chips) 
Seat 5: rosekim ($10.23 in chips) 
Seat 6: luvingkind ($11.78 in chips) 
Mahu2021: posts small blind $0.05
JPinkman87: posts big blind $0.10
*** HOLE CARDS ***
Dealt to Mahu2021 [4s Kd]
Reddington567: raises $0.14 to $0.24
rosekim: folds 
luvingkind: folds 
A_Rommel: raises $0.83 to $1.07
Mahu2021: folds 
JPinkman87: folds 
Reddington567: calls $0.83
*** FLOP *** [Qd 6c 3c]
Reddington567: checks 
A_Rommel: bets $0.66
Reddington567: calls $0.66
*** TURN *** [Qd 6c 3c] [5c]
Reddington567: checks 
A_Rommel: bets $1.73
Reddington567: folds 
Uncalled bet ($1.73) returned to A_Rommel
A_Rommel collected $3.45 from pot
A_Rommel: doesn't show hand 
*** SUMMARY ***
Total pot $3.61 | Rake $0.16 
Board [Qd 6c 3c 5c]
Seat 1: A_Rommel (button) collected ($3.45)
Seat 2: Mahu2021 (small blind) folded before Flop
Seat 3: JPinkman87 (big blind) folded before Flop
Seat 4: Reddington567 folded on the Turn
Seat 5: rosekim folded before Flop (didn't bet)
Seat 6: luvingkind folded before Flop (didn't bet)



PokerStars Zoom Hand #255429072288:  Hold'em No Limit ($0.05/$0.10) - 2025/03/24 9:29:56 CET [2025/03/24 4:29:56 ET]
Table 'Aludra' 6-max Seat #1 is the button
Seat 1: barbarien09 ($13.07 in chips) 
Seat 2: krillexs ($14.19 in chips) 
Seat 3: eodnrdld123 ($17.74 in chips) 
Seat 4: luckyagainn ($11.58 in chips) 
Seat 5: jomorn ($10 in chips) 
Seat 6: Mahu2021 ($8.04 in chips) 
krillexs: posts small blind $0.05
eodnrdld123: posts big blind $0.10
*** HOLE CARDS ***
Dealt to Mahu2021 [3h As]
luckyagainn: raises $0.10 to $0.20
jomorn: folds 
Mahu2021: folds 
barbarien09: calls $0.20
krillexs: folds 
eodnrdld123: folds 
*** FLOP *** [8h 8d Qh]
luckyagainn: bets $0.27
barbarien09: folds 
Uncalled bet ($0.27) returned to luckyagainn
luckyagainn collected $0.53 from pot
luckyagainn: doesn't show hand 
*** SUMMARY ***
Total pot $0.55 | Rake $0.02 
Board [8h 8d Qh]
Seat 1: barbarien09 (button) folded on the Flop
Seat 2: krillexs (small blind) folded before Flop
Seat 3: eodnrdld123 (big blind) folded before Flop
Seat 4: luckyagainn collected ($0.53)
Seat 5: jomorn folded before Flop (didn't bet)
Seat 6: Mahu2021 folded before Flop (didn't bet)



PokerStars Zoom Hand #255429073845:  Hold'em No Limit ($0.05/$0.10) - 2025/03/24 9:30:19 CET [2025/03/24 4:30:19 ET]
Table 'Aludra' 6-max Seat #1 is the button
Seat 1: luvingkind ($10.03 in chips) 
Seat 2: Reddington567 ($17.65 in chips) 
Seat 3: bigman12321 ($27.80 in chips) 
Seat 4: jomorn ($10 in chips) 
Seat 5: Mahu2021 ($7.74 in chips) 
Seat 6: eodnrdld123 ($13.61 in chips) 
Reddington567: posts small blind $0.05
bigman12321: posts big blind $0.10
*** HOLE CARDS ***
Dealt to Mahu2021 [2d Kc]
jomorn: folds 
Mahu2021: folds 
eodnrdld123: folds 
luvingkind: raises $0.15 to $0.25
Reddington567: folds 
bigman12321: folds 
Uncalled bet ($0.15) returned to luvingkind
luvingkind collected $0.25 from pot
luvingkind: doesn't show hand 
*** SUMMARY ***
Total pot $0.25 | Rake $0 
Seat 1: luvingkind (button) collected ($0.25)
Seat 2: Reddington567 (small blind) folded before Flop
Seat 3: bigman12321 (big blind) folded before Flop
Seat 4: jomorn folded before Flop (didn't bet)
Seat 5: Mahu2021 folded before Flop (didn't bet)
Seat 6: eodnrdld123 folded before Flop (didn't bet)



PokerStars Zoom Hand #255429074044:  Hold'em No Limit ($0.05/$0.10) - 2025/03/24 9:30:22 CET [2025/03/24 4:30:22 ET]
Table 'Aludra' 6-max Seat #1 is the button
Seat 1: fish1991f ($10.33 in chips) 
Seat 2: ShrimpMan999 ($4.53 in chips) 
Seat 3: bearparkno1 ($4.96 in chips) 
Seat 4: Mahu2021 ($7.74 in chips) 
Seat 5: bjobo77 ($14.59 in chips) 
Seat 6: A_Rommel ($43.73 in chips) 
ShrimpMan999: posts small blind $0.05
bearparkno1: posts big blind $0.10
*** HOLE CARDS ***
Dealt to Mahu2021 [7h 3s]
Mahu2021: folds 
bjobo77: folds 
A_Rommel: folds 
fish1991f: folds 
ShrimpMan999: raises $0.20 to $0.30
bearparkno1: folds 
Uncalled bet ($0.20) returned to ShrimpMan999
ShrimpMan999 collected $0.20 from pot
ShrimpMan999: doesn't show hand 
*** SUMMARY ***
Total pot $0.20 | Rake $0 
Seat 1: fish1991f (button) folded before Flop (didn't bet)
Seat 2: ShrimpMan999 (small blind) collected ($0.20)
Seat 3: bearparkno1 (big blind) folded before Flop
Seat 4: Mahu2021 folded before Flop (didn't bet)
Seat 5: bjobo77 folded before Flop (didn't bet)
Seat 6: A_Rommel folded before Flop (didn't bet)



PokerStars Zoom Hand #255429074261:  Hold'em No Limit ($0.05/$0.10) - 2025/03/24 9:30:25 CET [2025/03/24 4:30:25 ET]
Table 'Aludra' 6-max Seat #1 is the button
Seat 1: dragonJ250 ($10.03 in chips) 
Seat 2: fish1991f ($10.33 in chips) 
Seat 3: Mahu2021 ($7.74 in chips) 
Seat 4: luvingkind ($11.58 in chips) 
Seat 5: JoeStack ($4.22 in chips) 
Seat 6: nDoelAidFme ($8.68 in chips) 
fish1991f: posts small blind $0.05
Mahu2021: posts big blind $0.10
*** HOLE CARDS ***
Dealt to Mahu2021 [Ts 5s]
luvingkind: folds 
JoeStack: folds 
nDoelAidFme: raises $0.14 to $0.24
dragonJ250: folds 
fish1991f: folds 
Mahu2021: calls $0.14
*** FLOP *** [Td Js 3c]
Mahu2021: bets $0.30
nDoelAidFme: folds 
Uncalled bet ($0.30) returned to Mahu2021
Mahu2021 collected $0.51 from pot
Mahu2021: doesn't show hand 
*** SUMMARY ***
Total pot $0.53 | Rake $0.02 
Board [Td Js 3c]
Seat 1: dragonJ250 (button) folded before Flop (didn't bet)
Seat 2: fish1991f (small blind) folded before Flop
Seat 3: Mahu2021 (big blind) collected ($0.51)
Seat 4: luvingkind folded before Flop (didn't bet)
Seat 5: JoeStack folded before Flop (didn't bet)
Seat 6: nDoelAidFme folded on the Flop



PokerStars Zoom Hand #255429072691:  Hold'em No Limit ($0.05/$0.10) - 2025/03/24 9:30:02 CET [2025/03/24 4:30:02 ET]
Table 'Aludra' 6-max Seat #1 is the button
Seat 1: Mahu2021 ($8.04 in chips) 
Seat 2: SimoDa39 ($16.67 in chips) 
Seat 3: jomorn ($10 in chips) 
Seat 4: Karaflas1 ($10.37 in chips) 
Seat 5: eodnrdld123 ($13.29 in chips) 
Seat 6: hiding.by ($10 in chips) 
SimoDa39: posts small blind $0.05
jomorn: posts big blind $0.10
*** HOLE CARDS ***
Dealt to Mahu2021 [Qs 8s]
Karaflas1: folds 
eodnrdld123: folds 
hiding.by: raises $0.20 to $0.30
Mahu2021: calls $0.30
SimoDa39: raises $1.20 to $1.50
jomorn: folds 
hiding.by: calls $1.20
Mahu2021: folds 
*** FLOP *** [Kd 6d Kh]
SimoDa39: bets $0.87
hiding.by: calls $0.87
*** TURN *** [Kd 6d Kh] [8d]
SimoDa39: bets $1.62
hiding.by: folds 
Uncalled bet ($1.62) returned to SimoDa39
SimoDa39 collected $4.91 from pot
SimoDa39: doesn't show hand 
*** SUMMARY ***
Total pot $5.14 | Rake $0.23 
Board [Kd 6d Kh 8d]
Seat 1: Mahu2021 (button) folded before Flop
Seat 2: SimoDa39 (small blind) collected ($4.91)
Seat 3: jomorn (big blind) folded before Flop
Seat 4: Karaflas1 folded before Flop (didn't bet)
Seat 5: eodnrdld123 folded before Flop (didn't bet)
Seat 6: hiding.by folded on the Turn



PokerStars Zoom Hand #255429075345:  Hold'em No Limit ($0.05/$0.10) - 2025/03/24 9:30:41 CET [2025/03/24 4:30:41 ET]
Table 'Aludra' 6-max Seat #1 is the button
Seat 1: Karaflas1 ($10.27 in chips) 
Seat 2: Mahu2021 ($8.01 in chips) 
Seat 3: luvingkind ($11.58 in chips) 
Seat 4: nDoelAidFme ($10.36 in chips) 
Seat 5: krillexs ($14.50 in chips) 
Seat 6: jomorn ($10 in chips) 
Mahu2021: posts small blind $0.05
luvingkind: posts big blind $0.10
*** HOLE CARDS ***
Dealt to Mahu2021 [Qs Js]
nDoelAidFme: folds 
krillexs: folds 
jomorn: raises $0.15 to $0.25
Karaflas1: folds 
Mahu2021: calls $0.20
luvingkind: folds 
*** FLOP *** [7c Kd Ah]
Mahu2021: checks 
jomorn: bets $0.17
Mahu2021: calls $0.17
*** TURN *** [7c Kd Ah] [7d]
Mahu2021: checks 
jomorn: bets $0.64
Mahu2021: folds 
Uncalled bet ($0.64) returned to jomorn
jomorn collected $0.90 from pot
jomorn: doesn't show hand 
*** SUMMARY ***
Total pot $0.94 | Rake $0.04 
Board [7c Kd Ah 7d]
Seat 1: Karaflas1 (button) folded before Flop (didn't bet)
Seat 2: Mahu2021 (small blind) folded on the Turn
Seat 3: luvingkind (big blind) folded before Flop
Seat 4: nDoelAidFme folded before Flop (didn't bet)
Seat 5: krillexs folded before Flop (didn't bet)
Seat 6: jomorn collected ($0.90)



PokerStars Zoom Hand #255429078489:  Hold'em No Limit ($0.05/$0.10) - 2025/03/24 9:31:27 CET [2025/03/24 4:31:27 ET]
Table 'Aludra' 6-max Seat #1 is the button
Seat 1: luckyagainn ($11.20 in chips) 
Seat 2: luvingkind ($11.33 in chips) 
Seat 3: Reddington567 ($12.13 in chips) 
Seat 4: Mahu2021 ($7.59 in chips) 
Seat 5: Born2Hustler ($10.50 in chips) 
Seat 6: Gimme63 ($10.78 in chips) 
luvingkind: posts small blind $0.05
Reddington567: posts big blind $0.10
*** HOLE CARDS ***
Dealt to Mahu2021 [8c Ac]
Mahu2021: raises $0.14 to $0.24
Born2Hustler: folds 
Gimme63: folds 
luckyagainn: folds 
luvingkind: folds 
Reddington567: folds 
Uncalled bet ($0.14) returned to Mahu2021
Mahu2021 collected $0.25 from pot
Mahu2021: doesn't show hand 
*** SUMMARY ***
Total pot $0.25 | Rake $0 
Seat 1: luckyagainn (button) folded before Flop (didn't bet)
Seat 2: luvingkind (small blind) folded before Flop
Seat 3: Reddington567 (big blind) folded before Flop
Seat 4: Mahu2021 collected ($0.25)
Seat 5: Born2Hustler folded before Flop (didn't bet)
Seat 6: Gimme63 folded before Flop (didn't bet)



PokerStars Zoom Hand #255429077685:  Hold'em No Limit ($0.05/$0.10) - 2025/03/24 9:31:15 CET [2025/03/24 4:31:15 ET]
Table 'Aludra' 6-max Seat #1 is the button
Seat 1: Mahu2021 ($7.59 in chips) 
Seat 2: jomorn ($10.92 in chips) 
Seat 3: rosekim ($9.92 in chips) 
Seat 4: hiding.by ($10 in chips) 
Seat 5: kufufu ($16.31 in chips) 
Seat 6: eodnrdld123 ($16.58 in chips) 
jomorn: posts small blind $0.05
rosekim: posts big blind $0.10
*** HOLE CARDS ***
Dealt to Mahu2021 [Kd 5h]
hiding.by: folds 
kufufu: folds 
eodnrdld123: raises $0.13 to $0.23
Mahu2021: folds 
jomorn: raises $0.97 to $1.20
rosekim: folds 
eodnrdld123: folds 
Uncalled bet ($0.97) returned to jomorn
jomorn collected $0.56 from pot
jomorn: doesn't show hand 
*** SUMMARY ***
Total pot $0.56 | Rake $0 
Seat 1: Mahu2021 (button) folded before Flop (didn't bet)
Seat 2: jomorn (small blind) collected ($0.56)
Seat 3: rosekim (big blind) folded before Flop
Seat 4: hiding.by folded before Flop (didn't bet)
Seat 5: kufufu folded before Flop (didn't bet)
Seat 6: eodnrdld123 folded before Flop



PokerStars Zoom Hand #255429079330:  Hold'em No Limit ($0.05/$0.10) - 2025/03/24 9:31:39 CET [2025/03/24 4:31:39 ET]
Table 'Aludra' 6-max Seat #1 is the button
Seat 1: kufufu ($11.72 in chips) 
Seat 2: ShrimpMan999 ($5.08 in chips) 
Seat 3: A_Rommel ($43.13 in chips) 
Seat 4: Karaflas1 ($12.03 in chips) 
Seat 5: Mahu2021 ($7.74 in chips) 
Seat 6: SimoDa39 ($16.05 in chips) 
ShrimpMan999: posts small blind $0.05
A_Rommel: posts big blind $0.10
*** HOLE CARDS ***
Dealt to Mahu2021 [8c Jc]
Karaflas1: folds 
Mahu2021: folds 
SimoDa39: folds 
kufufu: raises $0.15 to $0.25
ShrimpMan999: folds 
A_Rommel: folds 
Uncalled bet ($0.15) returned to kufufu
kufufu collected $0.25 from pot
kufufu: doesn't show hand 
*** SUMMARY ***
Total pot $0.25 | Rake $0 
Seat 1: kufufu (button) collected ($0.25)
Seat 2: ShrimpMan999 (small blind) folded before Flop
Seat 3: A_Rommel (big blind) folded before Flop
Seat 4: Karaflas1 folded before Flop (didn't bet)
Seat 5: Mahu2021 folded before Flop (didn't bet)
Seat 6: SimoDa39 folded before Flop (didn't bet)



PokerStars Zoom Hand #255429079607:  Hold'em No Limit ($0.05/$0.10) - 2025/03/24 9:31:43 CET [2025/03/24 4:31:43 ET]
Table 'Aludra' 6-max Seat #1 is the button
Seat 1: rosekim ($9.77 in chips) 
Seat 2: Born2Hustler ($10 in chips) 
Seat 3: Mahu2021 ($7.74 in chips) 
Seat 4: HARIT81 ($15.32 in chips) 
Seat 5: ShrimpMan999 ($5.03 in chips) 
Seat 6: luckyagainn ($11.09 in chips) 
Born2Hustler: posts small blind $0.05
Mahu2021: posts big blind $0.10
*** HOLE CARDS ***
Dealt to Mahu2021 [7h Kc]
HARIT81: folds 
ShrimpMan999: folds 
luckyagainn: folds 
rosekim: raises $0.10 to $0.20
Born2Hustler: raises $0.70 to $0.90
Mahu2021: folds 
rosekim: folds 
Uncalled bet ($0.70) returned to Born2Hustler
Born2Hustler collected $0.50 from pot
Born2Hustler: doesn't show hand 
*** SUMMARY ***
Total pot $0.50 | Rake $0 
Seat 1: rosekim (button) folded before Flop
Seat 2: Born2Hustler (small blind) collected ($0.50)
Seat 3: Mahu2021 (big blind) folded before Flop
Seat 4: HARIT81 folded before Flop (didn't bet)
Seat 5: ShrimpMan999 folded before Flop (didn't bet)
Seat 6: luckyagainn folded before Flop (didn't bet)



PokerStars Zoom Hand #255429080489:  Hold'em No Limit ($0.05/$0.10) - 2025/03/24 9:31:55 CET [2025/03/24 4:31:55 ET]
Table 'Aludra' 6-max Seat #1 is the button
Seat 1: SimoDa39 ($16 in chips) 
Seat 2: Mahu2021 ($7.64 in chips) 
Seat 3: fish1991f ($10.08 in chips) 
Seat 4: thekla76 ($8.79 in chips) 
Seat 5: luckyagainn ($11.05 in chips) 
Seat 6: luvingkind ($10.29 in chips) 
Mahu2021: posts small blind $0.05
fish1991f: posts big blind $0.10
*** HOLE CARDS ***
Dealt to Mahu2021 [3c Qh]
thekla76: folds 
luckyagainn: raises $0.12 to $0.22
luvingkind: folds 
SimoDa39: folds 
Mahu2021: folds 
fish1991f: folds 
Uncalled bet ($0.12) returned to luckyagainn
luckyagainn collected $0.25 from pot
luckyagainn: doesn't show hand 
*** SUMMARY ***
Total pot $0.25 | Rake $0 
Seat 1: SimoDa39 (button) folded before Flop (didn't bet)
Seat 2: Mahu2021 (small blind) folded before Flop
Seat 3: fish1991f (big blind) folded before Flop
Seat 4: thekla76 folded before Flop (didn't bet)
Seat 5: luckyagainn collected ($0.25)
Seat 6: luvingkind folded before Flop (didn't bet)



PokerStars Zoom Hand #255429080969:  Hold'em No Limit ($0.05/$0.10) - 2025/03/24 9:32:02 CET [2025/03/24 4:32:02 ET]
Table 'Aludra' 6-max Seat #1 is the button
Seat 1: Mahu2021 ($7.59 in chips) 
Seat 2: kufufu ($11.77 in chips) 
Seat 3: nDoelAidFme ($9.37 in chips) 
Seat 4: rosekim ($9.97 in chips) 
Seat 5: SimoDa39 ($16 in chips) 
Seat 6: hiding.by ($10.05 in chips) 
kufufu: posts small blind $0.05
nDoelAidFme: posts big blind $0.10
*** HOLE CARDS ***
Dealt to Mahu2021 [7c 3c]
rosekim: folds 
SimoDa39: folds 
hiding.by: folds 
Mahu2021: folds 
kufufu: folds 
Uncalled bet ($0.05) returned to nDoelAidFme
nDoelAidFme collected $0.10 from pot
nDoelAidFme: doesn't show hand 
*** SUMMARY ***
Total pot $0.10 | Rake $0 
Seat 1: Mahu2021 (button) folded before Flop (didn't bet)
Seat 2: kufufu (small blind) folded before Flop
Seat 3: nDoelAidFme (big blind) collected ($0.10)
Seat 4: rosekim folded before Flop (didn't bet)
Seat 5: SimoDa39 folded before Flop (didn't bet)
Seat 6: hiding.by folded before Flop (didn't bet)



PokerStars Zoom Hand #255429078058:  Hold'em No Limit ($0.05/$0.10) - 2025/03/24 9:31:21 CET [2025/03/24 4:31:21 ET]
Table 'Aludra' 6-max Seat #1 is the button
Seat 1: lioni26 ($10.48 in chips) 
Seat 2: Gimme63 ($10.83 in chips) 
Seat 3: SimoDa39 ($19.36 in chips) 
Seat 4: Jrussy ($11.04 in chips) 
Seat 5: kufufu ($16.31 in chips) 
Seat 6: Mahu2021 ($7.59 in chips) 
Gimme63: posts small blind $0.05
SimoDa39: posts big blind $0.10
*** HOLE CARDS ***
Dealt to Mahu2021 [Ts 7s]
Jrussy: raises $0.10 to $0.20
kufufu: folds 
Mahu2021: folds 
lioni26: raises $0.40 to $0.60
Gimme63: folds 
SimoDa39: folds 
Jrussy: calls $0.40
*** FLOP *** [4c 9c As]
Jrussy: checks 
lioni26: bets $0.42
Jrussy: calls $0.42
*** TURN *** [4c 9c As] [8d]
Jrussy: checks 
lioni26: checks 
*** RIVER *** [4c 9c As 8d] [5s]
Jrussy: checks 
lioni26: bets $1.04
Jrussy: calls $1.04
*** SHOW DOWN ***
lioni26: shows [Qs Ac] (a pair of Aces)
Jrussy: mucks hand 
lioni26 collected $4.08 from pot
*** SUMMARY ***
Total pot $4.27 | Rake $0.19 
Board [4c 9c As 8d 5s]
Seat 1: lioni26 (button) showed [Qs Ac] and won ($4.08) with a pair of Aces
Seat 2: Gimme63 (small blind) folded before Flop
Seat 3: SimoDa39 (big blind) folded before Flop
Seat 4: Jrussy mucked [9h Kd]
Seat 5: kufufu folded before Flop (didn't bet)
Seat 6: Mahu2021 folded before Flop (didn't bet)



PokerStars Zoom Hand #255429081237:  Hold'em No Limit ($0.05/$0.10) - 2025/03/24 9:32:07 CET [2025/03/24 4:32:07 ET]
Table 'Aludra' 6-max Seat #1 is the button
Seat 1: Reddington567 ($12.28 in chips) 
Seat 2: rosekim ($9.97 in chips) 
Seat 3: JPinkman87 ($4.93 in chips) 
Seat 4: Born2Hustler ($10.15 in chips) 
Seat 5: Jerman93 ($10.02 in chips) 
Seat 6: Mahu2021 ($7.59 in chips) 
rosekim: posts small blind $0.05
JPinkman87: posts big blind $0.10
*** HOLE CARDS ***
Dealt to Mahu2021 [9s Qc]
Born2Hustler: folds 
Jerman93: folds 
Mahu2021: folds 
Reddington567: folds 
rosekim: raises $0.10 to $0.20
JPinkman87: folds 
Uncalled bet ($0.10) returned to rosekim
rosekim collected $0.20 from pot
rosekim: doesn't show hand 
*** SUMMARY ***
Total pot $0.20 | Rake $0 
Seat 1: Reddington567 (button) folded before Flop (didn't bet)
Seat 2: rosekim (small blind) collected ($0.20)
Seat 3: JPinkman87 (big blind) folded before Flop
Seat 4: Born2Hustler folded before Flop (didn't bet)
Seat 5: Jerman93 folded before Flop (didn't bet)
Seat 6: Mahu2021 folded before Flop (didn't bet)



PokerStars Zoom Hand #255429081455:  Hold'em No Limit ($0.05/$0.10) - 2025/03/24 9:32:10 CET [2025/03/24 4:32:10 ET]
Table 'Aludra' 6-max Seat #1 is the button
Seat 1: Jerman93 ($10.02 in chips) 
Seat 2: hiding.by ($10.05 in chips) 
Seat 3: Gimme63 ($10.15 in chips) 
Seat 4: SimoDa39 ($19.11 in chips) 
Seat 5: Mahu2021 ($7.59 in chips) 
Seat 6: Born2Hustler ($10.15 in chips) 
hiding.by: posts small blind $0.05
Gimme63: posts big blind $0.10
*** HOLE CARDS ***
Dealt to Mahu2021 [Ah 8d]
SimoDa39: folds 
Mahu2021: folds 
Born2Hustler: folds 
Jerman93: folds 
hiding.by: folds 
Uncalled bet ($0.05) returned to Gimme63
Gimme63 collected $0.10 from pot
Gimme63: doesn't show hand 
*** SUMMARY ***
Total pot $0.10 | Rake $0 
Seat 1: Jerman93 (button) folded before Flop (didn't bet)
Seat 2: hiding.by (small blind) folded before Flop
Seat 3: Gimme63 (big blind) collected ($0.10)
Seat 4: SimoDa39 folded before Flop (didn't bet)
Seat 5: Mahu2021 folded before Flop (didn't bet)
Seat 6: Born2Hustler folded before Flop (didn't bet)



PokerStars Zoom Hand #255429081993:  Hold'em No Limit ($0.05/$0.10) - 2025/03/24 9:32:18 CET [2025/03/24 4:32:18 ET]
Table 'Aludra' 6-max Seat #1 is the button
Seat 1: thekla76 ($8.64 in chips) 
Seat 2: nDoelAidFme ($10 in chips) 
Seat 3: liebhabär ($10 in chips) 
Seat 4: Born2Hustler ($10.15 in chips) 
Seat 5: luvingkind ($10.29 in chips) 
Seat 6: Mahu2021 ($7.59 in chips) 
nDoelAidFme: posts small blind $0.05
liebhabär: posts big blind $0.10
*** HOLE CARDS ***
Dealt to Mahu2021 [Ad 2h]
Born2Hustler: folds 
luvingkind: folds 
Mahu2021: folds 
thekla76: raises $0.20 to $0.30
nDoelAidFme: folds 
liebhabär: folds 
Uncalled bet ($0.20) returned to thekla76
thekla76 collected $0.25 from pot
thekla76: doesn't show hand 
*** SUMMARY ***
Total pot $0.25 | Rake $0 
Seat 1: thekla76 (button) collected ($0.25)
Seat 2: nDoelAidFme (small blind) folded before Flop
Seat 3: liebhabär (big blind) folded before Flop
Seat 4: Born2Hustler folded before Flop (didn't bet)
Seat 5: luvingkind folded before Flop (didn't bet)
Seat 6: Mahu2021 folded before Flop (didn't bet)



PokerStars Zoom Hand #255429082224:  Hold'em No Limit ($0.05/$0.10) - 2025/03/24 9:32:21 CET [2025/03/24 4:32:21 ET]
Table 'Aludra' 6-max Seat #1 is the button
Seat 1: Jrussy ($9.03 in chips) 
Seat 2: SimoDa39 ($19.11 in chips) 
Seat 3: Mahu2021 ($7.59 in chips) 
Seat 4: Born2Hustler ($10.35 in chips) 
Seat 5: Reddington567 ($18.10 in chips) 
Seat 6: JoeStack ($6.31 in chips) 
SimoDa39: posts small blind $0.05
Mahu2021: posts big blind $0.10
*** HOLE CARDS ***
Dealt to Mahu2021 [Kh 5d]
Born2Hustler: raises $0.12 to $0.22
Reddington567: folds 
JoeStack: folds 
Jrussy: folds 
SimoDa39: folds 
Mahu2021: folds 
Uncalled bet ($0.12) returned to Born2Hustler
Born2Hustler collected $0.25 from pot
Born2Hustler: doesn't show hand 
*** SUMMARY ***
Total pot $0.25 | Rake $0 
Seat 1: Jrussy (button) folded before Flop (didn't bet)
Seat 2: SimoDa39 (small blind) folded before Flop
Seat 3: Mahu2021 (big blind) folded before Flop
Seat 4: Born2Hustler collected ($0.25)
Seat 5: Reddington567 folded before Flop (didn't bet)
Seat 6: JoeStack folded before Flop (didn't bet)



PokerStars Zoom Hand #255429082770:  Hold'em No Limit ($0.05/$0.10) - 2025/03/24 9:32:28 CET [2025/03/24 4:32:28 ET]
Table 'Aludra' 6-max Seat #1 is the button
Seat 1: Karaflas1 ($11.31 in chips) 
Seat 2: Mahu2021 ($7.49 in chips) 
Seat 3: luvingkind ($10.29 in chips) 
Seat 4: JoeStack ($6.31 in chips) 
Seat 5: JPinkman87 ($4.78 in chips) 
Seat 6: Reddington567 ($18.10 in chips) 
Mahu2021: posts small blind $0.05
luvingkind: posts big blind $0.10
*** HOLE CARDS ***
Dealt to Mahu2021 [3h Js]
JoeStack: folds 
JPinkman87: folds 
Reddington567: folds 
Karaflas1: raises $0.15 to $0.25
Mahu2021: folds 
luvingkind: folds 
Uncalled bet ($0.15) returned to Karaflas1
Karaflas1 collected $0.25 from pot
Karaflas1: doesn't show hand 
*** SUMMARY ***
Total pot $0.25 | Rake $0 
Seat 1: Karaflas1 (button) collected ($0.25)
Seat 2: Mahu2021 (small blind) folded before Flop
Seat 3: luvingkind (big blind) folded before Flop
Seat 4: JoeStack folded before Flop (didn't bet)
Seat 5: JPinkman87 folded before Flop (didn't bet)
Seat 6: Reddington567 folded before Flop (didn't bet)



PokerStars Zoom Hand #255429083039:  Hold'em No Limit ($0.05/$0.10) - 2025/03/24 9:32:33 CET [2025/03/24 4:32:33 ET]
Table 'Aludra' 6-max Seat #1 is the button
Seat 1: Petersonmrad1 ($6.88 in chips) 
Seat 2: SimoDa39 ($16.05 in chips) 
Seat 3: JPinkman87 ($4.78 in chips) 
Seat 4: Mahu2021 ($7.44 in chips) 
Seat 5: bigman12321 ($27.83 in chips) 
Seat 6: ShrimpMan999 ($3.88 in chips) 
SimoDa39: posts small blind $0.05
JPinkman87: posts big blind $0.10
*** HOLE CARDS ***
Dealt to Mahu2021 [4d Ah]
Mahu2021: folds 
bigman12321: folds 
ShrimpMan999: folds 
Petersonmrad1: folds 
SimoDa39: folds 
Uncalled bet ($0.05) returned to JPinkman87
JPinkman87 collected $0.10 from pot
JPinkman87: doesn't show hand 
*** SUMMARY ***
Total pot $0.10 | Rake $0 
Seat 1: Petersonmrad1 (button) folded before Flop (didn't bet)
Seat 2: SimoDa39 (small blind) folded before Flop
Seat 3: JPinkman87 (big blind) collected ($0.10)
Seat 4: Mahu2021 folded before Flop (didn't bet)
Seat 5: bigman12321 folded before Flop (didn't bet)
Seat 6: ShrimpMan999 folded before Flop (didn't bet)



PokerStars Zoom Hand #255429083969:  Hold'em No Limit ($0.05/$0.10) - 2025/03/24 9:32:46 CET [2025/03/24 4:32:46 ET]
Table 'Aludra' 6-max Seat #1 is the button
Seat 1: fish1991f ($10.36 in chips) 
Seat 2: Reddington567 ($18 in chips) 
Seat 3: jomorn ($11.71 in chips) 
Seat 4: rosekim ($9.37 in chips) 
Seat 5: Mahu2021 ($7.44 in chips) 
Seat 6: bigman12321 ($27.83 in chips) 
Reddington567: posts small blind $0.05
jomorn: posts big blind $0.10
*** HOLE CARDS ***
Dealt to Mahu2021 [3h Jc]
rosekim: folds 
Mahu2021: folds 
bigman12321: folds 
fish1991f: folds 
Reddington567: folds 
Uncalled bet ($0.05) returned to jomorn
jomorn collected $0.10 from pot
jomorn: doesn't show hand 
*** SUMMARY ***
Total pot $0.10 | Rake $0 
Seat 1: fish1991f (button) folded before Flop (didn't bet)
Seat 2: Reddington567 (small blind) folded before Flop
Seat 3: jomorn (big blind) collected ($0.10)
Seat 4: rosekim folded before Flop (didn't bet)
Seat 5: Mahu2021 folded before Flop (didn't bet)
Seat 6: bigman12321 folded before Flop (didn't bet)



PokerStars Zoom Hand #255429083400:  Hold'em No Limit ($0.05/$0.10) - 2025/03/24 9:32:38 CET [2025/03/24 4:32:38 ET]
Table 'Aludra' 6-max Seat #1 is the button
Seat 1: Mahu2021 ($7.44 in chips) 
Seat 2: Born2Hustler ($10.50 in chips) 
Seat 3: hiding.by ($10.15 in chips) 
Seat 4: rosekim ($9.37 in chips) 
Seat 5: bigman12321 ($27.83 in chips) 
Seat 6: nDoelAidFme ($10 in chips) 
Born2Hustler: posts small blind $0.05
hiding.by: posts big blind $0.10
*** HOLE CARDS ***
Dealt to Mahu2021 [4c Qs]
rosekim: folds 
bigman12321: folds 
nDoelAidFme: raises $0.14 to $0.24
Mahu2021: folds 
Born2Hustler: folds 
hiding.by: folds 
Uncalled bet ($0.14) returned to nDoelAidFme
nDoelAidFme collected $0.25 from pot
nDoelAidFme: doesn't show hand 
*** SUMMARY ***
Total pot $0.25 | Rake $0 
Seat 1: Mahu2021 (button) folded before Flop (didn't bet)
Seat 2: Born2Hustler (small blind) folded before Flop
Seat 3: hiding.by (big blind) folded before Flop
Seat 4: rosekim folded before Flop (didn't bet)
Seat 5: bigman12321 folded before Flop (didn't bet)
Seat 6: nDoelAidFme collected ($0.25)



PokerStars Zoom Hand #255429081778:  Hold'em No Limit ($0.05/$0.10) - 2025/03/24 9:32:15 CET [2025/03/24 4:32:15 ET]
Table 'Aludra' 6-max Seat #1 is the button
Seat 1: FezzGeraldo ($11.84 in chips) 
Seat 2: nDoelAidFme ($10.11 in chips) 
Seat 3: liebhabär ($10 in chips) 
Seat 4: Mahu2021 ($7.59 in chips) 
Seat 5: barbarien09 ($12.17 in chips) 
Seat 6: Jerman93 ($10.02 in chips) 
nDoelAidFme: posts small blind $0.05
liebhabär: posts big blind $0.10
*** HOLE CARDS ***
Dealt to Mahu2021 [7s 3d]
Mahu2021: folds 
barbarien09 is disconnected 
barbarien09 has timed out while disconnected
barbarien09: folds 
Jerman93: folds 
FezzGeraldo: raises $0.25 to $0.35
nDoelAidFme: folds 
liebhabär: calls $0.25
*** FLOP *** [4d 7c 5c]
liebhabär: checks 
FezzGeraldo: bets $0.26
liebhabär: raises $0.62 to $0.88
FezzGeraldo: calls $0.62
*** TURN *** [4d 7c 5c] [9h]
liebhabär: checks 
FezzGeraldo: checks 
*** RIVER *** [4d 7c 5c 9h] [2d]
liebhabär: bets $1.20
FezzGeraldo: calls $1.20
*** SHOW DOWN ***
liebhabär: shows [Tc 9c] (a pair of Nines)
FezzGeraldo: mucks hand 
liebhabär collected $4.63 from pot
*** SUMMARY ***
Total pot $4.91 | Rake $0.28 
Board [4d 7c 5c 9h 2d]
Seat 1: FezzGeraldo (button) mucked [Qd Ad]
Seat 2: nDoelAidFme (small blind) folded before Flop
Seat 3: liebhabär (big blind) showed [Tc 9c] and won ($4.63) with a pair of Nines
Seat 4: Mahu2021 folded before Flop (didn't bet)
Seat 5: barbarien09 folded before Flop (didn't bet)
Seat 6: Jerman93 folded before Flop (didn't bet)



PokerStars Zoom Hand #255429084313:  Hold'em No Limit ($0.05/$0.10) - 2025/03/24 9:32:51 CET [2025/03/24 4:32:51 ET]
Table 'Aludra' 6-max Seat #1 is the button
Seat 1: Reddington567 ($17.95 in chips) 
Seat 2: Born2Hustler ($10.20 in chips) 
Seat 3: rosekim ($9.37 in chips) 
Seat 4: Mahu2021 ($7.44 in chips) 
Seat 5: HARIT81 ($14.72 in chips) 
Seat 6: nDoelAidFme ($10.06 in chips) 
Born2Hustler: posts small blind $0.05
rosekim: posts big blind $0.10
*** HOLE CARDS ***
Dealt to Mahu2021 [3h 4h]
Mahu2021: folds 
HARIT81: folds 
nDoelAidFme: folds 
Reddington567: folds 
Born2Hustler: folds 
Uncalled bet ($0.05) returned to rosekim
rosekim collected $0.10 from pot
rosekim: doesn't show hand 
*** SUMMARY ***
Total pot $0.10 | Rake $0 
Seat 1: Reddington567 (button) folded before Flop (didn't bet)
Seat 2: Born2Hustler (small blind) folded before Flop
Seat 3: rosekim (big blind) collected ($0.10)
Seat 4: Mahu2021 folded before Flop (didn't bet)
Seat 5: HARIT81 folded before Flop (didn't bet)
Seat 6: nDoelAidFme folded before Flop (didn't bet)



PokerStars Zoom Hand #255429084638:  Hold'em No Limit ($0.05/$0.10) - 2025/03/24 9:32:56 CET [2025/03/24 4:32:56 ET]
Table 'Aludra' 6-max Seat #1 is the button
Seat 1: lioni26 ($12.35 in chips) 
Seat 2: liebhabär ($10.15 in chips) 
Seat 3: Mahu2021 ($7.44 in chips) 
Seat 4: jomorn ($11.25 in chips) 
Seat 5: Karaflas1 ($11.36 in chips) 
Seat 6: Reddington567 ($17.95 in chips) 
liebhabär: posts small blind $0.05
Mahu2021: posts big blind $0.10
*** HOLE CARDS ***
Dealt to Mahu2021 [7d 6c]
jomorn: folds 
Karaflas1: folds 
Reddington567: folds 
lioni26: raises $0.15 to $0.25
liebhabär: folds 
Mahu2021: calls $0.15
*** FLOP *** [2h 9c 7s]
Mahu2021: bets $0.30
lioni26: calls $0.30
*** TURN *** [2h 9c 7s] [Jh]
Mahu2021: checks 
lioni26: checks 
*** RIVER *** [2h 9c 7s Jh] [Kd]
Mahu2021: checks 
lioni26: checks 
*** SHOW DOWN ***
Mahu2021: shows [7d 6c] (a pair of Sevens)
lioni26: mucks hand 
Mahu2021 collected $1.10 from pot
*** SUMMARY ***
Total pot $1.15 | Rake $0.05 
Board [2h 9c 7s Jh Kd]
Seat 1: lioni26 (button) mucked [4s 4h]
Seat 2: liebhabär (small blind) folded before Flop
Seat 3: Mahu2021 (big blind) showed [7d 6c] and won ($1.10) with a pair of Sevens
Seat 4: jomorn folded before Flop (didn't bet)
Seat 5: Karaflas1 folded before Flop (didn't bet)
Seat 6: Reddington567 folded before Flop (didn't bet)



PokerStars Zoom Hand #255429087591:  Hold'em No Limit ($0.05/$0.10) - 2025/03/24 9:33:39 CET [2025/03/24 4:33:39 ET]
Table 'Aludra' 6-max Seat #1 is the button
Seat 1: Mahu2021 ($7.94 in chips) 
Seat 2: lioni26 ($11.80 in chips) 
Seat 3: rosekim ($9.70 in chips) 
Seat 4: Born2Hustler ($10.15 in chips) 
Seat 5: FezzGeraldo ($9.06 in chips) 
Seat 6: nDoelAidFme ($10.05 in chips) 
lioni26: posts small blind $0.05
rosekim: posts big blind $0.10
*** HOLE CARDS ***
Dealt to Mahu2021 [6h 6c]
Born2Hustler: folds 
FezzGeraldo: folds 
nDoelAidFme: folds 
Mahu2021: raises $0.20 to $0.30
lioni26: folds 
rosekim: folds 
Uncalled bet ($0.20) returned to Mahu2021
Mahu2021 collected $0.25 from pot
Mahu2021: doesn't show hand 
*** SUMMARY ***
Total pot $0.25 | Rake $0 
Seat 1: Mahu2021 (button) collected ($0.25)
Seat 2: lioni26 (small blind) folded before Flop
Seat 3: rosekim (big blind) folded before Flop
Seat 4: Born2Hustler folded before Flop (didn't bet)
Seat 5: FezzGeraldo folded before Flop (didn't bet)
Seat 6: nDoelAidFme folded before Flop (didn't bet)



PokerStars Zoom Hand #255429086676:  Hold'em No Limit ($0.05/$0.10) - 2025/03/24 9:33:26 CET [2025/03/24 4:33:26 ET]
Table 'Aludra' 6-max Seat #1 is the button
Seat 1: Born2Hustler ($10.08 in chips) 
Seat 2: Mahu2021 ($7.99 in chips) 
Seat 3: dragonJ250 ($9.44 in chips) 
Seat 4: fish1991f ($10 in chips) 
Seat 5: kufufu ($16.26 in chips) 
Seat 6: liebhabär ($10.10 in chips) 
Mahu2021: posts small blind $0.05
dragonJ250: posts big blind $0.10
*** HOLE CARDS ***
Dealt to Mahu2021 [Kh Td]
fish1991f: folds 
kufufu: raises $0.15 to $0.25
liebhabär: folds 
Born2Hustler: raises $0.50 to $0.75
Mahu2021: folds 
dragonJ250: folds 
kufufu: raises $1.40 to $2.15
Born2Hustler: raises $7.93 to $10.08 and is all-in
kufufu: folds 
Uncalled bet ($7.93) returned to Born2Hustler
Born2Hustler collected $4.45 from pot
Born2Hustler: doesn't show hand 
*** SUMMARY ***
Total pot $4.45 | Rake $0 
Seat 1: Born2Hustler (button) collected ($4.45)
Seat 2: Mahu2021 (small blind) folded before Flop
Seat 3: dragonJ250 (big blind) folded before Flop
Seat 4: fish1991f folded before Flop (didn't bet)
Seat 5: kufufu folded before Flop
Seat 6: liebhabär folded before Flop (didn't bet)



PokerStars Zoom Hand #255429088638:  Hold'em No Limit ($0.05/$0.10) - 2025/03/24 9:33:54 CET [2025/03/24 4:33:54 ET]
Table 'Aludra' 6-max Seat #1 is the button
Seat 1: lioni26 ($11.63 in chips) 
Seat 2: medvejev77 ($0.74 in chips) 
Seat 3: Born2Hustler ($10.15 in chips) 
Seat 4: Reddington567 ($18.56 in chips) 
Seat 5: rosekim ($9.60 in chips) 
Seat 6: Mahu2021 ($8.09 in chips) 
medvejev77: posts small blind $0.05
Born2Hustler: posts big blind $0.10
*** HOLE CARDS ***
Dealt to Mahu2021 [9c 8s]
Reddington567: folds 
rosekim: raises $0.10 to $0.20
Mahu2021: folds 
lioni26: raises $0.40 to $0.60
medvejev77: folds 
Born2Hustler: folds 
rosekim: folds 
Uncalled bet ($0.40) returned to lioni26
lioni26 collected $0.55 from pot
lioni26: doesn't show hand 
*** SUMMARY ***
Total pot $0.55 | Rake $0 
Seat 1: lioni26 (button) collected ($0.55)
Seat 2: medvejev77 (small blind) folded before Flop
Seat 3: Born2Hustler (big blind) folded before Flop
Seat 4: Reddington567 folded before Flop (didn't bet)
Seat 5: rosekim folded before Flop
Seat 6: Mahu2021 folded before Flop (didn't bet)



PokerStars Zoom Hand #255429089391:  Hold'em No Limit ($0.05/$0.10) - 2025/03/24 9:34:04 CET [2025/03/24 4:34:04 ET]
Table 'Aludra' 6-max Seat #1 is the button
Seat 1: Karaflas1 ($10 in chips) 
Seat 2: runya80 ($4.85 in chips) 
Seat 3: Mahu2021 ($8.09 in chips) 
Seat 4: fish1991f ($10 in chips) 
Seat 5: JoeStack ($5.79 in chips) 
Seat 6: superbrono ($8.63 in chips) 
runya80: posts small blind $0.05
Mahu2021: posts big blind $0.10
*** HOLE CARDS ***
Dealt to Mahu2021 [4c Ad]
fish1991f: folds 
JoeStack: folds 
superbrono: folds 
Karaflas1: folds 
runya80: raises $0.15 to $0.25
Mahu2021: calls $0.15
*** FLOP *** [Jc 6h 3d]
runya80: bets $0.24
Mahu2021: folds 
Uncalled bet ($0.24) returned to runya80
runya80 collected $0.48 from pot
runya80: doesn't show hand 
*** SUMMARY ***
Total pot $0.50 | Rake $0.02 
Board [Jc 6h 3d]
Seat 1: Karaflas1 (button) folded before Flop (didn't bet)
Seat 2: runya80 (small blind) collected ($0.48)
Seat 3: Mahu2021 (big blind) folded on the Flop
Seat 4: fish1991f folded before Flop (didn't bet)
Seat 5: JoeStack folded before Flop (didn't bet)
Seat 6: superbrono folded before Flop (didn't bet)



PokerStars Zoom Hand #255429088991:  Hold'em No Limit ($0.05/$0.10) - 2025/03/24 9:33:58 CET [2025/03/24 4:33:58 ET]
Table 'Aludra' 6-max Seat #1 is the button
Seat 1: Mahu2021 ($8.09 in chips) 
Seat 2: Born2Hustler ($10.35 in chips) 
Seat 3: luvingkind ($11.41 in chips) 
Seat 4: jomorn ($11.91 in chips) 
Seat 5: SimoDa39 ($19.65 in chips) 
Seat 6: runya80 ($4.85 in chips) 
Born2Hustler: posts small blind $0.05
luvingkind: posts big blind $0.10
*** HOLE CARDS ***
Dealt to Mahu2021 [Kc 7c]
jomorn: folds 
SimoDa39: raises $0.15 to $0.25
runya80: folds 
Mahu2021: folds 
Born2Hustler: folds 
luvingkind: calls $0.15
*** FLOP *** [2c As Js]
luvingkind: checks 
SimoDa39: bets $0.17
luvingkind: folds 
Uncalled bet ($0.17) returned to SimoDa39
SimoDa39 collected $0.53 from pot
SimoDa39: doesn't show hand 
*** SUMMARY ***
Total pot $0.55 | Rake $0.02 
Board [2c As Js]
Seat 1: Mahu2021 (button) folded before Flop (didn't bet)
Seat 2: Born2Hustler (small blind) folded before Flop
Seat 3: luvingkind (big blind) folded on the Flop
Seat 4: jomorn folded before Flop (didn't bet)
Seat 5: SimoDa39 collected ($0.53)
Seat 6: runya80 folded before Flop (didn't bet)



PokerStars Zoom Hand #255429090960:  Hold'em No Limit ($0.05/$0.10) - 2025/03/24 9:34:27 CET [2025/03/24 4:34:27 ET]
Table 'Aludra' 6-max Seat #1 is the button
Seat 1: FezzGeraldo ($9.20 in chips) 
Seat 2: Jerman93 ($10.05 in chips) 
Seat 3: koei1218 ($10 in chips) 
Seat 4: JPinkman87 ($4.85 in chips) 
Seat 5: Mahu2021 ($7.84 in chips) 
Seat 6: liebhabär ($10.15 in chips) 
Jerman93: posts small blind $0.05
koei1218: posts big blind $0.10
*** HOLE CARDS ***
Dealt to Mahu2021 [Qs Qc]
JPinkman87: folds 
Mahu2021: raises $0.14 to $0.24
liebhabär: folds 
FezzGeraldo: folds 
Jerman93: folds 
koei1218: folds 
Uncalled bet ($0.14) returned to Mahu2021
Mahu2021 collected $0.25 from pot
Mahu2021: doesn't show hand 
*** SUMMARY ***
Total pot $0.25 | Rake $0 
Seat 1: FezzGeraldo (button) folded before Flop (didn't bet)
Seat 2: Jerman93 (small blind) folded before Flop
Seat 3: koei1218 (big blind) folded before Flop
Seat 4: JPinkman87 folded before Flop (didn't bet)
Seat 5: Mahu2021 collected ($0.25)
Seat 6: liebhabär folded before Flop (didn't bet)



PokerStars Zoom Hand #255429092167:  Hold'em No Limit ($0.05/$0.10) - 2025/03/24 9:34:44 CET [2025/03/24 4:34:44 ET]
Table 'Aludra' 6-max Seat #1 is the button
Seat 1: JPinkman87 ($4.75 in chips) 
Seat 2: Mahu2021 ($7.99 in chips) 
Seat 3: SimoDa39 ($11.93 in chips) 
Seat 4: FezzGeraldo ($9.20 in chips) 
Seat 5: luvingkind ($10 in chips) 
Seat 6: Born2Hustler ($10 in chips) 
Mahu2021: posts small blind $0.05
SimoDa39: posts big blind $0.10
*** HOLE CARDS ***
Dealt to Mahu2021 [Jd 6s]
FezzGeraldo: folds 
luvingkind: folds 
Born2Hustler: folds 
JPinkman87: folds 
Mahu2021: folds 
Uncalled bet ($0.05) returned to SimoDa39
SimoDa39 collected $0.10 from pot
SimoDa39: doesn't show hand 
*** SUMMARY ***
Total pot $0.10 | Rake $0 
Seat 1: JPinkman87 (button) folded before Flop (didn't bet)
Seat 2: Mahu2021 (small blind) folded before Flop
Seat 3: SimoDa39 (big blind) collected ($0.10)
Seat 4: FezzGeraldo folded before Flop (didn't bet)
Seat 5: luvingkind folded before Flop (didn't bet)
Seat 6: Born2Hustler folded before Flop (didn't bet)



PokerStars Zoom Hand #255429092727:  Hold'em No Limit ($0.05/$0.10) - 2025/03/24 9:34:52 CET [2025/03/24 4:34:52 ET]
Table 'Aludra' 6-max Seat #1 is the button
Seat 1: Jerman93 ($10 in chips) 
Seat 2: luvingkind ($10 in chips) 
Seat 3: FezzGeraldo ($9.15 in chips) 
Seat 4: JPinkman87 ($4.75 in chips) 
Seat 5: jomorn ($11.91 in chips) 
Seat 6: Mahu2021 ($7.94 in chips) 
luvingkind: posts small blind $0.05
FezzGeraldo: posts big blind $0.10
*** HOLE CARDS ***
Dealt to Mahu2021 [Ts 4h]
JPinkman87: folds 
jomorn: folds 
Mahu2021: folds 
Jerman93: folds 
luvingkind: folds 
Uncalled bet ($0.05) returned to FezzGeraldo
FezzGeraldo collected $0.10 from pot
FezzGeraldo: doesn't show hand 
*** SUMMARY ***
Total pot $0.10 | Rake $0 
Seat 1: Jerman93 (button) folded before Flop (didn't bet)
Seat 2: luvingkind (small blind) folded before Flop
Seat 3: FezzGeraldo (big blind) collected ($0.10)
Seat 4: JPinkman87 folded before Flop (didn't bet)
Seat 5: jomorn folded before Flop (didn't bet)
Seat 6: Mahu2021 folded before Flop (didn't bet)



PokerStars Zoom Hand #255429093100:  Hold'em No Limit ($0.05/$0.10) - 2025/03/24 9:34:57 CET [2025/03/24 4:34:57 ET]
Table 'Aludra' 6-max Seat #1 is the button
Seat 1: Karaflas1 ($10 in chips) 
Seat 2: kufufu ($13.07 in chips) 
Seat 3: luvingkind ($10 in chips) 
Seat 4: lioni26 ($11.43 in chips) 
Seat 5: Mahu2021 ($7.94 in chips) 
Seat 6: rosekim ($9.25 in chips) 
kufufu: posts small blind $0.05
luvingkind: posts big blind $0.10
*** HOLE CARDS ***
Dealt to Mahu2021 [Th 6c]
lioni26: raises $0.15 to $0.25
Mahu2021: folds 
rosekim: folds 
Karaflas1: folds 
kufufu: folds 
luvingkind: folds 
Uncalled bet ($0.15) returned to lioni26
lioni26 collected $0.25 from pot
lioni26: doesn't show hand 
*** SUMMARY ***
Total pot $0.25 | Rake $0 
Seat 1: Karaflas1 (button) folded before Flop (didn't bet)
Seat 2: kufufu (small blind) folded before Flop
Seat 3: luvingkind (big blind) folded before Flop
Seat 4: lioni26 collected ($0.25)
Seat 5: Mahu2021 folded before Flop (didn't bet)
Seat 6: rosekim folded before Flop (didn't bet)



PokerStars Zoom Hand #255429092434:  Hold'em No Limit ($0.05/$0.10) - 2025/03/24 9:34:48 CET [2025/03/24 4:34:48 ET]
Table 'Aludra' 6-max Seat #1 is the button
Seat 1: Jrussy ($8.80 in chips) 
Seat 2: nDoelAidFme ($10.20 in chips) 
Seat 3: rosekim ($9.35 in chips) 
Seat 4: Mahu2021 ($7.94 in chips) 
Seat 5: luckyagainn ($10.94 in chips) 
Seat 6: JPinkman87 ($4.75 in chips) 
nDoelAidFme: posts small blind $0.05
rosekim: posts big blind $0.10
*** HOLE CARDS ***
Dealt to Mahu2021 [Js 4c]
Mahu2021: folds 
luckyagainn: raises $0.12 to $0.22
JPinkman87: folds 
Jrussy: calls $0.22
nDoelAidFme: raises $0.98 to $1.20
rosekim: folds 
luckyagainn: folds 
Jrussy: calls $0.98
*** FLOP *** [4s 4d Qd]
nDoelAidFme: bets $0.78
Jrussy: folds 
Uncalled bet ($0.78) returned to nDoelAidFme
nDoelAidFme collected $2.60 from pot
nDoelAidFme: doesn't show hand 
*** SUMMARY ***
Total pot $2.72 | Rake $0.12 
Board [4s 4d Qd]
Seat 1: Jrussy (button) folded on the Flop
Seat 2: nDoelAidFme (small blind) collected ($2.60)
Seat 3: rosekim (big blind) folded before Flop
Seat 4: Mahu2021 folded before Flop (didn't bet)
Seat 5: luckyagainn folded before Flop
Seat 6: JPinkman87 folded before Flop (didn't bet)



PokerStars Zoom Hand #255429093291:  Hold'em No Limit ($0.05/$0.10) - 2025/03/24 9:35:00 CET [2025/03/24 4:35:00 ET]
Table 'Aludra' 6-max Seat #1 is the button
Seat 1: Mahu2021 ($7.94 in chips) 
Seat 2: Karaflas1 ($10 in chips) 
Seat 3: FezzGeraldo ($10.30 in chips) 
Seat 4: ShrimpMan999 ($8.04 in chips) 
Seat 5: jomorn ($11.91 in chips) 
Seat 6: luckyagainn ($19.10 in chips) 
Karaflas1: posts small blind $0.05
FezzGeraldo: posts big blind $0.10
*** HOLE CARDS ***
Dealt to Mahu2021 [Js Kh]
ShrimpMan999: folds 
jomorn: raises $0.12 to $0.22
luckyagainn: folds 
Mahu2021: calls $0.22
Karaflas1: folds 
FezzGeraldo: folds 
*** FLOP *** [3s 7d 9s]
jomorn: checks 
Mahu2021: checks 
*** TURN *** [3s 7d 9s] [Td]
jomorn: bets $0.48
Mahu2021: calls $0.48
*** RIVER *** [3s 7d 9s Td] [Ac]
jomorn: bets $1.03
Mahu2021: folds 
Uncalled bet ($1.03) returned to jomorn
jomorn collected $1.48 from pot
jomorn: doesn't show hand 
*** SUMMARY ***
Total pot $1.55 | Rake $0.07 
Board [3s 7d 9s Td Ac]
Seat 1: Mahu2021 (button) folded on the River
Seat 2: Karaflas1 (small blind) folded before Flop
Seat 3: FezzGeraldo (big blind) folded before Flop
Seat 4: ShrimpMan999 folded before Flop (didn't bet)
Seat 5: jomorn collected ($1.48)
Seat 6: luckyagainn folded before Flop (didn't bet)



PokerStars Zoom Hand #255429096512:  Hold'em No Limit ($0.05/$0.10) - 2025/03/24 9:35:46 CET [2025/03/24 4:35:46 ET]
Table 'Aludra' 6-max Seat #1 is the button
Seat 1: vovo4kapooh ($10 in chips) 
Seat 2: atez96ss ($6.99 in chips) 
Seat 3: Mahu2021 ($7.24 in chips) 
Seat 4: nDoelAidFme ($10 in chips) 
Seat 5: Gimme63 ($10.47 in chips) 
Seat 6: koei1218 ($10 in chips) 
atez96ss: posts small blind $0.05
Mahu2021: posts big blind $0.10
*** HOLE CARDS ***
Dealt to Mahu2021 [7d Ac]
nDoelAidFme: folds 
Gimme63: folds 
koei1218: raises $0.15 to $0.25
vovo4kapooh: folds 
atez96ss: calls $0.20
Mahu2021: folds 
*** FLOP *** [Ts Ks Qs]
atez96ss: checks 
koei1218: checks 
*** TURN *** [Ts Ks Qs] [8c]
atez96ss: checks 
koei1218: checks 
*** RIVER *** [Ts Ks Qs 8c] [6c]
atez96ss: checks 
koei1218: bets $0.29
atez96ss: folds 
Uncalled bet ($0.29) returned to koei1218
koei1218 collected $0.57 from pot
koei1218: doesn't show hand 
*** SUMMARY ***
Total pot $0.60 | Rake $0.03 
Board [Ts Ks Qs 8c 6c]
Seat 1: vovo4kapooh (button) folded before Flop (didn't bet)
Seat 2: atez96ss (small blind) folded on the River
Seat 3: Mahu2021 (big blind) folded before Flop
Seat 4: nDoelAidFme folded before Flop (didn't bet)
Seat 5: Gimme63 folded before Flop (didn't bet)
Seat 6: koei1218 collected ($0.57)



PokerStars Zoom Hand #255429098193:  Hold'em No Limit ($0.05/$0.10) - 2025/03/24 9:36:10 CET [2025/03/24 4:36:10 ET]
Table 'Aludra' 6-max Seat #1 is the button
Seat 1: jomorn ($12.69 in chips) 
Seat 2: rosekim ($9.10 in chips) 
Seat 3: luvingkind ($10 in chips) 
Seat 4: Mahu2021 ($7.09 in chips) 
Seat 5: Jerman93 ($10 in chips) 
Seat 6: Born2Hustler ($10.57 in chips) 
rosekim: posts small blind $0.05
luvingkind: posts big blind $0.10
*** HOLE CARDS ***
Dealt to Mahu2021 [Qs Ts]
Mahu2021: raises $0.14 to $0.24
Jerman93: folds 
Born2Hustler: folds 
jomorn: folds 
rosekim: folds 
luvingkind: folds 
Uncalled bet ($0.14) returned to Mahu2021
Mahu2021 collected $0.25 from pot
Mahu2021: doesn't show hand 
*** SUMMARY ***
Total pot $0.25 | Rake $0 
Seat 1: jomorn (button) folded before Flop (didn't bet)
Seat 2: rosekim (small blind) folded before Flop
Seat 3: luvingkind (big blind) folded before Flop
Seat 4: Mahu2021 collected ($0.25)
Seat 5: Jerman93 folded before Flop (didn't bet)
Seat 6: Born2Hustler folded before Flop (didn't bet)



PokerStars Zoom Hand #255429097913:  Hold'em No Limit ($0.05/$0.10) - 2025/03/24 9:36:06 CET [2025/03/24 4:36:06 ET]
Table 'Aludra' 6-max Seat #1 is the button
Seat 1: medvejev77 ($2.34 in chips) 
Seat 2: ShrimpMan999 ($8.42 in chips) 
Seat 3: kufufu ($13.17 in chips) 
Seat 4: Mahu2021 ($7.09 in chips) 
Seat 5: vovo4kapooh ($10 in chips) 
Seat 6: Karaflas1 ($10.53 in chips) 
ShrimpMan999: posts small blind $0.05
kufufu: posts big blind $0.10
*** HOLE CARDS ***
Dealt to Mahu2021 [9s 7s]
Mahu2021: folds 
vovo4kapooh: folds 
Karaflas1: folds 
medvejev77: folds 
ShrimpMan999: raises $0.10 to $0.20
kufufu: calls $0.10
*** FLOP *** [3h Js Tc]
ShrimpMan999: checks 
kufufu: checks 
*** TURN *** [3h Js Tc] [2c]
ShrimpMan999: checks 
kufufu: bets $0.29
ShrimpMan999: folds 
Uncalled bet ($0.29) returned to kufufu
kufufu collected $0.38 from pot
kufufu: doesn't show hand 
*** SUMMARY ***
Total pot $0.40 | Rake $0.02 
Board [3h Js Tc 2c]
Seat 1: medvejev77 (button) folded before Flop (didn't bet)
Seat 2: ShrimpMan999 (small blind) folded on the Turn
Seat 3: kufufu (big blind) collected ($0.38)
Seat 4: Mahu2021 folded before Flop (didn't bet)
Seat 5: vovo4kapooh folded before Flop (didn't bet)
Seat 6: Karaflas1 folded before Flop (didn't bet)



PokerStars Zoom Hand #255429096192:  Hold'em No Limit ($0.05/$0.10) - 2025/03/24 9:35:41 CET [2025/03/24 4:35:41 ET]
Table 'Aludra' 6-max Seat #1 is the button
Seat 1: vovo4kapooh ($10 in chips) 
Seat 2: fred-02061955 ($5.49 in chips) 
Seat 3: Reddington567 ($15.83 in chips) 
Seat 4: JoeStack ($5.69 in chips) 
Seat 5: runya80 ($4.78 in chips) 
Seat 6: Mahu2021 ($7.24 in chips) 
fred-02061955: posts small blind $0.05
Reddington567: posts big blind $0.10
*** HOLE CARDS ***
Dealt to Mahu2021 [6c 8c]
JoeStack: folds 
runya80: folds 
Mahu2021: folds 
vovo4kapooh: raises $0.15 to $0.25
fred-02061955: folds 
Reddington567: calls $0.15
*** FLOP *** [2h 9h Qd]
Reddington567: checks 
vovo4kapooh: bets $0.27
Reddington567: calls $0.27
*** TURN *** [2h 9h Qd] [7s]
Reddington567: checks 
vovo4kapooh: checks 
*** RIVER *** [2h 9h Qd 7s] [5d]
Reddington567: checks 
vovo4kapooh: bets $0.78
Reddington567: calls $0.78
*** SHOW DOWN ***
vovo4kapooh: shows [Qc 8d] (a pair of Queens)
Reddington567: mucks hand 
vovo4kapooh collected $2.53 from pot
*** SUMMARY ***
Total pot $2.65 | Rake $0.12 
Board [2h 9h Qd 7s 5d]
Seat 1: vovo4kapooh (button) showed [Qc 8d] and won ($2.53) with a pair of Queens
Seat 2: fred-02061955 (small blind) folded before Flop
Seat 3: Reddington567 (big blind) mucked [9d 8s]
Seat 4: JoeStack folded before Flop (didn't bet)
Seat 5: runya80 folded before Flop (didn't bet)
Seat 6: Mahu2021 folded before Flop (didn't bet)



PokerStars Zoom Hand #255429097378:  Hold'em No Limit ($0.05/$0.10) - 2025/03/24 9:35:58 CET [2025/03/24 4:35:58 ET]
Table 'Aludra' 6-max Seat #1 is the button
Seat 1: Born2Hustler ($10.57 in chips) 
Seat 2: Mahu2021 ($7.14 in chips) 
Seat 3: luvingkind ($10.86 in chips) 
Seat 4: jomorn ($12.64 in chips) 
Seat 5: liebhabär ($14.62 in chips) 
Seat 6: nDoelAidFme ($11.80 in chips) 
Mahu2021: posts small blind $0.05
luvingkind: posts big blind $0.10
*** HOLE CARDS ***
Dealt to Mahu2021 [Jc 4h]
jomorn: folds 
liebhabär: folds 
nDoelAidFme: raises $0.14 to $0.24
Born2Hustler: folds 
Mahu2021: folds 
luvingkind: calls $0.14
*** FLOP *** [Kh 8h Qc]
luvingkind: checks 
nDoelAidFme: checks 
*** TURN *** [Kh 8h Qc] [As]
luvingkind: checks 
nDoelAidFme: checks 
*** RIVER *** [Kh 8h Qc As] [Kd]
luvingkind: checks 
nDoelAidFme: checks 
*** SHOW DOWN ***
luvingkind: shows [8s 9s] (two pair, Kings and Eights)
nDoelAidFme: shows [Js Jd] (two pair, Kings and Jacks)
nDoelAidFme collected $0.51 from pot
*** SUMMARY ***
Total pot $0.53 | Rake $0.02 
Board [Kh 8h Qc As Kd]
Seat 1: Born2Hustler (button) folded before Flop (didn't bet)
Seat 2: Mahu2021 (small blind) folded before Flop
Seat 3: luvingkind (big blind) showed [8s 9s] and lost with two pair, Kings and Eights
Seat 4: jomorn folded before Flop (didn't bet)
Seat 5: liebhabär folded before Flop (didn't bet)
Seat 6: nDoelAidFme showed [Js Jd] and won ($0.51) with two pair, Kings and Jacks



PokerStars Zoom Hand #255429099350:  Hold'em No Limit ($0.05/$0.10) - 2025/03/24 9:36:27 CET [2025/03/24 4:36:27 ET]
Table 'Aludra' 6-max Seat #1 is the button
Seat 1: JPinkman87 ($4.80 in chips) 
Seat 2: Sherlock1889 ($9.90 in chips) 
Seat 3: vovo4kapooh ($10 in chips) 
Seat 4: luvingkind ($10 in chips) 
Seat 5: Jerman93 ($10 in chips) 
Seat 6: Mahu2021 ($7.24 in chips) 
Sherlock1889: posts small blind $0.05
vovo4kapooh: posts big blind $0.10
*** HOLE CARDS ***
Dealt to Mahu2021 [3c 9c]
luvingkind: folds 
Jerman93: folds 
Mahu2021: folds 
JPinkman87: raises $0.15 to $0.25
Sherlock1889: folds 
vovo4kapooh: folds 
Uncalled bet ($0.15) returned to JPinkman87
JPinkman87 collected $0.25 from pot
JPinkman87: doesn't show hand 
*** SUMMARY ***
Total pot $0.25 | Rake $0 
Seat 1: JPinkman87 (button) collected ($0.25)
Seat 2: Sherlock1889 (small blind) folded before Flop
Seat 3: vovo4kapooh (big blind) folded before Flop
Seat 4: luvingkind folded before Flop (didn't bet)
Seat 5: Jerman93 folded before Flop (didn't bet)
Seat 6: Mahu2021 folded before Flop (didn't bet)



PokerStars Zoom Hand #255429099622:  Hold'em No Limit ($0.05/$0.10) - 2025/03/24 9:36:31 CET [2025/03/24 4:36:31 ET]
Table 'Aludra' 6-max Seat #1 is the button
Seat 1: Mahu2021 ($7.24 in chips) 
Seat 2: vovo4kapooh ($10 in chips) 
Seat 3: Jerman93 ($10 in chips) 
Seat 4: Born2Hustler ($10 in chips) 
Seat 5: nDoelAidFme ($10 in chips) 
Seat 6: rosekim ($9.76 in chips) 
vovo4kapooh: posts small blind $0.05
Jerman93: posts big blind $0.10
*** HOLE CARDS ***
Dealt to Mahu2021 [Js Ad]
Born2Hustler: folds 
nDoelAidFme: folds 
rosekim: folds 
Mahu2021: raises $0.20 to $0.30
vovo4kapooh: folds 
Jerman93: folds 
Uncalled bet ($0.20) returned to Mahu2021
Mahu2021 collected $0.25 from pot
Mahu2021: doesn't show hand 
*** SUMMARY ***
Total pot $0.25 | Rake $0 
Seat 1: Mahu2021 (button) collected ($0.25)
Seat 2: vovo4kapooh (small blind) folded before Flop
Seat 3: Jerman93 (big blind) folded before Flop
Seat 4: Born2Hustler folded before Flop (didn't bet)
Seat 5: nDoelAidFme folded before Flop (didn't bet)
Seat 6: rosekim folded before Flop (didn't bet)



PokerStars Zoom Hand #255429100376:  Hold'em No Limit ($0.05/$0.10) - 2025/03/24 9:36:42 CET [2025/03/24 4:36:42 ET]
Table 'Aludra' 6-max Seat #1 is the button
Seat 1: MrZeLiiX ($9.53 in chips) 
Seat 2: luvingkind ($10 in chips) 
Seat 3: Mahu2021 ($7.39 in chips) 
Seat 4: koei1218 ($10.43 in chips) 
Seat 5: vovo4kapooh ($11.18 in chips) 
Seat 6: Born2Hustler ($12.82 in chips) 
luvingkind: posts small blind $0.05
Mahu2021: posts big blind $0.10
*** HOLE CARDS ***
Dealt to Mahu2021 [2h Qs]
koei1218: folds 
vovo4kapooh: folds 
Born2Hustler: raises $0.12 to $0.22
MrZeLiiX: folds 
luvingkind: folds 
Mahu2021: folds 
Uncalled bet ($0.12) returned to Born2Hustler
Born2Hustler collected $0.25 from pot
Born2Hustler: doesn't show hand 
*** SUMMARY ***
Total pot $0.25 | Rake $0 
Seat 1: MrZeLiiX (button) folded before Flop (didn't bet)
Seat 2: luvingkind (small blind) folded before Flop
Seat 3: Mahu2021 (big blind) folded before Flop
Seat 4: koei1218 folded before Flop (didn't bet)
Seat 5: vovo4kapooh folded before Flop (didn't bet)
Seat 6: Born2Hustler collected ($0.25)



PokerStars Zoom Hand #255429101241:  Hold'em No Limit ($0.05/$0.10) - 2025/03/24 9:36:55 CET [2025/03/24 4:36:55 ET]
Table 'Aludra' 6-max Seat #1 is the button
Seat 1: kufufu ($14.91 in chips) 
Seat 2: Mahu2021 ($7.29 in chips) 
Seat 3: runya80 ($4.41 in chips) 
Seat 4: rosekim ($8.90 in chips) 
Seat 5: FezzGeraldo ($9.79 in chips) 
Seat 6: koei1218 ($10.43 in chips) 
Mahu2021: posts small blind $0.05
runya80: posts big blind $0.10
*** HOLE CARDS ***
Dealt to Mahu2021 [4c 4s]
rosekim: folds 
FezzGeraldo: raises $0.25 to $0.35
koei1218: folds 
kufufu: folds 
Mahu2021: calls $0.30
runya80: folds 
*** FLOP *** [Th 8h 5c]
Mahu2021: bets $0.30
FezzGeraldo: folds 
Uncalled bet ($0.30) returned to Mahu2021
Mahu2021 collected $0.76 from pot
Mahu2021: doesn't show hand 
*** SUMMARY ***
Total pot $0.80 | Rake $0.04 
Board [Th 8h 5c]
Seat 1: kufufu (button) folded before Flop (didn't bet)
Seat 2: Mahu2021 (small blind) collected ($0.76)
Seat 3: runya80 (big blind) folded before Flop
Seat 4: rosekim folded before Flop (didn't bet)
Seat 5: FezzGeraldo folded on the Flop
Seat 6: koei1218 folded before Flop (didn't bet)



PokerStars Zoom Hand #255429103010:  Hold'em No Limit ($0.05/$0.10) - 2025/03/24 9:37:22 CET [2025/03/24 4:37:22 ET]
Table 'Aludra' 6-max Seat #1 is the button
Seat 1: vovo4kapooh ($11.18 in chips) 
Seat 2: afwing16 ($10 in chips) 
Seat 3: JoeStack ($5.39 in chips) 
Seat 4: koei1218 ($10.28 in chips) 
Seat 5: Mahu2021 ($7.70 in chips) 
Seat 6: superbrono ($9.36 in chips) 
afwing16: posts small blind $0.05
JoeStack: posts big blind $0.10
*** HOLE CARDS ***
Dealt to Mahu2021 [4d 3d]
koei1218: folds 
Mahu2021: folds 
superbrono: raises $0.40 to $0.50
vovo4kapooh: folds 
afwing16: folds 
JoeStack: folds 
Uncalled bet ($0.40) returned to superbrono
superbrono collected $0.25 from pot
superbrono: doesn't show hand 
*** SUMMARY ***
Total pot $0.25 | Rake $0 
Seat 1: vovo4kapooh (button) folded before Flop (didn't bet)
Seat 2: afwing16 (small blind) folded before Flop
Seat 3: JoeStack (big blind) folded before Flop
Seat 4: koei1218 folded before Flop (didn't bet)
Seat 5: Mahu2021 folded before Flop (didn't bet)
Seat 6: superbrono collected ($0.25)



PokerStars Zoom Hand #255429103296:  Hold'em No Limit ($0.05/$0.10) - 2025/03/24 9:37:26 CET [2025/03/24 4:37:26 ET]
Table 'Aludra' 6-max Seat #1 is the button
Seat 1: koei1218 ($10.28 in chips) 
Seat 2: vovo4kapooh ($10.05 in chips) 
Seat 3: liebhabär ($11.37 in chips) 
Seat 4: SimoDa39 ($10.48 in chips) 
Seat 5: Mahu2021 ($7.70 in chips) 
Seat 6: luckyagainn ($10 in chips) 
vovo4kapooh: posts small blind $0.05
liebhabär: posts big blind $0.10
*** HOLE CARDS ***
Dealt to Mahu2021 [6h 4c]
SimoDa39: folds 
Mahu2021: folds 
luckyagainn: folds 
koei1218: raises $0.15 to $0.25
vovo4kapooh: folds 
liebhabär: folds 
Uncalled bet ($0.15) returned to koei1218
koei1218 collected $0.25 from pot
koei1218: doesn't show hand 
*** SUMMARY ***
Total pot $0.25 | Rake $0 
Seat 1: koei1218 (button) collected ($0.25)
Seat 2: vovo4kapooh (small blind) folded before Flop
Seat 3: liebhabär (big blind) folded before Flop
Seat 4: SimoDa39 folded before Flop (didn't bet)
Seat 5: Mahu2021 folded before Flop (didn't bet)
Seat 6: luckyagainn folded before Flop (didn't bet)



PokerStars Zoom Hand #255429103790:  Hold'em No Limit ($0.05/$0.10) - 2025/03/24 9:37:33 CET [2025/03/24 4:37:33 ET]
Table 'Aludra' 6-max Seat #1 is the button
Seat 1: vovo4kapooh ($10 in chips) 
Seat 2: Mahu2021 ($7.70 in chips) 
Seat 3: rosekim ($9.54 in chips) 
Seat 4: Sherlock1889 ($10.63 in chips) 
Seat 5: cheddarman24 ($10 in chips) 
Seat 6: Jerman93 ($10 in chips) 
Mahu2021: posts small blind $0.05
rosekim: posts big blind $0.10
*** HOLE CARDS ***
Dealt to Mahu2021 [2c Ts]
Sherlock1889: folds 
cheddarman24: raises $0.12 to $0.22
Jerman93: folds 
vovo4kapooh: folds 
Mahu2021: folds 
rosekim: folds 
Uncalled bet ($0.12) returned to cheddarman24
cheddarman24 collected $0.25 from pot
cheddarman24: doesn't show hand 
*** SUMMARY ***
Total pot $0.25 | Rake $0 
Seat 1: vovo4kapooh (button) folded before Flop (didn't bet)
Seat 2: Mahu2021 (small blind) folded before Flop
Seat 3: rosekim (big blind) folded before Flop
Seat 4: Sherlock1889 folded before Flop (didn't bet)
Seat 5: cheddarman24 collected ($0.25)
Seat 6: Jerman93 folded before Flop (didn't bet)



PokerStars Zoom Hand #255429104105:  Hold'em No Limit ($0.05/$0.10) - 2025/03/24 9:37:38 CET [2025/03/24 4:37:38 ET]
Table 'Aludra' 6-max Seat #1 is the button
Seat 1: Mahu2021 ($7.65 in chips) 
Seat 2: HARIT81 ($9.34 in chips) 
Seat 3: Born2Hustler ($13.31 in chips) 
Seat 4: liebhabär ($12.33 in chips) 
Seat 5: vovo4kapooh ($10 in chips) 
Seat 6: luckyagainn ($19.77 in chips) 
HARIT81: posts small blind $0.05
Born2Hustler: posts big blind $0.10
*** HOLE CARDS ***
Dealt to Mahu2021 [Jh Kh]
liebhabär: folds 
vovo4kapooh: raises $0.15 to $0.25
luckyagainn: folds 
Mahu2021: calls $0.25
HARIT81: folds 
Born2Hustler: folds 
*** FLOP *** [6h Ks Kd]
vovo4kapooh: bets $0.19
Mahu2021: calls $0.19
*** TURN *** [6h Ks Kd] [Th]
vovo4kapooh: bets $0.49
Mahu2021: calls $0.49
*** RIVER *** [6h Ks Kd Th] [9d]
vovo4kapooh: bets $1.44
Mahu2021: raises $1.44 to $2.88
vovo4kapooh: calls $1.44
*** SHOW DOWN ***
Mahu2021: shows [Jh Kh] (three of a kind, Kings)
vovo4kapooh: mucks hand 
Mahu2021 collected $7.42 from pot
*** SUMMARY ***
Total pot $7.77 | Rake $0.35 
Board [6h Ks Kd Th 9d]
Seat 1: Mahu2021 (button) showed [Jh Kh] and won ($7.42) with three of a kind, Kings
Seat 2: HARIT81 (small blind) folded before Flop
Seat 3: Born2Hustler (big blind) folded before Flop
Seat 4: liebhabär folded before Flop (didn't bet)
Seat 5: vovo4kapooh mucked [Tc Ac]
Seat 6: luckyagainn folded before Flop (didn't bet)



PokerStars Zoom Hand #255429108100:  Hold'em No Limit ($0.05/$0.10) - 2025/03/24 9:38:37 CET [2025/03/24 4:38:37 ET]
Table 'Aludra' 6-max Seat #1 is the button
Seat 1: Reddington567 ($24.70 in chips) 
Seat 2: atez96ss ($7.36 in chips) 
Seat 3: Jerman93 ($10.15 in chips) 
Seat 4: SimoDa39 ($10.03 in chips) 
Seat 5: koei1218 ($10.63 in chips) 
Seat 6: Mahu2021 ($11.16 in chips) 
atez96ss: posts small blind $0.05
Jerman93: posts big blind $0.10
*** HOLE CARDS ***
Dealt to Mahu2021 [4d Kh]
SimoDa39: folds 
koei1218: folds 
Mahu2021: folds 
Reddington567: folds 
atez96ss: folds 
Uncalled bet ($0.05) returned to Jerman93
Jerman93 collected $0.10 from pot
Jerman93: doesn't show hand 
*** SUMMARY ***
Total pot $0.10 | Rake $0 
Seat 1: Reddington567 (button) folded before Flop (didn't bet)
Seat 2: atez96ss (small blind) folded before Flop
Seat 3: Jerman93 (big blind) collected ($0.10)
Seat 4: SimoDa39 folded before Flop (didn't bet)
Seat 5: koei1218 folded before Flop (didn't bet)
Seat 6: Mahu2021 folded before Flop (didn't bet)



PokerStars Zoom Hand #255429107606:  Hold'em No Limit ($0.05/$0.10) - 2025/03/24 9:38:30 CET [2025/03/24 4:38:30 ET]
Table 'Aludra' 6-max Seat #1 is the button
Seat 1: luckyagainn ($10 in chips) 
Seat 2: cheddarman24 ($10 in chips) 
Seat 3: Mahu2021 ($11.26 in chips) 
Seat 4: superbrono ($8.30 in chips) 
Seat 5: Born2Hustler ($10 in chips) 
Seat 6: vovo4kapooh ($10 in chips) 
cheddarman24: posts small blind $0.05
Mahu2021: posts big blind $0.10
*** HOLE CARDS ***
Dealt to Mahu2021 [8d 9c]
superbrono: raises $0.20 to $0.30
Born2Hustler: folds 
vovo4kapooh: folds 
luckyagainn: folds 
cheddarman24: calls $0.25
Mahu2021: folds 
*** FLOP *** [Jd 8c Ks]
cheddarman24: checks 
superbrono: checks 
*** TURN *** [Jd 8c Ks] [9h]
cheddarman24: checks 
superbrono: checks 
*** RIVER *** [Jd 8c Ks 9h] [Js]
cheddarman24: checks 
superbrono: checks 
*** SHOW DOWN ***
cheddarman24: shows [5h Ah] (a pair of Jacks)
superbrono: mucks hand 
cheddarman24 collected $0.67 from pot
*** SUMMARY ***
Total pot $0.70 | Rake $0.03 
Board [Jd 8c Ks 9h Js]
Seat 1: luckyagainn (button) folded before Flop (didn't bet)
Seat 2: cheddarman24 (small blind) showed [5h Ah] and won ($0.67) with a pair of Jacks
Seat 3: Mahu2021 (big blind) folded before Flop
Seat 4: superbrono mucked [3d 4d]
Seat 5: Born2Hustler folded before Flop (didn't bet)
Seat 6: vovo4kapooh folded before Flop (didn't bet)



PokerStars Zoom Hand #255429109292:  Hold'em No Limit ($0.05/$0.10) - 2025/03/24 9:38:55 CET [2025/03/24 4:38:55 ET]
Table 'Aludra' 6-max Seat #1 is the button
Seat 1: liebhabär ($11.96 in chips) 
Seat 2: koei1218 ($10.83 in chips) 
Seat 3: A_Rommel ($39.71 in chips) 
Seat 4: vovo4kapooh ($10 in chips) 
Seat 5: Mahu2021 ($11.16 in chips) 
Seat 6: Karaflas1 ($10.56 in chips) 
koei1218: posts small blind $0.05
A_Rommel: posts big blind $0.10
*** HOLE CARDS ***
Dealt to Mahu2021 [Ks 8h]
vovo4kapooh: folds 
Mahu2021: folds 
Karaflas1: raises $0.12 to $0.22
liebhabär: folds 
koei1218: folds 
A_Rommel: folds 
Uncalled bet ($0.12) returned to Karaflas1
Karaflas1 collected $0.25 from pot
Karaflas1: doesn't show hand 
*** SUMMARY ***
Total pot $0.25 | Rake $0 
Seat 1: liebhabär (button) folded before Flop (didn't bet)
Seat 2: koei1218 (small blind) folded before Flop
Seat 3: A_Rommel (big blind) folded before Flop
Seat 4: vovo4kapooh folded before Flop (didn't bet)
Seat 5: Mahu2021 folded before Flop (didn't bet)
Seat 6: Karaflas1 collected ($0.25)



PokerStars Zoom Hand #255429109599:  Hold'em No Limit ($0.05/$0.10) - 2025/03/24 9:38:59 CET [2025/03/24 4:38:59 ET]
Table 'Aludra' 6-max Seat #1 is the button
Seat 1: gilles5555 ($9.08 in chips) 
Seat 2: Born2Hustler ($10 in chips) 
Seat 3: koei1218 ($10.78 in chips) 
Seat 4: Mahu2021 ($11.16 in chips) 
Seat 5: jomorn ($12.37 in chips) 
Seat 6: SimoDa39 ($10 in chips) 
Born2Hustler: posts small blind $0.05
koei1218: posts big blind $0.10
*** HOLE CARDS ***
Dealt to Mahu2021 [Ts 3s]
Mahu2021: folds 
jomorn: folds 
SimoDa39: folds 
gilles5555: folds 
Born2Hustler: folds 
Uncalled bet ($0.05) returned to koei1218
koei1218 collected $0.10 from pot
koei1218: doesn't show hand 
*** SUMMARY ***
Total pot $0.10 | Rake $0 
Seat 1: gilles5555 (button) folded before Flop (didn't bet)
Seat 2: Born2Hustler (small blind) folded before Flop
Seat 3: koei1218 (big blind) collected ($0.10)
Seat 4: Mahu2021 folded before Flop (didn't bet)
Seat 5: jomorn folded before Flop (didn't bet)
Seat 6: SimoDa39 folded before Flop (didn't bet)



PokerStars Zoom Hand #255429108542:  Hold'em No Limit ($0.05/$0.10) - 2025/03/24 9:38:44 CET [2025/03/24 4:38:44 ET]
Table 'Aludra' 6-max Seat #1 is the button
Seat 1: nDoelAidFme ($12.02 in chips) 
Seat 2: vovo4kapooh ($11.03 in chips) 
Seat 3: luvingkind ($10 in chips) 
Seat 4: Mahu2021 ($11.16 in chips) 
Seat 5: SimoDa39 ($20.50 in chips) 
Seat 6: kingfisher898 ($9.73 in chips) 
vovo4kapooh: posts small blind $0.05
luvingkind: posts big blind $0.10
*** HOLE CARDS ***
Dealt to Mahu2021 [7h Tc]
Mahu2021: folds 
SimoDa39: folds 
kingfisher898: folds 
nDoelAidFme: raises $0.14 to $0.24
vovo4kapooh: folds 
luvingkind: calls $0.14
*** FLOP *** [2c 9c 4c]
luvingkind: checks 
nDoelAidFme: bets $0.15
luvingkind: folds 
Uncalled bet ($0.15) returned to nDoelAidFme
nDoelAidFme collected $0.51 from pot
nDoelAidFme: doesn't show hand 
*** SUMMARY ***
Total pot $0.53 | Rake $0.02 
Board [2c 9c 4c]
Seat 1: nDoelAidFme (button) collected ($0.51)
Seat 2: vovo4kapooh (small blind) folded before Flop
Seat 3: luvingkind (big blind) folded on the Flop
Seat 4: Mahu2021 folded before Flop (didn't bet)
Seat 5: SimoDa39 folded before Flop (didn't bet)
Seat 6: kingfisher898 folded before Flop (didn't bet)



PokerStars Zoom Hand #255429109785:  Hold'em No Limit ($0.05/$0.10) - 2025/03/24 9:39:02 CET [2025/03/24 4:39:02 ET]
Table 'Aludra' 6-max Seat #1 is the button
Seat 1: Mahu2021 ($11.16 in chips) 
Seat 2: liebhabär ($11.27 in chips) 
Seat 3: vovo4kapooh ($10 in chips) 
Seat 4: MrZeLiiX ($10 in chips) 
Seat 5: dragonJ250 ($6.36 in chips) 
Seat 6: Petersonmrad1 ($17.09 in chips) 
liebhabär: posts small blind $0.05
vovo4kapooh: posts big blind $0.10
*** HOLE CARDS ***
Dealt to Mahu2021 [Kd Jc]
MrZeLiiX: folds 
dragonJ250: raises $0.15 to $0.25
Petersonmrad1: folds 
Mahu2021: folds 
liebhabär: folds 
vovo4kapooh: folds 
Uncalled bet ($0.15) returned to dragonJ250
dragonJ250 collected $0.25 from pot
dragonJ250: doesn't show hand 
*** SUMMARY ***
Total pot $0.25 | Rake $0 
Seat 1: Mahu2021 (button) folded before Flop (didn't bet)
Seat 2: liebhabär (small blind) folded before Flop
Seat 3: vovo4kapooh (big blind) folded before Flop
Seat 4: MrZeLiiX folded before Flop (didn't bet)
Seat 5: dragonJ250 collected ($0.25)
Seat 6: Petersonmrad1 folded before Flop (didn't bet)



PokerStars Zoom Hand #255429110348:  Hold'em No Limit ($0.05/$0.10) - 2025/03/24 9:39:10 CET [2025/03/24 4:39:10 ET]
Table 'Aludra' 6-max Seat #1 is the button
Seat 1: jomorn ($12.09 in chips) 
Seat 2: liebhabär ($11.96 in chips) 
Seat 3: Mahu2021 ($11.16 in chips) 
Seat 4: FezzGeraldo ($9.04 in chips) 
Seat 5: cheddarman24 ($10.37 in chips) 
Seat 6: vovo4kapooh ($10.27 in chips) 
liebhabär: posts small blind $0.05
Mahu2021: posts big blind $0.10
*** HOLE CARDS ***
Dealt to Mahu2021 [5h Ts]
FezzGeraldo: folds 
cheddarman24: folds 
vovo4kapooh: folds 
jomorn: raises $0.15 to $0.25
liebhabär: folds 
Mahu2021: folds 
Uncalled bet ($0.15) returned to jomorn
jomorn collected $0.25 from pot
jomorn: doesn't show hand 
*** SUMMARY ***
Total pot $0.25 | Rake $0 
Seat 1: jomorn (button) collected ($0.25)
Seat 2: liebhabär (small blind) folded before Flop
Seat 3: Mahu2021 (big blind) folded before Flop
Seat 4: FezzGeraldo folded before Flop (didn't bet)
Seat 5: cheddarman24 folded before Flop (didn't bet)
Seat 6: vovo4kapooh folded before Flop (didn't bet)



