PokerStars Zoom Hand #255813425270:  Hold'em No Limit ($0.05/$0.10) - 2025/04/20 15:21:20 CET [2025/04/20 9:21:20 ET]
Table 'Aludra' 6-max Seat #1 is the button
Seat 1: Mahu2021 ($9.75 in chips) 
Seat 2: TOMBAR_777 ($9.03 in chips) 
Seat 3: vovo4kapooh ($10.09 in chips) 
Seat 4: JPGarcia ($20.34 in chips) 
Seat 5: Lermeran ($10 in chips) 
Seat 6: strashilisht ($10 in chips) 
TOMBAR_777: posts small blind $0.05
vovo4kapooh: posts big blind $0.10
*** HOLE CARDS ***
Dealt to Mahu2021 [6s 6h]
JPGarcia: folds 
Lermeran: folds 
strashilisht: folds 
Mahu2021: raises $0.20 to $0.30
TOMBAR_777: folds 
vovo4kapooh: folds 
Uncalled bet ($0.20) returned to Mahu2021
Mahu2021 collected $0.25 from pot
Mahu2021: doesn't show hand 
*** SUMMARY ***
Total pot $0.25 | Rake $0 
Seat 1: Mahu2021 (button) collected ($0.25)
Seat 2: TOMBAR_777 (small blind) folded before Flop
Seat 3: vovo4kapooh (big blind) folded before Flop
Seat 4: JPGarcia folded before Flop (didn't bet)
Seat 5: Lermeran folded before Flop (didn't bet)
Seat 6: strashilisht folded before Flop (didn't bet)



PokerStars Zoom Hand #255813420130:  Hold'em No Limit ($0.05/$0.10) - 2025/04/20 15:20:45 CET [2025/04/20 9:20:45 ET]
Table 'Aludra' 6-max Seat #1 is the button
Seat 1: Guten3213 ($12 in chips) 
Seat 2: Pimpen6996 ($9.07 in chips) 
Seat 3: Mahu2021 ($10 in chips) 
Seat 4: Smdpair77 ($10.50 in chips) 
Seat 5: soulfly2145 ($11.80 in chips) 
Seat 6: Cat-Flora ($10.03 in chips) 
Pimpen6996: posts small blind $0.05
Mahu2021: posts big blind $0.10
*** HOLE CARDS ***
Dealt to Mahu2021 [Td Qc]
Smdpair77: folds 
soulfly2145: raises $0.15 to $0.25
Cat-Flora: folds 
Guten3213: folds 
Pimpen6996: calls $0.20
Mahu2021: calls $0.15
*** FLOP *** [5s 2s 6d]
Pimpen6996: checks 
Mahu2021: checks 
soulfly2145: bets $0.40
Pimpen6996: calls $0.40
Mahu2021: folds 
*** TURN *** [5s 2s 6d] [Tc]
Pimpen6996: checks 
soulfly2145: bets $1.11
Pimpen6996: calls $1.11
*** RIVER *** [5s 2s 6d Tc] [7d]
Pimpen6996: checks 
soulfly2145: checks 
*** SHOW DOWN ***
Pimpen6996: shows [9s Js] (high card Jack)
soulfly2145: shows [6h 8h] (a pair of Sixes)
soulfly2145 collected $3.60 from pot
*** SUMMARY ***
Total pot $3.77 | Rake $0.17 
Board [5s 2s 6d Tc 7d]
Seat 1: Guten3213 (button) folded before Flop (didn't bet)
Seat 2: Pimpen6996 (small blind) showed [9s Js] and lost with high card Jack
Seat 3: Mahu2021 (big blind) folded on the Flop
Seat 4: Smdpair77 folded before Flop (didn't bet)
Seat 5: soulfly2145 showed [6h 8h] and won ($3.60) with a pair of Sixes
Seat 6: Cat-Flora folded before Flop (didn't bet)



PokerStars Zoom Hand #255813426892:  Hold'em No Limit ($0.05/$0.10) - 2025/04/20 15:21:32 CET [2025/04/20 9:21:32 ET]
Table 'Aludra' 6-max Seat #1 is the button
Seat 1: Oozart ($6.74 in chips) 
Seat 2: Mahu2021 ($9.90 in chips) 
Seat 3: strashilisht ($10 in chips) 
Seat 4: FugoSushi ($12.54 in chips) 
Seat 5: grasian ($10 in chips) 
Seat 6: looser00091 ($17.66 in chips) 
Mahu2021: posts small blind $0.05
strashilisht: posts big blind $0.10
*** HOLE CARDS ***
Dealt to Mahu2021 [4h 5c]
FugoSushi: folds 
grasian: folds 
looser00091: raises $0.15 to $0.25
Oozart: folds 
Mahu2021: folds 
strashilisht: folds 
Uncalled bet ($0.15) returned to looser00091
looser00091 collected $0.25 from pot
looser00091: doesn't show hand 
*** SUMMARY ***
Total pot $0.25 | Rake $0 
Seat 1: Oozart (button) folded before Flop (didn't bet)
Seat 2: Mahu2021 (small blind) folded before Flop
Seat 3: strashilisht (big blind) folded before Flop
Seat 4: FugoSushi folded before Flop (didn't bet)
Seat 5: grasian folded before Flop (didn't bet)
Seat 6: looser00091 collected ($0.25)



PokerStars Zoom Hand #255813428049:  Hold'em No Limit ($0.05/$0.10) - 2025/04/20 15:21:40 CET [2025/04/20 9:21:40 ET]
Table 'Aludra' 6-max Seat #1 is the button
Seat 1: Luffy V ($10.15 in chips) 
Seat 2: F1$H&CH1P$ ($10.93 in chips) 
Seat 3: Mahu2021 ($9.85 in chips) 
Seat 4: DrMisterSir ($10.83 in chips) 
Seat 5: Smdpair77 ($5.44 in chips) 
Seat 6: Lermeran ($11.28 in chips) 
F1$H&CH1P$: posts small blind $0.05
Mahu2021: posts big blind $0.10
*** HOLE CARDS ***
Dealt to Mahu2021 [7c 3h]
DrMisterSir: folds 
Smdpair77: folds 
Lermeran: folds 
Luffy V: folds 
F1$H&CH1P$: raises $0.15 to $0.25
Mahu2021: folds 
Uncalled bet ($0.15) returned to F1$H&CH1P$
F1$H&CH1P$ collected $0.20 from pot
F1$H&CH1P$: doesn't show hand 
*** SUMMARY ***
Total pot $0.20 | Rake $0 
Seat 1: Luffy V (button) folded before Flop (didn't bet)
Seat 2: F1$H&CH1P$ (small blind) collected ($0.20)
Seat 3: Mahu2021 (big blind) folded before Flop
Seat 4: DrMisterSir folded before Flop (didn't bet)
Seat 5: Smdpair77 folded before Flop (didn't bet)
Seat 6: Lermeran folded before Flop (didn't bet)



PokerStars Zoom Hand #255813431001:  Hold'em No Limit ($0.05/$0.10) - 2025/04/20 15:22:00 CET [2025/04/20 9:22:00 ET]
Table 'Aludra' 6-max Seat #1 is the button
Seat 1: walli700 ($9.85 in chips) 
Seat 2: sssehc ($13.67 in chips) 
Seat 3: Cat-Flora ($14.90 in chips) 
Seat 4: IMMPORT@L ($4.64 in chips) 
Seat 5: Oozart ($6.64 in chips) 
Seat 6: Mahu2021 ($9.75 in chips) 
sssehc: posts small blind $0.05
Cat-Flora: posts big blind $0.10
*** HOLE CARDS ***
Dealt to Mahu2021 [Ac Jh]
IMMPORT@L: folds 
Oozart: folds 
Mahu2021: raises $0.20 to $0.30
walli700: folds 
sssehc: folds 
Cat-Flora: calls $0.20
*** FLOP *** [5s Kd Th]
Cat-Flora: checks 
Mahu2021: bets $0.30
Cat-Flora: calls $0.30
*** TURN *** [5s Kd Th] [3h]
Cat-Flora: checks 
Mahu2021: checks 
*** RIVER *** [5s Kd Th 3h] [8d]
Cat-Flora: checks 
Mahu2021: checks 
*** SHOW DOWN ***
Cat-Flora: shows [9h 9c] (a pair of Nines)
Mahu2021: mucks hand 
Cat-Flora collected $1.19 from pot
*** SUMMARY ***
Total pot $1.25 | Rake $0.06 
Board [5s Kd Th 3h 8d]
Seat 1: walli700 (button) folded before Flop (didn't bet)
Seat 2: sssehc (small blind) folded before Flop
Seat 3: Cat-Flora (big blind) showed [9h 9c] and won ($1.19) with a pair of Nines
Seat 4: IMMPORT@L folded before Flop (didn't bet)
Seat 5: Oozart folded before Flop (didn't bet)
Seat 6: Mahu2021 mucked [Ac Jh]



PokerStars Zoom Hand #255813435105:  Hold'em No Limit ($0.05/$0.10) - 2025/04/20 15:22:28 CET [2025/04/20 9:22:28 ET]
Table 'Aludra' 6-max Seat #1 is the button
Seat 1: Cat-Flora ($15.49 in chips) 
Seat 2: Lermeran ($10 in chips) 
Seat 3: IMMPORT@L ($15.34 in chips) 
Seat 4: Guten3213 ($10.22 in chips) 
Seat 5: Mahu2021 ($9.15 in chips) 
Seat 6: Hr.Berti007 ($10.13 in chips) 
Lermeran: posts small blind $0.05
IMMPORT@L: posts big blind $0.10
*** HOLE CARDS ***
Dealt to Mahu2021 [Jh 5s]
Guten3213: folds 
Mahu2021: folds 
Hr.Berti007: folds 
Cat-Flora: folds 
Lermeran: folds 
Uncalled bet ($0.05) returned to IMMPORT@L
IMMPORT@L collected $0.10 from pot
IMMPORT@L: doesn't show hand 
*** SUMMARY ***
Total pot $0.10 | Rake $0 
Seat 1: Cat-Flora (button) folded before Flop (didn't bet)
Seat 2: Lermeran (small blind) folded before Flop
Seat 3: IMMPORT@L (big blind) collected ($0.10)
Seat 4: Guten3213 folded before Flop (didn't bet)
Seat 5: Mahu2021 folded before Flop (didn't bet)
Seat 6: Hr.Berti007 folded before Flop (didn't bet)



PokerStars Zoom Hand #255813435940:  Hold'em No Limit ($0.05/$0.10) - 2025/04/20 15:22:34 CET [2025/04/20 9:22:34 ET]
Table 'Aludra' 6-max Seat #1 is the button
Seat 1: Tenacious100 ($17.06 in chips) 
Seat 2: Hr.Berti007 ($10.13 in chips) 
Seat 3: Modesto165 ($10 in chips) 
Seat 4: SlipperySealion ($32.03 in chips) 
Seat 5: sssehc ($10.20 in chips) 
Seat 6: Mahu2021 ($9.15 in chips) 
Hr.Berti007: posts small blind $0.05
Modesto165: posts big blind $0.10
*** HOLE CARDS ***
Dealt to Mahu2021 [5s Jd]
SlipperySealion: folds 
sssehc: folds 
Mahu2021: folds 
Tenacious100: folds 
Hr.Berti007: raises $0.20 to $0.30
Modesto165: raises $0.90 to $1.20
Hr.Berti007: folds 
Uncalled bet ($0.90) returned to Modesto165
Modesto165 collected $0.60 from pot
Modesto165: doesn't show hand 
*** SUMMARY ***
Total pot $0.60 | Rake $0 
Seat 1: Tenacious100 (button) folded before Flop (didn't bet)
Seat 2: Hr.Berti007 (small blind) folded before Flop
Seat 3: Modesto165 (big blind) collected ($0.60)
Seat 4: SlipperySealion folded before Flop (didn't bet)
Seat 5: sssehc folded before Flop (didn't bet)
Seat 6: Mahu2021 folded before Flop (didn't bet)



PokerStars Zoom Hand #255813436676:  Hold'em No Limit ($0.05/$0.10) - 2025/04/20 15:22:39 CET [2025/04/20 9:22:39 ET]
Table 'Aludra' 6-max Seat #1 is the button
Seat 1: marcioadrs ($10.78 in chips) 
Seat 2: sssehc ($11.33 in chips) 
Seat 3: SlipperySealion ($32.03 in chips) 
Seat 4: Mahu2021 ($9.15 in chips) 
Seat 5: Luffy V ($10.25 in chips) 
Seat 6: IMMPORT@L ($12.42 in chips) 
sssehc: posts small blind $0.05
SlipperySealion: posts big blind $0.10
*** HOLE CARDS ***
Dealt to Mahu2021 [9s Th]
Mahu2021: folds 
Luffy V: folds 
IMMPORT@L: raises $0.10 to $0.20
marcioadrs: folds 
sssehc: folds 
SlipperySealion: folds 
Uncalled bet ($0.10) returned to IMMPORT@L
IMMPORT@L collected $0.25 from pot
IMMPORT@L: doesn't show hand 
*** SUMMARY ***
Total pot $0.25 | Rake $0 
Seat 1: marcioadrs (button) folded before Flop (didn't bet)
Seat 2: sssehc (small blind) folded before Flop
Seat 3: SlipperySealion (big blind) folded before Flop
Seat 4: Mahu2021 folded before Flop (didn't bet)
Seat 5: Luffy V folded before Flop (didn't bet)
Seat 6: IMMPORT@L collected ($0.25)



PokerStars Zoom Hand #255813438607:  Hold'em No Limit ($0.05/$0.10) - 2025/04/20 15:22:52 CET [2025/04/20 9:22:52 ET]
Table 'Aludra' 6-max Seat #1 is the button
Seat 1: SlipperySealion ($31.93 in chips) 
Seat 2: Modesto165 ($10.30 in chips) 
Seat 3: Mahu2021 ($9.10 in chips) 
Seat 4: soulfly2145 ($13.54 in chips) 
Seat 5: homken11 ($7.20 in chips) 
Seat 6: Cat-Flora ($10.98 in chips) 
Modesto165: posts small blind $0.05
Mahu2021: posts big blind $0.10
*** HOLE CARDS ***
Dealt to Mahu2021 [Ad 8d]
soulfly2145: folds 
homken11: folds 
Cat-Flora: folds 
SlipperySealion: folds 
Modesto165: raises $0.20 to $0.30
Mahu2021: calls $0.20
*** FLOP *** [4c 3c 3d]
Modesto165: checks 
Mahu2021: checks 
*** TURN *** [4c 3c 3d] [Js]
Modesto165: bets $0.43
Mahu2021: folds 
Uncalled bet ($0.43) returned to Modesto165
Modesto165 collected $0.57 from pot
Modesto165: doesn't show hand 
*** SUMMARY ***
Total pot $0.60 | Rake $0.03 
Board [4c 3c 3d Js]
Seat 1: SlipperySealion (button) folded before Flop (didn't bet)
Seat 2: Modesto165 (small blind) collected ($0.57)
Seat 3: Mahu2021 (big blind) folded on the Turn
Seat 4: soulfly2145 folded before Flop (didn't bet)
Seat 5: homken11 folded before Flop (didn't bet)
Seat 6: Cat-Flora folded before Flop (didn't bet)



PokerStars Zoom Hand #255813437996:  Hold'em No Limit ($0.05/$0.10) - 2025/04/20 15:22:48 CET [2025/04/20 9:22:48 ET]
Table 'Aludra' 6-max Seat #1 is the button
Seat 1: krienas333 ($13.34 in chips) 
Seat 2: Mahu2021 ($9.15 in chips) 
Seat 3: Lermeran ($10 in chips) 
Seat 4: Guten3213 ($12.25 in chips) 
Seat 5: Gattini37 ($17.71 in chips) 
Seat 6: DoomDice ($7.48 in chips) 
Mahu2021: posts small blind $0.05
Lermeran: posts big blind $0.10
*** HOLE CARDS ***
Dealt to Mahu2021 [Ts 4s]
Guten3213: folds 
Gattini37: raises $0.12 to $0.22
DoomDice: calls $0.22
krienas333: folds 
Mahu2021: folds 
Lermeran: folds 
*** FLOP *** [Jd 5s 4c]
Gattini37: bets $0.27
DoomDice: folds 
Uncalled bet ($0.27) returned to Gattini37
Gattini37 collected $0.56 from pot
Gattini37: doesn't show hand 
*** SUMMARY ***
Total pot $0.59 | Rake $0.03 
Board [Jd 5s 4c]
Seat 1: krienas333 (button) folded before Flop (didn't bet)
Seat 2: Mahu2021 (small blind) folded before Flop
Seat 3: Lermeran (big blind) folded before Flop
Seat 4: Guten3213 folded before Flop (didn't bet)
Seat 5: Gattini37 collected ($0.56)
Seat 6: DoomDice folded on the Flop



PokerStars Zoom Hand #255813441276:  Hold'em No Limit ($0.05/$0.10) - 2025/04/20 15:23:11 CET [2025/04/20 9:23:11 ET]
Table 'Aludra' 6-max Seat #1 is the button
Seat 1: Mahu2021 ($8.80 in chips) 
Seat 2: Smdpair77 ($5.24 in chips) 
Seat 3: IMMPORT@L ($12.52 in chips) 
Seat 4: TOMBAR_777 ($9.11 in chips) 
Seat 5: Pimpen6996 ($7.11 in chips) 
Seat 6: SlipperySealion ($31.88 in chips) 
Smdpair77: posts small blind $0.05
IMMPORT@L: posts big blind $0.10
*** HOLE CARDS ***
Dealt to Mahu2021 [6s 7c]
TOMBAR_777: folds 
Pimpen6996: folds 
SlipperySealion: folds 
Mahu2021: folds 
Smdpair77: folds 
Uncalled bet ($0.05) returned to IMMPORT@L
IMMPORT@L collected $0.10 from pot
IMMPORT@L: doesn't show hand 
*** SUMMARY ***
Total pot $0.10 | Rake $0 
Seat 1: Mahu2021 (button) folded before Flop (didn't bet)
Seat 2: Smdpair77 (small blind) folded before Flop
Seat 3: IMMPORT@L (big blind) collected ($0.10)
Seat 4: TOMBAR_777 folded before Flop (didn't bet)
Seat 5: Pimpen6996 folded before Flop (didn't bet)
Seat 6: SlipperySealion folded before Flop (didn't bet)



PokerStars Zoom Hand #255813441963:  Hold'em No Limit ($0.05/$0.10) - 2025/04/20 15:23:15 CET [2025/04/20 9:23:15 ET]
Table 'Aludra' 6-max Seat #1 is the button
Seat 1: Luffy V ($10.25 in chips) 
Seat 2: Cat-Flora ($15.34 in chips) 
Seat 3: Smdpair77 ($5.19 in chips) 
Seat 4: marcioadrs ($10.58 in chips) 
Seat 5: Mahu2021 ($8.80 in chips) 
Seat 6: Pimpen6996 ($7.11 in chips) 
Cat-Flora: posts small blind $0.05
Smdpair77: posts big blind $0.10
*** HOLE CARDS ***
Dealt to Mahu2021 [Th 7c]
marcioadrs: folds 
Mahu2021: folds 
Pimpen6996: folds 
Luffy V: raises $0.15 to $0.25
Cat-Flora: folds 
Smdpair77: folds 
Uncalled bet ($0.15) returned to Luffy V
Luffy V collected $0.25 from pot
Luffy V: doesn't show hand 
*** SUMMARY ***
Total pot $0.25 | Rake $0 
Seat 1: Luffy V (button) collected ($0.25)
Seat 2: Cat-Flora (small blind) folded before Flop
Seat 3: Smdpair77 (big blind) folded before Flop
Seat 4: marcioadrs folded before Flop (didn't bet)
Seat 5: Mahu2021 folded before Flop (didn't bet)
Seat 6: Pimpen6996 folded before Flop (didn't bet)



PokerStars Zoom Hand #255813437266:  Hold'em No Limit ($0.05/$0.10) - 2025/04/20 15:22:43 CET [2025/04/20 9:22:43 ET]
Table 'Aludra' 6-max Seat #1 is the button
Seat 1: Mahu2021 ($9.15 in chips) 
Seat 2: kingfisher898 ($37.19 in chips) 
Seat 3: vovo4kapooh ($11.46 in chips) 
Seat 4: FugoSushi ($12.29 in chips) 
Seat 5: honEybOOx ($10 in chips) 
Seat 6: sssehc ($10.23 in chips) 
kingfisher898: posts small blind $0.05
vovo4kapooh: posts big blind $0.10
*** HOLE CARDS ***
Dealt to Mahu2021 [Qh 9c]
FugoSushi: calls $0.10
honEybOOx: raises $0.20 to $0.30
sssehc: folds 
Mahu2021: folds 
kingfisher898: calls $0.25
vovo4kapooh: folds 
FugoSushi: calls $0.20
*** FLOP *** [4d 4s Ad]
kingfisher898: bets $0.58
FugoSushi: folds 
honEybOOx: calls $0.58
*** TURN *** [4d 4s Ad] [Kd]
kingfisher898: checks 
honEybOOx: bets $1.55
kingfisher898: folds 
Uncalled bet ($1.55) returned to honEybOOx
honEybOOx collected $2.04 from pot
honEybOOx: doesn't show hand 
*** SUMMARY ***
Total pot $2.16 | Rake $0.12 
Board [4d 4s Ad Kd]
Seat 1: Mahu2021 (button) folded before Flop (didn't bet)
Seat 2: kingfisher898 (small blind) folded on the Turn
Seat 3: vovo4kapooh (big blind) folded before Flop
Seat 4: FugoSushi folded on the Flop
Seat 5: honEybOOx collected ($2.04)
Seat 6: sssehc folded before Flop (didn't bet)



PokerStars Zoom Hand #255813442834:  Hold'em No Limit ($0.05/$0.10) - 2025/04/20 15:23:21 CET [2025/04/20 9:23:21 ET]
Table 'Aludra' 6-max Seat #1 is the button
Seat 1: homken11 ($7.05 in chips) 
Seat 2: Gattini37 ($18.05 in chips) 
Seat 3: S4YA30 ($5 in chips) 
Seat 4: tvno219 ($12.15 in chips) 
Seat 5: Mahu2021 ($8.80 in chips) 
Seat 6: krienas333 ($13.19 in chips) 
Gattini37: posts small blind $0.05
S4YA30: posts big blind $0.10
*** HOLE CARDS ***
Dealt to Mahu2021 [Td Qh]
tvno219: folds 
Mahu2021: folds 
krienas333: raises $0.10 to $0.20
homken11: folds 
Gattini37: calls $0.15
S4YA30: calls $0.10
*** FLOP *** [Jd 6d 4c]
Gattini37: bets $0.27
S4YA30: folds 
krienas333: folds 
Uncalled bet ($0.27) returned to Gattini37
Gattini37 collected $0.57 from pot
Gattini37: doesn't show hand 
*** SUMMARY ***
Total pot $0.60 | Rake $0.03 
Board [Jd 6d 4c]
Seat 1: homken11 (button) folded before Flop (didn't bet)
Seat 2: Gattini37 (small blind) collected ($0.57)
Seat 3: S4YA30 (big blind) folded on the Flop
Seat 4: tvno219 folded before Flop (didn't bet)
Seat 5: Mahu2021 folded before Flop (didn't bet)
Seat 6: krienas333 folded on the Flop



PokerStars Zoom Hand #255813444147:  Hold'em No Limit ($0.05/$0.10) - 2025/04/20 15:23:30 CET [2025/04/20 9:23:30 ET]
Table 'Aludra' 6-max Seat #1 is the button
Seat 1: Cat-Flora ($15.29 in chips) 
Seat 2: Mahu2021 ($8.80 in chips) 
Seat 3: Don Andres8 ($4.49 in chips) 
Seat 4: marcioadrs ($11.98 in chips) 
Seat 5: alexbuzatu ($11.46 in chips) 
Seat 6: walli700 ($9.24 in chips) 
Mahu2021: posts small blind $0.05
Don Andres8: posts big blind $0.10
*** HOLE CARDS ***
Dealt to Mahu2021 [Qd Jh]
marcioadrs: folds 
alexbuzatu: folds 
walli700: folds 
Cat-Flora: raises $0.15 to $0.25
Mahu2021: calls $0.20
Don Andres8: folds 
*** FLOP *** [9d Kc Ad]
Mahu2021: checks 
Cat-Flora: bets $0.17
Mahu2021: calls $0.17
*** TURN *** [9d Kc Ad] [6s]
Mahu2021: checks 
Cat-Flora: bets $1.40
Mahu2021: folds 
Uncalled bet ($1.40) returned to Cat-Flora
Cat-Flora collected $0.90 from pot
Cat-Flora: doesn't show hand 
*** SUMMARY ***
Total pot $0.94 | Rake $0.04 
Board [9d Kc Ad 6s]
Seat 1: Cat-Flora (button) collected ($0.90)
Seat 2: Mahu2021 (small blind) folded on the Turn
Seat 3: Don Andres8 (big blind) folded before Flop
Seat 4: marcioadrs folded before Flop (didn't bet)
Seat 5: alexbuzatu folded before Flop (didn't bet)
Seat 6: walli700 folded before Flop (didn't bet)



PokerStars Zoom Hand #255813443566:  Hold'em No Limit ($0.05/$0.10) - 2025/04/20 15:23:26 CET [2025/04/20 9:23:26 ET]
Table 'Aludra' 6-max Seat #1 is the button
Seat 1: Luffy V ($10.45 in chips) 
Seat 2: ilbeback2017 ($9.43 in chips) 
Seat 3: soulfly2145 ($13.49 in chips) 
Seat 4: vovo4kapooh ($10.35 in chips) 
Seat 5: IMMPORT@L ($4.91 in chips) 
Seat 6: Mahu2021 ($8.80 in chips) 
ilbeback2017: posts small blind $0.05
soulfly2145: posts big blind $0.10
*** HOLE CARDS ***
Dealt to Mahu2021 [6h 8d]
vovo4kapooh: folds 
IMMPORT@L: folds 
Mahu2021: folds 
Luffy V: raises $0.15 to $0.25
ilbeback2017: folds 
soulfly2145: calls $0.15
*** FLOP *** [8c Kd 7c]
soulfly2145: checks 
Luffy V: bets $0.17
soulfly2145: calls $0.17
*** TURN *** [8c Kd 7c] [9d]
soulfly2145: checks 
Luffy V: checks 
*** RIVER *** [8c Kd 7c 9d] [Jd]
soulfly2145: checks 
Luffy V: checks 
*** SHOW DOWN ***
soulfly2145: shows [6d 7h] (a pair of Sevens)
Luffy V: shows [8h Qh] (a pair of Eights)
Luffy V collected $0.85 from pot
*** SUMMARY ***
Total pot $0.89 | Rake $0.04 
Board [8c Kd 7c 9d Jd]
Seat 1: Luffy V (button) showed [8h Qh] and won ($0.85) with a pair of Eights
Seat 2: ilbeback2017 (small blind) folded before Flop
Seat 3: soulfly2145 (big blind) showed [6d 7h] and lost with a pair of Sevens
Seat 4: vovo4kapooh folded before Flop (didn't bet)
Seat 5: IMMPORT@L folded before Flop (didn't bet)
Seat 6: Mahu2021 folded before Flop (didn't bet)



PokerStars Zoom Hand #255813447755:  Hold'em No Limit ($0.05/$0.10) - 2025/04/20 15:23:55 CET [2025/04/20 9:23:55 ET]
Table 'Aludra' 6-max Seat #1 is the button
Seat 1: vovo4kapooh ($11.36 in chips) 
Seat 2: MLatouche ($9.80 in chips) 
Seat 3: walli700 ($9.14 in chips) 
Seat 4: Mahu2021 ($8.38 in chips) 
Seat 5: F1$H&CH1P$ ($9.93 in chips) 
Seat 6: alexbuzatu ($11.56 in chips) 
MLatouche: posts small blind $0.05
walli700: posts big blind $0.10
*** HOLE CARDS ***
Dealt to Mahu2021 [9d Qc]
Mahu2021: folds 
F1$H&CH1P$: folds 
alexbuzatu: calls $0.10
vovo4kapooh: raises $0.45 to $0.55
MLatouche: folds 
walli700: folds 
alexbuzatu: calls $0.45
*** FLOP *** [7h Ts 9h]
alexbuzatu: bets $1.19
vovo4kapooh: folds 
Uncalled bet ($1.19) returned to alexbuzatu
alexbuzatu collected $1.19 from pot
alexbuzatu: doesn't show hand 
*** SUMMARY ***
Total pot $1.25 | Rake $0.06 
Board [7h Ts 9h]
Seat 1: vovo4kapooh (button) folded on the Flop
Seat 2: MLatouche (small blind) folded before Flop
Seat 3: walli700 (big blind) folded before Flop
Seat 4: Mahu2021 folded before Flop (didn't bet)
Seat 5: F1$H&CH1P$ folded before Flop (didn't bet)
Seat 6: alexbuzatu collected ($1.19)



PokerStars Zoom Hand #255813448295:  Hold'em No Limit ($0.05/$0.10) - 2025/04/20 15:23:59 CET [2025/04/20 9:23:59 ET]
Table 'Aludra' 6-max Seat #1 is the button
Seat 1: JPGarcia ($18.99 in chips) 
Seat 2: aimless0 ($11.50 in chips) 
Seat 3: F1$H&CH1P$ ($9.93 in chips) 
Seat 4: Mahu2021 ($8.38 in chips) 
Seat 5: magellano197777 ($11.09 in chips) 
Seat 6: SlipperySealion ($24.20 in chips) 
aimless0: posts small blind $0.05
F1$H&CH1P$: posts big blind $0.10
*** HOLE CARDS ***
Dealt to Mahu2021 [Ts 8s]
Mahu2021: raises $0.10 to $0.20
magellano197777: raises $0.30 to $0.50
SlipperySealion: folds 
JPGarcia: folds 
aimless0: calls $0.45
F1$H&CH1P$: folds 
Mahu2021: calls $0.30
*** FLOP *** [9d Ah 3s]
aimless0: checks 
Mahu2021: checks 
magellano197777: checks 
*** TURN *** [9d Ah 3s] [Qc]
aimless0: checks 
Mahu2021: checks 
magellano197777: bets $0.30
aimless0: calls $0.30
Mahu2021: calls $0.30
*** RIVER *** [9d Ah 3s Qc] [7h]
aimless0: checks 
Mahu2021: checks 
magellano197777: checks 
*** SHOW DOWN ***
aimless0: shows [Th 9h] (a pair of Nines)
Mahu2021: mucks hand 
magellano197777: shows [Kd Qd] (a pair of Queens)
magellano197777 collected $2.39 from pot
*** SUMMARY ***
Total pot $2.50 | Rake $0.11 
Board [9d Ah 3s Qc 7h]
Seat 1: JPGarcia (button) folded before Flop (didn't bet)
Seat 2: aimless0 (small blind) showed [Th 9h] and lost with a pair of Nines
Seat 3: F1$H&CH1P$ (big blind) folded before Flop
Seat 4: Mahu2021 mucked [Ts 8s]
Seat 5: magellano197777 showed [Kd Qd] and won ($2.39) with a pair of Queens
Seat 6: SlipperySealion folded before Flop (didn't bet)



PokerStars Zoom Hand #255813456034:  Hold'em No Limit ($0.05/$0.10) - 2025/04/20 15:24:51 CET [2025/04/20 9:24:51 ET]
Table 'Aludra' 6-max Seat #1 is the button
Seat 1: Ebarossi ($10 in chips) 
Seat 2: Luffy V ($12.70 in chips) 
Seat 3: Mahu2021 ($7.58 in chips) 
Seat 4: aimless0 ($10.70 in chips) 
Seat 5: FugoSushi ($11.02 in chips) 
Seat 6: honEybOOx ($10 in chips) 
Luffy V: posts small blind $0.05
Mahu2021: posts big blind $0.10
*** HOLE CARDS ***
Dealt to Mahu2021 [2c 3h]
aimless0: folds 
FugoSushi: folds 
honEybOOx: folds 
Ebarossi: folds 
Luffy V: raises $0.20 to $0.30
Mahu2021: folds 
Uncalled bet ($0.20) returned to Luffy V
Luffy V collected $0.20 from pot
Luffy V: doesn't show hand 
*** SUMMARY ***
Total pot $0.20 | Rake $0 
Seat 1: Ebarossi (button) folded before Flop (didn't bet)
Seat 2: Luffy V (small blind) collected ($0.20)
Seat 3: Mahu2021 (big blind) folded before Flop
Seat 4: aimless0 folded before Flop (didn't bet)
Seat 5: FugoSushi folded before Flop (didn't bet)
Seat 6: honEybOOx folded before Flop (didn't bet)



PokerStars Zoom Hand #255813458830:  Hold'em No Limit ($0.05/$0.10) - 2025/04/20 15:25:11 CET [2025/04/20 9:25:11 ET]
Table 'Aludra' 6-max Seat #1 is the button
Seat 1: Mahu2021 ($7.48 in chips) 
Seat 2: Polqkaa ($7.37 in chips) 
Seat 3: dariolpr ($11.18 in chips) 
Seat 4: Lermeran ($11.38 in chips) 
Seat 5: Smdpair77 ($10.62 in chips) 
Seat 6: ilbeback2017 ($9.68 in chips) 
Polqkaa: posts small blind $0.05
dariolpr: posts big blind $0.10
*** HOLE CARDS ***
Dealt to Mahu2021 [4c 7h]
Lermeran: folds 
Smdpair77: raises $0.10 to $0.20
ilbeback2017: calls $0.20
Mahu2021: folds 
Polqkaa: folds 
dariolpr: raises $0.95 to $1.15
Smdpair77: folds 
ilbeback2017: folds 
Uncalled bet ($0.95) returned to dariolpr
dariolpr collected $0.65 from pot
dariolpr: doesn't show hand 
*** SUMMARY ***
Total pot $0.65 | Rake $0 
Seat 1: Mahu2021 (button) folded before Flop (didn't bet)
Seat 2: Polqkaa (small blind) folded before Flop
Seat 3: dariolpr (big blind) collected ($0.65)
Seat 4: Lermeran folded before Flop (didn't bet)
Seat 5: Smdpair77 folded before Flop
Seat 6: ilbeback2017 folded before Flop



PokerStars Zoom Hand #255813460809:  Hold'em No Limit ($0.05/$0.10) - 2025/04/20 15:25:24 CET [2025/04/20 9:25:24 ET]
Table 'Aludra' 6-max Seat #1 is the button
Seat 1: honEybOOx ($11.20 in chips) 
Seat 2: Mahu2021 ($7.48 in chips) 
Seat 3: IMMPORT@L ($13.72 in chips) 
Seat 4: F1$H&CH1P$ ($10.15 in chips) 
Seat 5: krienas333 ($12.79 in chips) 
Seat 6: Ebarossi ($10 in chips) 
Mahu2021: posts small blind $0.05
IMMPORT@L: posts big blind $0.10
*** HOLE CARDS ***
Dealt to Mahu2021 [7d Td]
F1$H&CH1P$: folds 
krienas333: folds 
Ebarossi: folds 
honEybOOx: folds 
Mahu2021: folds 
Uncalled bet ($0.05) returned to IMMPORT@L
IMMPORT@L collected $0.10 from pot
IMMPORT@L: doesn't show hand 
*** SUMMARY ***
Total pot $0.10 | Rake $0 
Seat 1: honEybOOx (button) folded before Flop (didn't bet)
Seat 2: Mahu2021 (small blind) folded before Flop
Seat 3: IMMPORT@L (big blind) collected ($0.10)
Seat 4: F1$H&CH1P$ folded before Flop (didn't bet)
Seat 5: krienas333 folded before Flop (didn't bet)
Seat 6: Ebarossi folded before Flop (didn't bet)



PokerStars Zoom Hand #255813461272:  Hold'em No Limit ($0.05/$0.10) - 2025/04/20 15:25:28 CET [2025/04/20 9:25:28 ET]
Table 'Aludra' 6-max Seat #1 is the button
Seat 1: Guten3213 ($10.46 in chips) 
Seat 2: qj444 ($10.66 in chips) 
Seat 3: krienas333 ($12.79 in chips) 
Seat 4: Mahu2021 ($7.43 in chips) 
Seat 5: magellano197777 ($12.73 in chips) 
Seat 6: marcioadrs ($10.64 in chips) 
qj444: posts small blind $0.05
krienas333: posts big blind $0.10
*** HOLE CARDS ***
Dealt to Mahu2021 [8d 2h]
Mahu2021: folds 
magellano197777: raises $0.10 to $0.20
marcioadrs: folds 
Guten3213: folds 
qj444: folds 
krienas333: calls $0.10
*** FLOP *** [8c Qc 6s]
krienas333: bets $0.10
magellano197777: folds 
Uncalled bet ($0.10) returned to krienas333
krienas333 collected $0.43 from pot
krienas333: doesn't show hand 
*** SUMMARY ***
Total pot $0.45 | Rake $0.02 
Board [8c Qc 6s]
Seat 1: Guten3213 (button) folded before Flop (didn't bet)
Seat 2: qj444 (small blind) folded before Flop
Seat 3: krienas333 (big blind) collected ($0.43)
Seat 4: Mahu2021 folded before Flop (didn't bet)
Seat 5: magellano197777 folded on the Flop
Seat 6: marcioadrs folded before Flop (didn't bet)



PokerStars Zoom Hand #255813460397:  Hold'em No Limit ($0.05/$0.10) - 2025/04/20 15:25:22 CET [2025/04/20 9:25:22 ET]
Table 'Aludra' 6-max Seat #1 is the button
Seat 1: looser00091 ($32 in chips) 
Seat 2: IMMPORT@L ($13.77 in chips) 
Seat 3: soulfly2145 ($13.32 in chips) 
Seat 4: Cat-Flora ($10.47 in chips) 
Seat 5: Mahu2021 ($7.48 in chips) 
Seat 6: Luffy V ($12.80 in chips) 
IMMPORT@L: posts small blind $0.05
soulfly2145: posts big blind $0.10
*** HOLE CARDS ***
Dealt to Mahu2021 [2h Ks]
Cat-Flora: raises $0.15 to $0.25
Mahu2021: folds 
Luffy V: folds 
looser00091: raises $0.55 to $0.80
IMMPORT@L: folds 
soulfly2145: folds 
Cat-Flora: calls $0.55
*** FLOP *** [3d 7d 3c]
Cat-Flora: checks 
looser00091: bets $0.84
Cat-Flora: folds 
Uncalled bet ($0.84) returned to looser00091
looser00091 collected $1.67 from pot
looser00091: doesn't show hand 
*** SUMMARY ***
Total pot $1.75 | Rake $0.08 
Board [3d 7d 3c]
Seat 1: looser00091 (button) collected ($1.67)
Seat 2: IMMPORT@L (small blind) folded before Flop
Seat 3: soulfly2145 (big blind) folded before Flop
Seat 4: Cat-Flora folded on the Flop
Seat 5: Mahu2021 folded before Flop (didn't bet)
Seat 6: Luffy V folded before Flop (didn't bet)



PokerStars Zoom Hand #255813459557:  Hold'em No Limit ($0.05/$0.10) - 2025/04/20 15:25:16 CET [2025/04/20 9:25:16 ET]
Table 'Aludra' 6-max Seat #1 is the button
Seat 1: Polqkaa ($7.32 in chips) 
Seat 2: soulfly2145 ($13.37 in chips) 
Seat 3: alexbuzatu ($10.87 in chips) 
Seat 4: vovo4kapooh ($10.86 in chips) 
Seat 5: qj444 ($10.73 in chips) 
Seat 6: Mahu2021 ($7.48 in chips) 
soulfly2145: posts small blind $0.05
alexbuzatu: posts big blind $0.10
*** HOLE CARDS ***
Dealt to Mahu2021 [2c 6h]
vovo4kapooh: folds 
qj444: raises $0.10 to $0.20
Mahu2021: folds 
Polqkaa: calls $0.20
soulfly2145: folds 
alexbuzatu: folds 
*** FLOP *** [7h Tc Ts]
qj444: checks 
Polqkaa: checks 
*** TURN *** [7h Tc Ts] [4h]
qj444: checks 
Polqkaa: bets $0.30
qj444: folds 
Uncalled bet ($0.30) returned to Polqkaa
Polqkaa collected $0.53 from pot
Polqkaa: doesn't show hand 
*** SUMMARY ***
Total pot $0.55 | Rake $0.02 
Board [7h Tc Ts 4h]
Seat 1: Polqkaa (button) collected ($0.53)
Seat 2: soulfly2145 (small blind) folded before Flop
Seat 3: alexbuzatu (big blind) folded before Flop
Seat 4: vovo4kapooh folded before Flop (didn't bet)
Seat 5: qj444 folded on the Turn
Seat 6: Mahu2021 folded before Flop (didn't bet)



PokerStars Zoom Hand #255813461882:  Hold'em No Limit ($0.05/$0.10) - 2025/04/20 15:25:32 CET [2025/04/20 9:25:32 ET]
Table 'Aludra' 6-max Seat #1 is the button
Seat 1: Smdpair77 ($10.42 in chips) 
Seat 2: F1$H&CH1P$ ($10.15 in chips) 
Seat 3: Mahu2021 ($7.43 in chips) 
Seat 4: Vadim91_blr ($10 in chips) 
Seat 5: Cat-Flora ($10.58 in chips) 
Seat 6: honEybOOx ($11.20 in chips) 
F1$H&CH1P$: posts small blind $0.05
Mahu2021: posts big blind $0.10
*** HOLE CARDS ***
Dealt to Mahu2021 [Ks Jd]
Vadim91_blr: folds 
Cat-Flora: folds 
honEybOOx: raises $0.12 to $0.22
Smdpair77: folds 
F1$H&CH1P$: folds 
Mahu2021: calls $0.12
*** FLOP *** [4h 2c 4c]
Mahu2021: bets $0.30
honEybOOx: calls $0.30
*** TURN *** [4h 2c 4c] [Kc]
Mahu2021: bets $1.04
honEybOOx: calls $1.04
*** RIVER *** [4h 2c 4c Kc] [Kd]
Mahu2021: bets $3.03
honEybOOx: raises $6.61 to $9.64 and is all-in
Mahu2021: calls $2.84 and is all-in
Uncalled bet ($3.77) returned to honEybOOx
*** SHOW DOWN ***
honEybOOx: shows [Kh 9c] (a full house, Kings full of Fours)
Mahu2021: shows [Ks Jd] (a full house, Kings full of Fours)
Mahu2021 collected $7.12 from pot
honEybOOx collected $7.04 from pot
*** SUMMARY ***
Total pot $14.91 | Rake $0.75 
Board [4h 2c 4c Kc Kd]
Seat 1: Smdpair77 (button) folded before Flop (didn't bet)
Seat 2: F1$H&CH1P$ (small blind) folded before Flop
Seat 3: Mahu2021 (big blind) showed [Ks Jd] and won ($7.12) with a full house, Kings full of Fours
Seat 4: Vadim91_blr folded before Flop (didn't bet)
Seat 5: Cat-Flora folded before Flop (didn't bet)
Seat 6: honEybOOx showed [Kh 9c] and won ($7.04) with a full house, Kings full of Fours



PokerStars Zoom Hand #255813472249:  Hold'em No Limit ($0.05/$0.10) - 2025/04/20 15:26:42 CET [2025/04/20 9:26:42 ET]
Table 'Aludra' 6-max Seat #1 is the button
Seat 1: Mahu2021 ($7.12 in chips) 
Seat 2: Cat-Flora ($11.24 in chips) 
Seat 3: OliTheGoalie84 ($10 in chips) 
Seat 4: Vadim91_blr ($11.29 in chips) 
Seat 5: honEybOOx ($10.81 in chips) 
Seat 6: lovelylovelylad ($10.61 in chips) 
Cat-Flora: posts small blind $0.05
OliTheGoalie84: posts big blind $0.10
*** HOLE CARDS ***
Dealt to Mahu2021 [9d Tc]
Vadim91_blr: raises $0.10 to $0.20
honEybOOx: folds 
lovelylovelylad: folds 
Mahu2021: calls $0.20
Cat-Flora: folds 
OliTheGoalie84: calls $0.10
*** FLOP *** [6s 3d 5d]
OliTheGoalie84: checks 
Vadim91_blr: checks 
Mahu2021: checks 
*** TURN *** [6s 3d 5d] [8d]
OliTheGoalie84: checks 
Vadim91_blr: checks 
Mahu2021: bets $0.62
OliTheGoalie84: folds 
Vadim91_blr: folds 
Uncalled bet ($0.62) returned to Mahu2021
Mahu2021 collected $0.62 from pot
Mahu2021: doesn't show hand 
*** SUMMARY ***
Total pot $0.65 | Rake $0.03 
Board [6s 3d 5d 8d]
Seat 1: Mahu2021 (button) collected ($0.62)
Seat 2: Cat-Flora (small blind) folded before Flop
Seat 3: OliTheGoalie84 (big blind) folded on the Turn
Seat 4: Vadim91_blr folded on the Turn
Seat 5: honEybOOx folded before Flop (didn't bet)
Seat 6: lovelylovelylad folded before Flop (didn't bet)



PokerStars Zoom Hand #255813479407:  Hold'em No Limit ($0.05/$0.10) - 2025/04/20 15:27:31 CET [2025/04/20 9:27:31 ET]
Table 'Aludra' 6-max Seat #1 is the button
Seat 1: IMMPORT@L ($9.86 in chips) 
Seat 2: BluesUK ($17.04 in chips) 
Seat 3: Guten3213 ($11.24 in chips) 
Seat 4: marcioadrs ($10.90 in chips) 
Seat 5: Mahu2021 ($7.54 in chips) 
Seat 6: Gattini37 ($19.38 in chips) 
BluesUK: posts small blind $0.05
Guten3213: posts big blind $0.10
*** HOLE CARDS ***
Dealt to Mahu2021 [4c Ad]
marcioadrs: folds 
Mahu2021: folds 
Gattini37: folds 
IMMPORT@L: folds 
BluesUK: folds 
Uncalled bet ($0.05) returned to Guten3213
Guten3213 collected $0.10 from pot
Guten3213: doesn't show hand 
*** SUMMARY ***
Total pot $0.10 | Rake $0 
Seat 1: IMMPORT@L (button) folded before Flop (didn't bet)
Seat 2: BluesUK (small blind) folded before Flop
Seat 3: Guten3213 (big blind) collected ($0.10)
Seat 4: marcioadrs folded before Flop (didn't bet)
Seat 5: Mahu2021 folded before Flop (didn't bet)
Seat 6: Gattini37 folded before Flop (didn't bet)



PokerStars Zoom Hand #255813477182:  Hold'em No Limit ($0.05/$0.10) - 2025/04/20 15:27:16 CET [2025/04/20 9:27:16 ET]
Table 'Aludra' 6-max Seat #1 is the button
Seat 1: strashilisht ($10.10 in chips) 
Seat 2: SlipperySealion ($38.06 in chips) 
Seat 3: walli700 ($7.04 in chips) 
Seat 4: lovelylovelylad ($10.86 in chips) 
Seat 5: Cat-Flora ($10.10 in chips) 
Seat 6: Mahu2021 ($7.54 in chips) 
SlipperySealion: posts small blind $0.05
walli700: posts big blind $0.10
*** HOLE CARDS ***
Dealt to Mahu2021 [Tc Qd]
lovelylovelylad: folds 
Cat-Flora: folds 
Mahu2021: folds 
strashilisht: raises $0.15 to $0.25
SlipperySealion: raises $0.85 to $1.10
walli700: folds 
strashilisht: folds 
Uncalled bet ($0.85) returned to SlipperySealion
SlipperySealion collected $0.60 from pot
SlipperySealion: doesn't show hand 
*** SUMMARY ***
Total pot $0.60 | Rake $0 
Seat 1: strashilisht (button) folded before Flop
Seat 2: SlipperySealion (small blind) collected ($0.60)
Seat 3: walli700 (big blind) folded before Flop
Seat 4: lovelylovelylad folded before Flop (didn't bet)
Seat 5: Cat-Flora folded before Flop (didn't bet)
Seat 6: Mahu2021 folded before Flop (didn't bet)



PokerStars Zoom Hand #255813480737:  Hold'em No Limit ($0.05/$0.10) - 2025/04/20 15:27:40 CET [2025/04/20 9:27:40 ET]
Table 'Aludra' 6-max Seat #1 is the button
Seat 1: DoomDice ($5.61 in chips) 
Seat 2: Mahu2021 ($7.54 in chips) 
Seat 3: Oozart ($5.27 in chips) 
Seat 4: marcioadrs ($10.53 in chips) 
Seat 5: OliTheGoalie84 ($10.51 in chips) 
Seat 6: AlexanderSweden ($2.63 in chips) 
Mahu2021: posts small blind $0.05
Oozart: posts big blind $0.10
*** HOLE CARDS ***
Dealt to Mahu2021 [Jc Ah]
marcioadrs: raises $0.10 to $0.20
OliTheGoalie84: folds 
AlexanderSweden: folds 
DoomDice: folds 
Mahu2021: calls $0.15
Oozart: folds 
*** FLOP *** [9h 9d 8c]
Mahu2021: checks 
marcioadrs: bets $0.24
Mahu2021: calls $0.24
*** TURN *** [9h 9d 8c] [3d]
Mahu2021: checks 
marcioadrs: checks 
*** RIVER *** [9h 9d 8c 3d] [6c]
Mahu2021: checks 
marcioadrs: bets $0.62
Mahu2021: folds 
Uncalled bet ($0.62) returned to marcioadrs
marcioadrs collected $0.94 from pot
marcioadrs: doesn't show hand 
*** SUMMARY ***
Total pot $0.98 | Rake $0.04 
Board [9h 9d 8c 3d 6c]
Seat 1: DoomDice (button) folded before Flop (didn't bet)
Seat 2: Mahu2021 (small blind) folded on the River
Seat 3: Oozart (big blind) folded before Flop
Seat 4: marcioadrs collected ($0.94)
Seat 5: OliTheGoalie84 folded before Flop (didn't bet)
Seat 6: AlexanderSweden folded before Flop (didn't bet)



PokerStars Zoom Hand #255813485295:  Hold'em No Limit ($0.05/$0.10) - 2025/04/20 15:28:11 CET [2025/04/20 9:28:11 ET]
Table 'Aludra' 6-max Seat #1 is the button
Seat 1: IMMPORT@L ($11.19 in chips) 
Seat 2: soulfly2145 ($11.72 in chips) 
Seat 3: Mahu2021 ($7.10 in chips) 
Seat 4: vovo4kapooh ($13.31 in chips) 
Seat 5: Polqkaa ($4.75 in chips) 
Seat 6: Ruabe ($11.95 in chips) 
soulfly2145: posts small blind $0.05
Mahu2021: posts big blind $0.10
*** HOLE CARDS ***
Dealt to Mahu2021 [8c 8s]
vovo4kapooh: raises $0.35 to $0.45
Polqkaa: calls $0.45
Ruabe: folds 
IMMPORT@L: folds 
soulfly2145: folds 
Mahu2021: calls $0.35
*** FLOP *** [Ks Ah Qs]
Mahu2021: checks 
vovo4kapooh: checks 
Polqkaa: bets $0.45
Mahu2021: folds 
vovo4kapooh: calls $0.45
*** TURN *** [Ks Ah Qs] [2d]
vovo4kapooh: checks 
Polqkaa: bets $1.30
vovo4kapooh: folds 
Uncalled bet ($1.30) returned to Polqkaa
Polqkaa collected $2.20 from pot
Polqkaa: doesn't show hand 
*** SUMMARY ***
Total pot $2.30 | Rake $0.10 
Board [Ks Ah Qs 2d]
Seat 1: IMMPORT@L (button) folded before Flop (didn't bet)
Seat 2: soulfly2145 (small blind) folded before Flop
Seat 3: Mahu2021 (big blind) folded on the Flop
Seat 4: vovo4kapooh folded on the Turn
Seat 5: Polqkaa collected ($2.20)
Seat 6: Ruabe folded before Flop (didn't bet)



PokerStars Zoom Hand #255813488679:  Hold'em No Limit ($0.05/$0.10) - 2025/04/20 15:28:34 CET [2025/04/20 9:28:34 ET]
Table 'Aludra' 6-max Seat #1 is the button
Seat 1: S4YA30 ($6.11 in chips) 
Seat 2: krienas333 ($13.14 in chips) 
Seat 3: Smdpair77 ($15.80 in chips) 
Seat 4: Mahu2021 ($6.65 in chips) 
Seat 5: valefin ($3.17 in chips) 
Seat 6: SlipperySealion ($26.42 in chips) 
krienas333: posts small blind $0.05
Smdpair77: posts big blind $0.10
*** HOLE CARDS ***
Dealt to Mahu2021 [Ad Th]
Mahu2021: raises $0.10 to $0.20
valefin: folds 
SlipperySealion: folds 
S4YA30: folds 
krienas333: calls $0.15
Smdpair77: raises $0.90 to $1.10
Mahu2021: folds 
krienas333: folds 
Uncalled bet ($0.90) returned to Smdpair77
Smdpair77 collected $0.60 from pot
Smdpair77: doesn't show hand 
*** SUMMARY ***
Total pot $0.60 | Rake $0 
Seat 1: S4YA30 (button) folded before Flop (didn't bet)
Seat 2: krienas333 (small blind) folded before Flop
Seat 3: Smdpair77 (big blind) collected ($0.60)
Seat 4: Mahu2021 folded before Flop
Seat 5: valefin folded before Flop (didn't bet)
Seat 6: SlipperySealion folded before Flop (didn't bet)



PokerStars Zoom Hand #255813491755:  Hold'em No Limit ($0.05/$0.10) - 2025/04/20 15:28:55 CET [2025/04/20 9:28:55 ET]
Table 'Aludra' 6-max Seat #1 is the button
Seat 1: IMMPORT@L ($21.04 in chips) 
Seat 2: sssehc ($11.73 in chips) 
Seat 3: Oozart ($5.02 in chips) 
Seat 4: soulfly2145 ($12.70 in chips) 
Seat 5: vovo4kapooh ($12.41 in chips) 
Seat 6: Mahu2021 ($6.45 in chips) 
sssehc: posts small blind $0.05
Oozart: posts big blind $0.10
*** HOLE CARDS ***
Dealt to Mahu2021 [Ks Kc]
soulfly2145: folds 
vovo4kapooh: folds 
Mahu2021: raises $0.20 to $0.30
IMMPORT@L: folds 
sssehc: calls $0.25
Oozart: folds 
*** FLOP *** [Tc 2d Jc]
sssehc: checks 
Mahu2021: bets $0.67
sssehc: calls $0.67
*** TURN *** [Tc 2d Jc] [Kh]
sssehc: checks 
Mahu2021: bets $1.95
sssehc: folds 
Uncalled bet ($1.95) returned to Mahu2021
Mahu2021 collected $1.95 from pot
Mahu2021: doesn't show hand 
*** SUMMARY ***
Total pot $2.04 | Rake $0.09 
Board [Tc 2d Jc Kh]
Seat 1: IMMPORT@L (button) folded before Flop (didn't bet)
Seat 2: sssehc (small blind) folded on the Turn
Seat 3: Oozart (big blind) folded before Flop
Seat 4: soulfly2145 folded before Flop (didn't bet)
Seat 5: vovo4kapooh folded before Flop (didn't bet)
Seat 6: Mahu2021 collected ($1.95)



PokerStars Zoom Hand #255813496844:  Hold'em No Limit ($0.05/$0.10) - 2025/04/20 15:29:29 CET [2025/04/20 9:29:29 ET]
Table 'Aludra' 6-max Seat #1 is the button
Seat 1: Mahu2021 ($7.43 in chips) 
Seat 2: grasian ($10.05 in chips) 
Seat 3: sssehc ($13.17 in chips) 
Seat 4: Lermeran ($10.05 in chips) 
Seat 5: soulfly2145 ($12 in chips) 
Seat 6: Tenacious100 ($10 in chips) 
grasian: posts small blind $0.05
sssehc: posts big blind $0.10
*** HOLE CARDS ***
Dealt to Mahu2021 [2s 5s]
Lermeran: folds 
soulfly2145: folds 
Tenacious100: raises $0.15 to $0.25
Mahu2021: folds 
grasian: folds 
sssehc: folds 
Uncalled bet ($0.15) returned to Tenacious100
Tenacious100 collected $0.25 from pot
Tenacious100: doesn't show hand 
*** SUMMARY ***
Total pot $0.25 | Rake $0 
Seat 1: Mahu2021 (button) folded before Flop (didn't bet)
Seat 2: grasian (small blind) folded before Flop
Seat 3: sssehc (big blind) folded before Flop
Seat 4: Lermeran folded before Flop (didn't bet)
Seat 5: soulfly2145 folded before Flop (didn't bet)
Seat 6: Tenacious100 collected ($0.25)



PokerStars Zoom Hand #255813498143:  Hold'em No Limit ($0.05/$0.10) - 2025/04/20 15:29:38 CET [2025/04/20 9:29:38 ET]
Table 'Aludra' 6-max Seat #1 is the button
Seat 1: basilis112a ($10.77 in chips) 
Seat 2: marcioadrs ($10 in chips) 
Seat 3: Ebarossi ($10.43 in chips) 
Seat 4: honEybOOx ($13.66 in chips) 
Seat 5: Mahu2021 ($7.43 in chips) 
Seat 6: Lermeran ($10 in chips) 
marcioadrs: posts small blind $0.05
Ebarossi: posts big blind $0.10
*** HOLE CARDS ***
Dealt to Mahu2021 [Ah 2h]
honEybOOx: folds 
Mahu2021: raises $0.20 to $0.30
Lermeran: folds 
basilis112a: folds 
marcioadrs: calls $0.25
Ebarossi: folds 
*** FLOP *** [8d Kc Ks]
marcioadrs: checks 
Mahu2021: bets $0.67
marcioadrs: folds 
Uncalled bet ($0.67) returned to Mahu2021
Mahu2021 collected $0.67 from pot
Mahu2021: doesn't show hand 
*** SUMMARY ***
Total pot $0.70 | Rake $0.03 
Board [8d Kc Ks]
Seat 1: basilis112a (button) folded before Flop (didn't bet)
Seat 2: marcioadrs (small blind) folded on the Flop
Seat 3: Ebarossi (big blind) folded before Flop
Seat 4: honEybOOx folded before Flop (didn't bet)
Seat 5: Mahu2021 collected ($0.67)
Seat 6: Lermeran folded before Flop (didn't bet)



PokerStars Zoom Hand #255813501424:  Hold'em No Limit ($0.05/$0.10) - 2025/04/20 15:29:59 CET [2025/04/20 9:29:59 ET]
Table 'Aludra' 6-max Seat #1 is the button
Seat 1: SlipperySealion ($26.82 in chips) 
Seat 2: sssehc ($13.07 in chips) 
Seat 3: kingfisher898 ($28.81 in chips) 
Seat 4: Mahu2021 ($7.80 in chips) 
Seat 5: WUPDATA2 ($7.97 in chips) 
Seat 6: Vadim91_blr ($10.05 in chips) 
sssehc: posts small blind $0.05
kingfisher898: posts big blind $0.10
*** HOLE CARDS ***
Dealt to Mahu2021 [Ks 7h]
Mahu2021: folds 
WUPDATA2: calls $0.10
Vadim91_blr: folds 
SlipperySealion: folds 
sssehc: calls $0.05
kingfisher898: checks 
*** FLOP *** [3d Jc 4h]
sssehc: checks 
kingfisher898: checks 
WUPDATA2: bets $0.29
sssehc: calls $0.29
kingfisher898: folds 
*** TURN *** [3d Jc 4h] [7c]
sssehc: checks 
WUPDATA2: checks 
*** RIVER *** [3d Jc 4h 7c] [3s]
sssehc: checks 
WUPDATA2: checks 
*** SHOW DOWN ***
sssehc: shows [Js Tc] (two pair, Jacks and Threes)
WUPDATA2: mucks hand 
sssehc collected $0.84 from pot
*** SUMMARY ***
Total pot $0.88 | Rake $0.04 
Board [3d Jc 4h 7c 3s]
Seat 1: SlipperySealion (button) folded before Flop (didn't bet)
Seat 2: sssehc (small blind) showed [Js Tc] and won ($0.84) with two pair, Jacks and Threes
Seat 3: kingfisher898 (big blind) folded on the Flop
Seat 4: Mahu2021 folded before Flop (didn't bet)
Seat 5: WUPDATA2 mucked [Qc Kd]
Seat 6: Vadim91_blr folded before Flop (didn't bet)



PokerStars Zoom Hand #255813502036:  Hold'em No Limit ($0.05/$0.10) - 2025/04/20 15:30:04 CET [2025/04/20 9:30:04 ET]
Table 'Aludra' 6-max Seat #1 is the button
Seat 1: Guten3213 ($11.26 in chips) 
Seat 2: Mahu2021 ($7.80 in chips) 
Seat 3: IMMPORT@L ($19.31 in chips) 
Seat 4: Smdpair77 ($4.99 in chips) 
Seat 5: Vadim91_blr ($10.39 in chips) 
Seat 6: vovo4kapooh ($12.41 in chips) 
Mahu2021: posts small blind $0.05
IMMPORT@L: posts big blind $0.10
*** HOLE CARDS ***
Dealt to Mahu2021 [Tc Ad]
Smdpair77: folds 
Vadim91_blr: raises $0.10 to $0.20
vovo4kapooh: folds 
Guten3213: folds 
Mahu2021: calls $0.15
IMMPORT@L: calls $0.10
*** FLOP *** [8s Qc 7c]
Mahu2021: checks 
IMMPORT@L: bets $0.38
Vadim91_blr: calls $0.38
Mahu2021: folds 
*** TURN *** [8s Qc 7c] [8d]
IMMPORT@L: bets $0.65
Vadim91_blr: calls $0.65
*** RIVER *** [8s Qc 7c 8d] [Th]
IMMPORT@L: bets $1.27
Vadim91_blr: folds 
Uncalled bet ($1.27) returned to IMMPORT@L
IMMPORT@L collected $2.54 from pot
IMMPORT@L: doesn't show hand 
*** SUMMARY ***
Total pot $2.66 | Rake $0.12 
Board [8s Qc 7c 8d Th]
Seat 1: Guten3213 (button) folded before Flop (didn't bet)
Seat 2: Mahu2021 (small blind) folded on the Flop
Seat 3: IMMPORT@L (big blind) collected ($2.54)
Seat 4: Smdpair77 folded before Flop (didn't bet)
Seat 5: Vadim91_blr folded on the River
Seat 6: vovo4kapooh folded before Flop (didn't bet)



PokerStars Zoom Hand #255813506246:  Hold'em No Limit ($0.05/$0.10) - 2025/04/20 15:30:31 CET [2025/04/20 9:30:31 ET]
Table 'Aludra' 6-max Seat #1 is the button
Seat 1: SlipperySealion ($33.67 in chips) 
Seat 2: looser00091 ($32.34 in chips) 
Seat 3: Mahu2021 ($7.60 in chips) 
Seat 4: Cat-Flora ($10 in chips) 
Seat 5: marcioadrs ($10.37 in chips) 
Seat 6: Guten3213 ($11.21 in chips) 
looser00091: posts small blind $0.05
Mahu2021: posts big blind $0.10
*** HOLE CARDS ***
Dealt to Mahu2021 [Qd Jh]
Cat-Flora: folds 
marcioadrs: folds 
Guten3213: folds 
SlipperySealion: raises $0.15 to $0.25
looser00091: folds 
Mahu2021: calls $0.15
*** FLOP *** [6c 9d 5s]
Mahu2021: checks 
SlipperySealion: bets $0.35
Mahu2021: folds 
Uncalled bet ($0.35) returned to SlipperySealion
SlipperySealion collected $0.53 from pot
SlipperySealion: doesn't show hand 
*** SUMMARY ***
Total pot $0.55 | Rake $0.02 
Board [6c 9d 5s]
Seat 1: SlipperySealion (button) collected ($0.53)
Seat 2: looser00091 (small blind) folded before Flop
Seat 3: Mahu2021 (big blind) folded on the Flop
Seat 4: Cat-Flora folded before Flop (didn't bet)
Seat 5: marcioadrs folded before Flop (didn't bet)
Seat 6: Guten3213 folded before Flop (didn't bet)



PokerStars Zoom Hand #255813510773:  Hold'em No Limit ($0.05/$0.10) - 2025/04/20 15:31:02 CET [2025/04/20 9:31:02 ET]
Table 'Aludra' 6-max Seat #1 is the button
Seat 1: Mahu2021 ($7.35 in chips) 
Seat 2: Ebarossi ($10.58 in chips) 
Seat 3: Cat-Flora ($14 in chips) 
Seat 4: IMMPORT@L ($21.70 in chips) 
Seat 5: Vadim91_blr ($11.22 in chips) 
Seat 6: marcioadrs ($12.52 in chips) 
Ebarossi: posts small blind $0.05
Cat-Flora: posts big blind $0.10
*** HOLE CARDS ***
Dealt to Mahu2021 [Qs Kd]
IMMPORT@L: folds 
Vadim91_blr: folds 
marcioadrs: folds 
Mahu2021: raises $0.20 to $0.30
Ebarossi: folds 
Cat-Flora: calls $0.20
*** FLOP *** [4d Js Qc]
Cat-Flora: checks 
Mahu2021: bets $0.62
Cat-Flora: raises $1.18 to $1.80
Mahu2021: raises $1.30 to $3.10
Cat-Flora: folds 
Uncalled bet ($1.30) returned to Mahu2021
Mahu2021 collected $4.06 from pot
Mahu2021: doesn't show hand 
*** SUMMARY ***
Total pot $4.25 | Rake $0.19 
Board [4d Js Qc]
Seat 1: Mahu2021 (button) collected ($4.06)
Seat 2: Ebarossi (small blind) folded before Flop
Seat 3: Cat-Flora (big blind) folded on the Flop
Seat 4: IMMPORT@L folded before Flop (didn't bet)
Seat 5: Vadim91_blr folded before Flop (didn't bet)
Seat 6: marcioadrs folded before Flop (didn't bet)



PokerStars Zoom Hand #255813516991:  Hold'em No Limit ($0.05/$0.10) - 2025/04/20 15:31:43 CET [2025/04/20 9:31:43 ET]
Table 'Aludra' 6-max Seat #1 is the button
Seat 1: sssehc ($10.72 in chips) 
Seat 2: Cat-Flora ($11.90 in chips) 
Seat 3: Modesto165 ($10 in chips) 
Seat 4: vovo4kapooh ($10.15 in chips) 
Seat 5: marcioadrs ($13.76 in chips) 
Seat 6: Mahu2021 ($9.31 in chips) 
Cat-Flora: posts small blind $0.05
Modesto165: posts big blind $0.10
*** HOLE CARDS ***
Dealt to Mahu2021 [7c 6s]
vovo4kapooh: folds 
marcioadrs: folds 
Mahu2021: folds 
sssehc: folds 
Cat-Flora: folds 
Uncalled bet ($0.05) returned to Modesto165
Modesto165 collected $0.10 from pot
Modesto165: doesn't show hand 
*** SUMMARY ***
Total pot $0.10 | Rake $0 
Seat 1: sssehc (button) folded before Flop (didn't bet)
Seat 2: Cat-Flora (small blind) folded before Flop
Seat 3: Modesto165 (big blind) collected ($0.10)
Seat 4: vovo4kapooh folded before Flop (didn't bet)
Seat 5: marcioadrs folded before Flop (didn't bet)
Seat 6: Mahu2021 folded before Flop (didn't bet)



PokerStars Zoom Hand #255813517572:  Hold'em No Limit ($0.05/$0.10) - 2025/04/20 15:31:47 CET [2025/04/20 9:31:47 ET]
Table 'Aludra' 6-max Seat #1 is the button
Seat 1: soulfly2145 ($11.46 in chips) 
Seat 2: Mahu2021 ($9.31 in chips) 
Seat 3: IMMPORT@L ($6.73 in chips) 
Seat 4: -hypaman- ($11.42 in chips) 
Seat 5: Alejandro85s ($6.29 in chips) 
Seat 6: Luffy V ($11.89 in chips) 
Mahu2021: posts small blind $0.05
IMMPORT@L: posts big blind $0.10
*** HOLE CARDS ***
Dealt to Mahu2021 [Qc Qh]
-hypaman-: calls $0.10
Alejandro85s: raises $0.30 to $0.40
Luffy V: folds 
soulfly2145: folds 
Mahu2021: raises $1 to $1.40
IMMPORT@L: folds 
-hypaman-: calls $1.30
Alejandro85s: folds 
*** FLOP *** [7d 5h Td]
Mahu2021: bets $7.91 and is all-in
-hypaman-: folds 
Uncalled bet ($7.91) returned to Mahu2021
Mahu2021 collected $3.15 from pot
Mahu2021: doesn't show hand 
*** SUMMARY ***
Total pot $3.30 | Rake $0.15 
Board [7d 5h Td]
Seat 1: soulfly2145 (button) folded before Flop (didn't bet)
Seat 2: Mahu2021 (small blind) collected ($3.15)
Seat 3: IMMPORT@L (big blind) folded before Flop
Seat 4: -hypaman- folded on the Flop
Seat 5: Alejandro85s folded before Flop
Seat 6: Luffy V folded before Flop (didn't bet)



PokerStars Zoom Hand #255813520591:  Hold'em No Limit ($0.05/$0.10) - 2025/04/20 15:32:07 CET [2025/04/20 9:32:07 ET]
Table 'Aludra' 6-max Seat #1 is the button
Seat 1: Luffy V ($11.73 in chips) 
Seat 2: sssehc ($10.62 in chips) 
Seat 3: IMMPORT@L ($20.57 in chips) 
Seat 4: Vadim91_blr ($10 in chips) 
Seat 5: Mahu2021 ($11.06 in chips) 
Seat 6: go1025! ($10.04 in chips) 
sssehc: posts small blind $0.05
IMMPORT@L: posts big blind $0.10
*** HOLE CARDS ***
Dealt to Mahu2021 [2s Jc]
Vadim91_blr: folds 
Mahu2021: folds 
go1025!: raises $0.15 to $0.25
Luffy V: folds 
sssehc: calls $0.20
IMMPORT@L: folds 
*** FLOP *** [Tc Jh Ac]
sssehc: checks 
go1025!: bets $0.19
sssehc: folds 
Uncalled bet ($0.19) returned to go1025!
go1025! collected $0.57 from pot
go1025!: doesn't show hand 
*** SUMMARY ***
Total pot $0.60 | Rake $0.03 
Board [Tc Jh Ac]
Seat 1: Luffy V (button) folded before Flop (didn't bet)
Seat 2: sssehc (small blind) folded on the Flop
Seat 3: IMMPORT@L (big blind) folded before Flop
Seat 4: Vadim91_blr folded before Flop (didn't bet)
Seat 5: Mahu2021 folded before Flop (didn't bet)
Seat 6: go1025! collected ($0.57)



PokerStars Zoom Hand #255813521160:  Hold'em No Limit ($0.05/$0.10) - 2025/04/20 15:32:11 CET [2025/04/20 9:32:11 ET]
Table 'Aludra' 6-max Seat #1 is the button
Seat 1: marcioadrs ($14.38 in chips) 
Seat 2: Smdpair77 ($15.79 in chips) 
Seat 3: -hypaman- ($10.02 in chips) 
Seat 4: basilis112a ($10.08 in chips) 
Seat 5: Vadim91_blr ($10 in chips) 
Seat 6: Mahu2021 ($11.06 in chips) 
Smdpair77: posts small blind $0.05
-hypaman-: posts big blind $0.10
*** HOLE CARDS ***
Dealt to Mahu2021 [Ac 3c]
basilis112a: folds 
Vadim91_blr: folds 
Mahu2021: raises $0.20 to $0.30
marcioadrs: folds 
Smdpair77: folds 
-hypaman-: calls $0.20
*** FLOP *** [8c Qh Qs]
-hypaman-: checks 
Mahu2021: bets $0.40
-hypaman-: raises $0.70 to $1.10
Mahu2021: folds 
Uncalled bet ($0.70) returned to -hypaman-
-hypaman- collected $1.38 from pot
-hypaman-: doesn't show hand 
*** SUMMARY ***
Total pot $1.45 | Rake $0.07 
Board [8c Qh Qs]
Seat 1: marcioadrs (button) folded before Flop (didn't bet)
Seat 2: Smdpair77 (small blind) folded before Flop
Seat 3: -hypaman- (big blind) collected ($1.38)
Seat 4: basilis112a folded before Flop (didn't bet)
Seat 5: Vadim91_blr folded before Flop (didn't bet)
Seat 6: Mahu2021 folded on the Flop



PokerStars Zoom Hand #255813524232:  Hold'em No Limit ($0.05/$0.10) - 2025/04/20 15:32:31 CET [2025/04/20 9:32:31 ET]
Table 'Aludra' 6-max Seat #1 is the button
Seat 1: F1$H&CH1P$ ($12.60 in chips) 
Seat 2: marcioadrs ($12.27 in chips) 
Seat 3: Mahu2021 ($10.36 in chips) 
Seat 4: aleksandersalu ($27.12 in chips) 
Seat 5: sssehc ($10.37 in chips) 
Seat 6: valefin ($7 in chips) 
marcioadrs: posts small blind $0.05
Mahu2021: posts big blind $0.10
*** HOLE CARDS ***
Dealt to Mahu2021 [7c 2d]
aleksandersalu: folds 
sssehc: folds 
valefin: raises $0.13 to $0.23
F1$H&CH1P$: folds 
marcioadrs: folds 
Mahu2021: folds 
Uncalled bet ($0.13) returned to valefin
valefin collected $0.25 from pot
valefin: doesn't show hand 
*** SUMMARY ***
Total pot $0.25 | Rake $0 
Seat 1: F1$H&CH1P$ (button) folded before Flop (didn't bet)
Seat 2: marcioadrs (small blind) folded before Flop
Seat 3: Mahu2021 (big blind) folded before Flop
Seat 4: aleksandersalu folded before Flop (didn't bet)
Seat 5: sssehc folded before Flop (didn't bet)
Seat 6: valefin collected ($0.25)



PokerStars Zoom Hand #255813525528:  Hold'em No Limit ($0.05/$0.10) - 2025/04/20 15:32:39 CET [2025/04/20 9:32:39 ET]
Table 'Aludra' 6-max Seat #1 is the button
Seat 1: sssehc ($10.37 in chips) 
Seat 2: BluesUK ($14.90 in chips) 
Seat 3: ScousePro ($10 in chips) 
Seat 4: MrFibstar ($10.41 in chips) 
Seat 5: Mahu2021 ($10.26 in chips) 
Seat 6: -hypaman- ($10.65 in chips) 
BluesUK: posts small blind $0.05
ScousePro: posts big blind $0.10
*** HOLE CARDS ***
Dealt to Mahu2021 [4h Qs]
MrFibstar: folds 
Mahu2021: folds 
-hypaman-: folds 
sssehc: folds 
BluesUK: folds 
Uncalled bet ($0.05) returned to ScousePro
ScousePro collected $0.10 from pot
ScousePro: doesn't show hand 
*** SUMMARY ***
Total pot $0.10 | Rake $0 
Seat 1: sssehc (button) folded before Flop (didn't bet)
Seat 2: BluesUK (small blind) folded before Flop
Seat 3: ScousePro (big blind) collected ($0.10)
Seat 4: MrFibstar folded before Flop (didn't bet)
Seat 5: Mahu2021 folded before Flop (didn't bet)
Seat 6: -hypaman- folded before Flop (didn't bet)



PokerStars Zoom Hand #255813527877:  Hold'em No Limit ($0.05/$0.10) - 2025/04/20 15:32:54 CET [2025/04/20 9:32:54 ET]
Table 'Aludra' 6-max Seat #1 is the button
Seat 1: go1025! ($10.36 in chips) 
Seat 2: Mahu2021 ($10.26 in chips) 
Seat 3: Lily007276 ($20.63 in chips) 
Seat 4: incendierbot ($12.51 in chips) 
Seat 5: walli700 ($4.02 in chips) 
Seat 6: marcioadrs ($14.53 in chips) 
Mahu2021: posts small blind $0.05
Lily007276: posts big blind $0.10
*** HOLE CARDS ***
Dealt to Mahu2021 [3h 8h]
incendierbot: raises $0.20 to $0.30
walli700: folds 
marcioadrs: folds 
go1025!: folds 
Mahu2021: folds 
Lily007276: folds 
Uncalled bet ($0.20) returned to incendierbot
incendierbot collected $0.25 from pot
incendierbot: doesn't show hand 
*** SUMMARY ***
Total pot $0.25 | Rake $0 
Seat 1: go1025! (button) folded before Flop (didn't bet)
Seat 2: Mahu2021 (small blind) folded before Flop
Seat 3: Lily007276 (big blind) folded before Flop
Seat 4: incendierbot collected ($0.25)
Seat 5: walli700 folded before Flop (didn't bet)
Seat 6: marcioadrs folded before Flop (didn't bet)



PokerStars Zoom Hand #255813527247:  Hold'em No Limit ($0.05/$0.10) - 2025/04/20 15:32:50 CET [2025/04/20 9:32:50 ET]
Table 'Aludra' 6-max Seat #1 is the button
Seat 1: nisetama ($19.20 in chips) 
Seat 2: Vadim91_blr ($10.77 in chips) 
Seat 3: valefin ($7.15 in chips) 
Seat 4: Mahu2021 ($10.26 in chips) 
Seat 5: incendierbot ($12.51 in chips) 
Seat 6: soulfly2145 ($15.34 in chips) 
Vadim91_blr: posts small blind $0.05
valefin: posts big blind $0.10
*** HOLE CARDS ***
Dealt to Mahu2021 [9s Qh]
Mahu2021: folds 
incendierbot: folds 
soulfly2145: folds 
nisetama: raises $0.10 to $0.20
Vadim91_blr: folds 
valefin: calls $0.10
*** FLOP *** [Ks 4h Jh]
valefin: checks 
nisetama: bets $0.54
valefin: folds 
Uncalled bet ($0.54) returned to nisetama
nisetama collected $0.43 from pot
nisetama: doesn't show hand 
*** SUMMARY ***
Total pot $0.45 | Rake $0.02 
Board [Ks 4h Jh]
Seat 1: nisetama (button) collected ($0.43)
Seat 2: Vadim91_blr (small blind) folded before Flop
Seat 3: valefin (big blind) folded on the Flop
Seat 4: Mahu2021 folded before Flop (didn't bet)
Seat 5: incendierbot folded before Flop (didn't bet)
Seat 6: soulfly2145 folded before Flop (didn't bet)



PokerStars Zoom Hand #255813529198:  Hold'em No Limit ($0.05/$0.10) - 2025/04/20 15:33:03 CET [2025/04/20 9:33:03 ET]
Table 'Aludra' 6-max Seat #1 is the button
Seat 1: Gattini37 ($19.07 in chips) 
Seat 2: soulfly2145 ($15.34 in chips) 
Seat 3: OliTheGoalie84 ($10 in chips) 
Seat 4: WUPDATA2 ($7.91 in chips) 
Seat 5: FugoSushi ($10.12 in chips) 
Seat 6: Mahu2021 ($10.21 in chips) 
soulfly2145: posts small blind $0.05
OliTheGoalie84: posts big blind $0.10
*** HOLE CARDS ***
Dealt to Mahu2021 [Qh 2c]
WUPDATA2: folds 
FugoSushi: folds 
Mahu2021: folds 
Gattini37: folds 
soulfly2145: folds 
Uncalled bet ($0.05) returned to OliTheGoalie84
OliTheGoalie84 collected $0.10 from pot
OliTheGoalie84: doesn't show hand 
*** SUMMARY ***
Total pot $0.10 | Rake $0 
Seat 1: Gattini37 (button) folded before Flop (didn't bet)
Seat 2: soulfly2145 (small blind) folded before Flop
Seat 3: OliTheGoalie84 (big blind) collected ($0.10)
Seat 4: WUPDATA2 folded before Flop (didn't bet)
Seat 5: FugoSushi folded before Flop (didn't bet)
Seat 6: Mahu2021 folded before Flop (didn't bet)



PokerStars Zoom Hand #255813528631:  Hold'em No Limit ($0.05/$0.10) - 2025/04/20 15:32:59 CET [2025/04/20 9:32:59 ET]
Table 'Aludra' 6-max Seat #1 is the button
Seat 1: Mahu2021 ($10.21 in chips) 
Seat 2: Modesto165 ($10.74 in chips) 
Seat 3: marcioadrs ($14.53 in chips) 
Seat 4: looser00091 ($18.58 in chips) 
Seat 5: lovelylovelylad ($7.72 in chips) 
Seat 6: WUPDATA2 ($7.91 in chips) 
Modesto165: posts small blind $0.05
marcioadrs: posts big blind $0.10
*** HOLE CARDS ***
Dealt to Mahu2021 [6d 2d]
looser00091: folds 
lovelylovelylad: folds 
WUPDATA2: folds 
Mahu2021: folds 
Modesto165: raises $0.20 to $0.30
marcioadrs: folds 
Uncalled bet ($0.20) returned to Modesto165
Modesto165 collected $0.20 from pot
Modesto165: doesn't show hand 
*** SUMMARY ***
Total pot $0.20 | Rake $0 
Seat 1: Mahu2021 (button) folded before Flop (didn't bet)
Seat 2: Modesto165 (small blind) collected ($0.20)
Seat 3: marcioadrs (big blind) folded before Flop
Seat 4: looser00091 folded before Flop (didn't bet)
Seat 5: lovelylovelylad folded before Flop (didn't bet)
Seat 6: WUPDATA2 folded before Flop (didn't bet)



PokerStars Zoom Hand #255813526121:  Hold'em No Limit ($0.05/$0.10) - 2025/04/20 15:32:43 CET [2025/04/20 9:32:43 ET]
Table 'Aludra' 6-max Seat #1 is the button
Seat 1: Mahu2021 ($10.26 in chips) 
Seat 2: IMMPORT@L ($19.72 in chips) 
Seat 3: Alejandro85s ($8.10 in chips) 
Seat 4: Smdpair77 ($19.76 in chips) 
Seat 5: soulfly2145 ($15.34 in chips) 
Seat 6: Cat-Flora ($11.70 in chips) 
IMMPORT@L: posts small blind $0.05
Alejandro85s: posts big blind $0.10
*** HOLE CARDS ***
Dealt to Mahu2021 [7d 8c]
Smdpair77: folds 
soulfly2145: folds 
Cat-Flora: raises $0.15 to $0.25
Mahu2021: folds 
IMMPORT@L: raises $0.60 to $0.85
Alejandro85s: folds 
Cat-Flora: calls $0.60
*** FLOP *** [Jc 7h 9h]
IMMPORT@L: bets $1.15
Cat-Flora: calls $1.15
*** TURN *** [Jc 7h 9h] [Qh]
IMMPORT@L: checks 
Cat-Flora: checks 
*** RIVER *** [Jc 7h 9h Qh] [Kc]
IMMPORT@L: checks 
Cat-Flora: checks 
*** SHOW DOWN ***
IMMPORT@L: shows [Ah Js] (a pair of Jacks)
Cat-Flora: shows [Ad Jd] (a pair of Jacks)
IMMPORT@L collected $1.96 from pot
Cat-Flora collected $1.96 from pot
*** SUMMARY ***
Total pot $4.10 | Rake $0.18 
Board [Jc 7h 9h Qh Kc]
Seat 1: Mahu2021 (button) folded before Flop (didn't bet)
Seat 2: IMMPORT@L (small blind) showed [Ah Js] and won ($1.96) with a pair of Jacks
Seat 3: Alejandro85s (big blind) folded before Flop
Seat 4: Smdpair77 folded before Flop (didn't bet)
Seat 5: soulfly2145 folded before Flop (didn't bet)
Seat 6: Cat-Flora showed [Ad Jd] and won ($1.96) with a pair of Jacks



PokerStars Zoom Hand #255813529594:  Hold'em No Limit ($0.05/$0.10) - 2025/04/20 15:33:06 CET [2025/04/20 9:33:06 ET]
Table 'Aludra' 6-max Seat #1 is the button
Seat 1: marcioadrs ($13.37 in chips) 
Seat 2: Don Andres8 ($10.97 in chips) 
Seat 3: Mahu2021 ($10.21 in chips) 
Seat 4: honEybOOx ($14.73 in chips) 
Seat 5: nisetama ($10.70 in chips) 
Seat 6: IMMPORT@L ($20.32 in chips) 
Don Andres8: posts small blind $0.05
Mahu2021: posts big blind $0.10
*** HOLE CARDS ***
Dealt to Mahu2021 [4h 5h]
honEybOOx: folds 
nisetama: folds 
IMMPORT@L: folds 
marcioadrs: folds 
Don Andres8: raises $0.10 to $0.20
Mahu2021: calls $0.10
*** FLOP *** [4s 3h 9s]
Don Andres8: bets $0.38
Mahu2021: calls $0.38
*** TURN *** [4s 3h 9s] [8s]
Don Andres8: checks 
Mahu2021: bets $0.60
Don Andres8: calls $0.60
*** RIVER *** [4s 3h 9s 8s] [4d]
Don Andres8: checks 
Mahu2021: bets $0.80
Don Andres8: calls $0.80
*** SHOW DOWN ***
Mahu2021: shows [4h 5h] (three of a kind, Fours)
Don Andres8: mucks hand 
Mahu2021 collected $3.78 from pot
*** SUMMARY ***
Total pot $3.96 | Rake $0.18 
Board [4s 3h 9s 8s 4d]
Seat 1: marcioadrs (button) folded before Flop (didn't bet)
Seat 2: Don Andres8 (small blind) mucked [Ah 9d]
Seat 3: Mahu2021 (big blind) showed [4h 5h] and won ($3.78) with three of a kind, Fours
Seat 4: honEybOOx folded before Flop (didn't bet)
Seat 5: nisetama folded before Flop (didn't bet)
Seat 6: IMMPORT@L folded before Flop (didn't bet)



PokerStars Zoom Hand #255813534895:  Hold'em No Limit ($0.05/$0.10) - 2025/04/20 15:33:40 CET [2025/04/20 9:33:40 ET]
Table 'Aludra' 6-max Seat #1 is the button
Seat 1: ScousePro ($10 in chips) 
Seat 2: -hypaman- ($6.05 in chips) 
Seat 3: basilis112a ($10.35 in chips) 
Seat 4: looser00091 ($35.96 in chips) 
Seat 5: Mahu2021 ($12.01 in chips) 
Seat 6: nisetama ($10.45 in chips) 
-hypaman-: posts small blind $0.05
basilis112a: posts big blind $0.10
*** HOLE CARDS ***
Dealt to Mahu2021 [6c 9c]
looser00091: folds 
Mahu2021: folds 
nisetama: raises $0.10 to $0.20
ScousePro: folds 
-hypaman-: calls $0.15
basilis112a: raises $0.60 to $0.80
nisetama: folds 
-hypaman-: calls $0.60
*** FLOP *** [4s Kh Qd]
-hypaman-: checks 
basilis112a: bets $0.86
-hypaman-: calls $0.86
*** TURN *** [4s Kh Qd] [4c]
-hypaman-: checks 
basilis112a: checks 
*** RIVER *** [4s Kh Qd 4c] [3s]
-hypaman-: checks 
basilis112a: checks 
*** SHOW DOWN ***
-hypaman-: shows [Ks 7d] (two pair, Kings and Fours)
basilis112a: mucks hand 
-hypaman- collected $3.36 from pot
*** SUMMARY ***
Total pot $3.52 | Rake $0.16 
Board [4s Kh Qd 4c 3s]
Seat 1: ScousePro (button) folded before Flop (didn't bet)
Seat 2: -hypaman- (small blind) showed [Ks 7d] and won ($3.36) with two pair, Kings and Fours
Seat 3: basilis112a (big blind) mucked [Ac 7c]
Seat 4: looser00091 folded before Flop (didn't bet)
Seat 5: Mahu2021 folded before Flop (didn't bet)
Seat 6: nisetama folded before Flop



PokerStars Zoom Hand #255813535940:  Hold'em No Limit ($0.05/$0.10) - 2025/04/20 15:33:47 CET [2025/04/20 9:33:47 ET]
Table 'Aludra' 6-max Seat #1 is the button
Seat 1: marcioadrs ($14.53 in chips) 
Seat 2: Mahu2021 ($12.01 in chips) 
Seat 3: strashilisht ($11 in chips) 
Seat 4: Károly58 ($15.30 in chips) 
Seat 5: Cat-Flora ($10.11 in chips) 
Seat 6: sssehc ($14.08 in chips) 
Mahu2021: posts small blind $0.05
strashilisht: posts big blind $0.10
*** HOLE CARDS ***
Dealt to Mahu2021 [Td 9d]
Károly58: folds 
Cat-Flora: folds 
sssehc: folds 
marcioadrs: folds 
Mahu2021: raises $0.20 to $0.30
strashilisht: calls $0.20
*** FLOP *** [3s Kh Kc]
Mahu2021: checks 
strashilisht: checks 
*** TURN *** [3s Kh Kc] [3d]
Mahu2021: checks 
strashilisht: bets $0.19
Mahu2021: folds 
Uncalled bet ($0.19) returned to strashilisht
strashilisht collected $0.57 from pot
strashilisht: doesn't show hand 
*** SUMMARY ***
Total pot $0.60 | Rake $0.03 
Board [3s Kh Kc 3d]
Seat 1: marcioadrs (button) folded before Flop (didn't bet)
Seat 2: Mahu2021 (small blind) folded on the Turn
Seat 3: strashilisht (big blind) collected ($0.57)
Seat 4: Károly58 folded before Flop (didn't bet)
Seat 5: Cat-Flora folded before Flop (didn't bet)
Seat 6: sssehc folded before Flop (didn't bet)



PokerStars Zoom Hand #255813543028:  Hold'em No Limit ($0.05/$0.10) - 2025/04/20 15:34:33 CET [2025/04/20 9:34:33 ET]
Table 'Aludra' 6-max Seat #1 is the button
Seat 1: sssehc ($13.24 in chips) 
Seat 2: FabOliveira9 ($13.88 in chips) 
Seat 3: soulfly2145 ($12.17 in chips) 
Seat 4: Mahu2021 ($11.71 in chips) 
Seat 5: Baratrum777 ($10.25 in chips) 
Seat 6: Colata ($10.30 in chips) 
FabOliveira9: posts small blind $0.05
soulfly2145: posts big blind $0.10
*** HOLE CARDS ***
Dealt to Mahu2021 [Kh 5s]
Mahu2021: folds 
Baratrum777: folds 
Colata: folds 
sssehc: raises $0.10 to $0.20
FabOliveira9: folds 
soulfly2145: folds 
Uncalled bet ($0.10) returned to sssehc
sssehc collected $0.25 from pot
sssehc: doesn't show hand 
*** SUMMARY ***
Total pot $0.25 | Rake $0 
Seat 1: sssehc (button) collected ($0.25)
Seat 2: FabOliveira9 (small blind) folded before Flop
Seat 3: soulfly2145 (big blind) folded before Flop
Seat 4: Mahu2021 folded before Flop (didn't bet)
Seat 5: Baratrum777 folded before Flop (didn't bet)
Seat 6: Colata folded before Flop (didn't bet)



PokerStars Zoom Hand #255813543535:  Hold'em No Limit ($0.05/$0.10) - 2025/04/20 15:34:36 CET [2025/04/20 9:34:36 ET]
Table 'Aludra' 6-max Seat #1 is the button
Seat 1: Guten3213 ($10 in chips) 
Seat 2: strashilisht ($11.27 in chips) 
Seat 3: Alejandro85s ($8.12 in chips) 
Seat 4: keekee595 ($14.82 in chips) 
Seat 5: nisetama ($10.33 in chips) 
Seat 6: Mahu2021 ($11.71 in chips) 
strashilisht: posts small blind $0.05
Alejandro85s: posts big blind $0.10
*** HOLE CARDS ***
Dealt to Mahu2021 [7h Th]
keekee595: folds 
nisetama: folds 
Mahu2021: folds 
Guten3213: folds 
strashilisht: raises $0.20 to $0.30
Alejandro85s: folds 
Uncalled bet ($0.20) returned to strashilisht
strashilisht collected $0.20 from pot
strashilisht: doesn't show hand 
*** SUMMARY ***
Total pot $0.20 | Rake $0 
Seat 1: Guten3213 (button) folded before Flop (didn't bet)
Seat 2: strashilisht (small blind) collected ($0.20)
Seat 3: Alejandro85s (big blind) folded before Flop
Seat 4: keekee595 folded before Flop (didn't bet)
Seat 5: nisetama folded before Flop (didn't bet)
Seat 6: Mahu2021 folded before Flop (didn't bet)



PokerStars Zoom Hand #255813544094:  Hold'em No Limit ($0.05/$0.10) - 2025/04/20 15:34:40 CET [2025/04/20 9:34:40 ET]
Table 'Aludra' 6-max Seat #1 is the button
Seat 1: soulfly2145 ($14.79 in chips) 
Seat 2: Ebarossi ($10.27 in chips) 
Seat 3: Mahu2021 ($11.71 in chips) 
Seat 4: MrFibstar ($11.45 in chips) 
Seat 5: Luffy V ($12.13 in chips) 
Seat 6: F1$H&CH1P$ ($13.88 in chips) 
Ebarossi: posts small blind $0.05
Mahu2021: posts big blind $0.10
*** HOLE CARDS ***
Dealt to Mahu2021 [5s Kd]
MrFibstar: folds 
Luffy V: raises $0.15 to $0.25
F1$H&CH1P$: folds 
soulfly2145: folds 
Ebarossi: folds 
Mahu2021: folds 
Uncalled bet ($0.15) returned to Luffy V
Luffy V collected $0.25 from pot
Luffy V: doesn't show hand 
*** SUMMARY ***
Total pot $0.25 | Rake $0 
Seat 1: soulfly2145 (button) folded before Flop (didn't bet)
Seat 2: Ebarossi (small blind) folded before Flop
Seat 3: Mahu2021 (big blind) folded before Flop
Seat 4: MrFibstar folded before Flop (didn't bet)
Seat 5: Luffy V collected ($0.25)
Seat 6: F1$H&CH1P$ folded before Flop (didn't bet)



PokerStars Zoom Hand #255813545813:  Hold'em No Limit ($0.05/$0.10) - 2025/04/20 15:34:51 CET [2025/04/20 9:34:51 ET]
Table 'Aludra' 6-max Seat #1 is the button
Seat 1: Ebarossi ($10.22 in chips) 
Seat 2: Baratrum777 ($10.15 in chips) 
Seat 3: nisetama ($10.33 in chips) 
Seat 4: strashilisht ($11.37 in chips) 
Seat 5: Mahu2021 ($11.61 in chips) 
Seat 6: TOMBAR_777 ($8.13 in chips) 
Baratrum777: posts small blind $0.05
nisetama: posts big blind $0.10
*** HOLE CARDS ***
Dealt to Mahu2021 [Qc 6d]
strashilisht: folds 
Mahu2021: folds 
TOMBAR_777: folds 
Ebarossi: raises $0.15 to $0.25
Baratrum777: folds 
nisetama: raises $1.05 to $1.30
Ebarossi: folds 
Uncalled bet ($1.05) returned to nisetama
nisetama collected $0.55 from pot
nisetama: doesn't show hand 
*** SUMMARY ***
Total pot $0.55 | Rake $0 
Seat 1: Ebarossi (button) folded before Flop
Seat 2: Baratrum777 (small blind) folded before Flop
Seat 3: nisetama (big blind) collected ($0.55)
Seat 4: strashilisht folded before Flop (didn't bet)
Seat 5: Mahu2021 folded before Flop (didn't bet)
Seat 6: TOMBAR_777 folded before Flop (didn't bet)



PokerStars Zoom Hand #255813547604:  Hold'em No Limit ($0.05/$0.10) - 2025/04/20 15:35:02 CET [2025/04/20 9:35:02 ET]
Table 'Aludra' 6-max Seat #1 is the button
Seat 1: Mahu2021 ($11.56 in chips) 
Seat 2: MrFibstar ($11.35 in chips) 
Seat 3: honEybOOx ($12.67 in chips) 
Seat 4: IMMPORT@L ($4 in chips) 
Seat 5: looser00091 ($18.73 in chips) 
Seat 6: ilbeback2017 ($16.56 in chips) 
MrFibstar: posts small blind $0.05
honEybOOx: posts big blind $0.10
*** HOLE CARDS ***
Dealt to Mahu2021 [8h 3d]
IMMPORT@L: folds 
looser00091: raises $0.15 to $0.25
ilbeback2017: folds 
Mahu2021: folds 
MrFibstar: folds 
honEybOOx: folds 
Uncalled bet ($0.15) returned to looser00091
looser00091 collected $0.25 from pot
looser00091: doesn't show hand 
*** SUMMARY ***
Total pot $0.25 | Rake $0 
Seat 1: Mahu2021 (button) folded before Flop (didn't bet)
Seat 2: MrFibstar (small blind) folded before Flop
Seat 3: honEybOOx (big blind) folded before Flop
Seat 4: IMMPORT@L folded before Flop (didn't bet)
Seat 5: looser00091 collected ($0.25)
Seat 6: ilbeback2017 folded before Flop (didn't bet)



PokerStars Zoom Hand #255813548731:  Hold'em No Limit ($0.05/$0.10) - 2025/04/20 15:35:10 CET [2025/04/20 9:35:10 ET]
Table 'Aludra' 6-max Seat #1 is the button
Seat 1: IMMPORT@L ($19.87 in chips) 
Seat 2: -hypaman- ($7.15 in chips) 
Seat 3: vovo4kapooh ($11.05 in chips) 
Seat 4: Mahu2021 ($11.56 in chips) 
Seat 5: Luffy V ($10 in chips) 
Seat 6: walli700 ($2.74 in chips) 
-hypaman-: posts small blind $0.05
vovo4kapooh: posts big blind $0.10
*** HOLE CARDS ***
Dealt to Mahu2021 [Ad 5c]
Mahu2021: folds 
Luffy V: folds 
walli700: folds 
IMMPORT@L: folds 
-hypaman-: raises $0.20 to $0.30
vovo4kapooh: folds 
Uncalled bet ($0.20) returned to -hypaman-
-hypaman- collected $0.20 from pot
-hypaman-: doesn't show hand 
*** SUMMARY ***
Total pot $0.20 | Rake $0 
Seat 1: IMMPORT@L (button) folded before Flop (didn't bet)
Seat 2: -hypaman- (small blind) collected ($0.20)
Seat 3: vovo4kapooh (big blind) folded before Flop
Seat 4: Mahu2021 folded before Flop (didn't bet)
Seat 5: Luffy V folded before Flop (didn't bet)
Seat 6: walli700 folded before Flop (didn't bet)



PokerStars Zoom Hand #255813548152:  Hold'em No Limit ($0.05/$0.10) - 2025/04/20 15:35:06 CET [2025/04/20 9:35:06 ET]
Table 'Aludra' 6-max Seat #1 is the button
Seat 1: soulfly2145 ($14.69 in chips) 
Seat 2: nisetama ($10.63 in chips) 
Seat 3: FugoSushi ($17.41 in chips) 
Seat 4: incendierbot ($15.69 in chips) 
Seat 5: IMMPORT@L ($19.87 in chips) 
Seat 6: Mahu2021 ($11.56 in chips) 
nisetama: posts small blind $0.05
FugoSushi: posts big blind $0.10
*** HOLE CARDS ***
Dealt to Mahu2021 [6h As]
incendierbot: folds 
IMMPORT@L: folds 
Mahu2021: folds 
soulfly2145: raises $0.15 to $0.25
nisetama: folds 
FugoSushi: folds 
Uncalled bet ($0.15) returned to soulfly2145
soulfly2145 collected $0.25 from pot
soulfly2145: doesn't show hand 
*** SUMMARY ***
Total pot $0.25 | Rake $0 
Seat 1: soulfly2145 (button) collected ($0.25)
Seat 2: nisetama (small blind) folded before Flop
Seat 3: FugoSushi (big blind) folded before Flop
Seat 4: incendierbot folded before Flop (didn't bet)
Seat 5: IMMPORT@L folded before Flop (didn't bet)
Seat 6: Mahu2021 folded before Flop (didn't bet)



PokerStars Zoom Hand #255813546397:  Hold'em No Limit ($0.05/$0.10) - 2025/04/20 15:34:55 CET [2025/04/20 9:34:55 ET]
Table 'Aludra' 6-max Seat #1 is the button
Seat 1: honEybOOx ($12.67 in chips) 
Seat 2: Mahu2021 ($11.61 in chips) 
Seat 3: Tommywv88 ($10 in chips) 
Seat 4: looser00091 ($35.86 in chips) 
Seat 5: magellano197777 ($12.38 in chips) 
Seat 6: Luffy V ($10 in chips) 
Mahu2021: posts small blind $0.05
Tommywv88: posts big blind $0.10
*** HOLE CARDS ***
Dealt to Mahu2021 [Jd 3c]
looser00091: folds 
magellano197777: raises $0.10 to $0.20
Luffy V: folds 
honEybOOx: folds 
Mahu2021: folds 
Tommywv88: calls $0.10
*** FLOP *** [Ks 4h 4d]
Tommywv88: checks 
magellano197777: checks 
*** TURN *** [Ks 4h 4d] [6c]
Tommywv88: bets $0.10
magellano197777: calls $0.10
*** RIVER *** [Ks 4h 4d 6c] [Ts]
Tommywv88: bets $0.51
magellano197777: folds 
Uncalled bet ($0.51) returned to Tommywv88
Tommywv88 collected $0.62 from pot
Tommywv88: doesn't show hand 
*** SUMMARY ***
Total pot $0.65 | Rake $0.03 
Board [Ks 4h 4d 6c Ts]
Seat 1: honEybOOx (button) folded before Flop (didn't bet)
Seat 2: Mahu2021 (small blind) folded before Flop
Seat 3: Tommywv88 (big blind) collected ($0.62)
Seat 4: looser00091 folded before Flop (didn't bet)
Seat 5: magellano197777 folded on the River
Seat 6: Luffy V folded before Flop (didn't bet)



PokerStars Zoom Hand #255813549374:  Hold'em No Limit ($0.05/$0.10) - 2025/04/20 15:35:14 CET [2025/04/20 9:35:14 ET]
Table 'Aludra' 6-max Seat #1 is the button
Seat 1: Mahu2021 ($11.56 in chips) 
Seat 2: Károly58 ($15.65 in chips) 
Seat 3: rizseshus ($10.15 in chips) 
Seat 4: looser00091 ($35.61 in chips) 
Seat 5: honEybOOx ($12.63 in chips) 
Seat 6: Vadim91_blr ($10 in chips) 
Károly58: posts small blind $0.05
rizseshus: posts big blind $0.10
*** HOLE CARDS ***
Dealt to Mahu2021 [Kh Js]
looser00091: folds 
honEybOOx: raises $0.12 to $0.22
Vadim91_blr: folds 
Mahu2021: calls $0.22
Károly58: folds 
rizseshus: calls $0.12
*** FLOP *** [3d 5h 7d]
rizseshus: checks 
honEybOOx: checks 
Mahu2021: checks 
*** TURN *** [3d 5h 7d] [9s]
rizseshus: checks 
honEybOOx: checks 
Mahu2021: checks 
*** RIVER *** [3d 5h 7d 9s] [9d]
rizseshus: checks 
honEybOOx: bets $0.51
Mahu2021: folds 
rizseshus: folds 
Uncalled bet ($0.51) returned to honEybOOx
honEybOOx collected $0.67 from pot
honEybOOx: doesn't show hand 
*** SUMMARY ***
Total pot $0.71 | Rake $0.04 
Board [3d 5h 7d 9s 9d]
Seat 1: Mahu2021 (button) folded on the River
Seat 2: Károly58 (small blind) folded before Flop
Seat 3: rizseshus (big blind) folded on the River
Seat 4: looser00091 folded before Flop (didn't bet)
Seat 5: honEybOOx collected ($0.67)
Seat 6: Vadim91_blr folded before Flop (didn't bet)



PokerStars Zoom Hand #255813556635:  Hold'em No Limit ($0.05/$0.10) - 2025/04/20 15:36:01 CET [2025/04/20 9:36:01 ET]
Table 'Aludra' 6-max Seat #1 is the button
Seat 1: Lily007276 ($21.13 in chips) 
Seat 2: strashilisht ($11.50 in chips) 
Seat 3: sssehc ($14.33 in chips) 
Seat 4: walli700 ($2.94 in chips) 
Seat 5: Mahu2021 ($11.34 in chips) 
Seat 6: Vadim91_blr ($10.89 in chips) 
strashilisht: posts small blind $0.05
sssehc: posts big blind $0.10
*** HOLE CARDS ***
Dealt to Mahu2021 [8d Kh]
walli700: raises $0.40 to $0.50
Mahu2021: folds 
Vadim91_blr: folds 
Lily007276: folds 
strashilisht: folds 
sssehc: folds 
Uncalled bet ($0.40) returned to walli700
walli700 collected $0.25 from pot
walli700: doesn't show hand 
*** SUMMARY ***
Total pot $0.25 | Rake $0 
Seat 1: Lily007276 (button) folded before Flop (didn't bet)
Seat 2: strashilisht (small blind) folded before Flop
Seat 3: sssehc (big blind) folded before Flop
Seat 4: walli700 collected ($0.25)
Seat 5: Mahu2021 folded before Flop (didn't bet)
Seat 6: Vadim91_blr folded before Flop (didn't bet)



PokerStars Zoom Hand #255813558877:  Hold'em No Limit ($0.05/$0.10) - 2025/04/20 15:36:16 CET [2025/04/20 9:36:16 ET]
Table 'Aludra' 6-max Seat #1 is the button
Seat 1: ScousePro ($11.19 in chips) 
Seat 2: Mahu2021 ($11.24 in chips) 
Seat 3: honEybOOx ($13.03 in chips) 
Seat 4: nisetama ($11.39 in chips) 
Seat 5: Alejandro85s ($7.66 in chips) 
Seat 6: Károly58 ($14.87 in chips) 
Mahu2021: posts small blind $0.05
honEybOOx: posts big blind $0.10
*** HOLE CARDS ***
Dealt to Mahu2021 [Qc Qs]
nisetama: folds 
Alejandro85s: folds 
Károly58: folds 
ScousePro: folds 
Mahu2021: raises $0.20 to $0.30
honEybOOx: folds 
Uncalled bet ($0.20) returned to Mahu2021
Mahu2021 collected $0.20 from pot
Mahu2021: doesn't show hand 
*** SUMMARY ***
Total pot $0.20 | Rake $0 
Seat 1: ScousePro (button) folded before Flop (didn't bet)
Seat 2: Mahu2021 (small blind) collected ($0.20)
Seat 3: honEybOOx (big blind) folded before Flop
Seat 4: nisetama folded before Flop (didn't bet)
Seat 5: Alejandro85s folded before Flop (didn't bet)
Seat 6: Károly58 folded before Flop (didn't bet)



PokerStars Zoom Hand #255813560733:  Hold'em No Limit ($0.05/$0.10) - 2025/04/20 15:36:27 CET [2025/04/20 9:36:27 ET]
Table 'Aludra' 6-max Seat #1 is the button
Seat 1: respectedD888 ($10.05 in chips) 
Seat 2: Colata ($10.10 in chips) 
Seat 3: Guten3213 ($10 in chips) 
Seat 4: Mahu2021 ($11.34 in chips) 
Seat 5: marcioadrs ($12.32 in chips) 
Seat 6: nisetama ($13.21 in chips) 
Colata: posts small blind $0.05
Guten3213: posts big blind $0.10
*** HOLE CARDS ***
Dealt to Mahu2021 [5h Qh]
Mahu2021: folds 
marcioadrs: folds 
nisetama: folds 
respectedD888: folds 
Colata: folds 
Uncalled bet ($0.05) returned to Guten3213
Guten3213 collected $0.10 from pot
Guten3213: doesn't show hand 
*** SUMMARY ***
Total pot $0.10 | Rake $0 
Seat 1: respectedD888 (button) folded before Flop (didn't bet)
Seat 2: Colata (small blind) folded before Flop
Seat 3: Guten3213 (big blind) collected ($0.10)
Seat 4: Mahu2021 folded before Flop (didn't bet)
Seat 5: marcioadrs folded before Flop (didn't bet)
Seat 6: nisetama folded before Flop (didn't bet)



PokerStars Zoom Hand #255813562561:  Hold'em No Limit ($0.05/$0.10) - 2025/04/20 15:36:39 CET [2025/04/20 9:36:39 ET]
Table 'Aludra' 6-max Seat #1 is the button
Seat 1: Lily007276 ($20.98 in chips) 
Seat 2: vovo4kapooh ($10.75 in chips) 
Seat 3: Mahu2021 ($11.34 in chips) 
Seat 4: Baratrum777 ($10 in chips) 
Seat 5: respectedD888 ($10 in chips) 
Seat 6: nisetama ($10.25 in chips) 
vovo4kapooh: posts small blind $0.05
Mahu2021: posts big blind $0.10
*** HOLE CARDS ***
Dealt to Mahu2021 [Qc 5c]
Baratrum777: folds 
respectedD888: folds 
nisetama: folds 
Lily007276: folds 
vovo4kapooh: folds 
Uncalled bet ($0.05) returned to Mahu2021
Mahu2021 collected $0.10 from pot
Mahu2021: doesn't show hand 
*** SUMMARY ***
Total pot $0.10 | Rake $0 
Seat 1: Lily007276 (button) folded before Flop (didn't bet)
Seat 2: vovo4kapooh (small blind) folded before Flop
Seat 3: Mahu2021 (big blind) collected ($0.10)
Seat 4: Baratrum777 folded before Flop (didn't bet)
Seat 5: respectedD888 folded before Flop (didn't bet)
Seat 6: nisetama folded before Flop (didn't bet)



PokerStars Zoom Hand #255813561483:  Hold'em No Limit ($0.05/$0.10) - 2025/04/20 15:36:32 CET [2025/04/20 9:36:32 ET]
Table 'Aludra' 6-max Seat #1 is the button
Seat 1: incendierbot ($15.61 in chips) 
Seat 2: marcioadrs ($14.63 in chips) 
Seat 3: ShipItBaller ($10 in chips) 
Seat 4: Mahu2021 ($11.34 in chips) 
Seat 5: FugoSushi ($17.06 in chips) 
Seat 6: Colata ($10.05 in chips) 
marcioadrs: posts small blind $0.05
ShipItBaller: posts big blind $0.10
*** HOLE CARDS ***
Dealt to Mahu2021 [9d 6h]
Mahu2021: folds 
FugoSushi: folds 
Colata: raises $0.10 to $0.20
incendierbot: folds 
marcioadrs: folds 
ShipItBaller: calls $0.10
*** FLOP *** [Jh 3c 7c]
ShipItBaller: checks 
Colata: bets $0.40
ShipItBaller: folds 
Uncalled bet ($0.40) returned to Colata
Colata collected $0.43 from pot
Colata: doesn't show hand 
*** SUMMARY ***
Total pot $0.45 | Rake $0.02 
Board [Jh 3c 7c]
Seat 1: incendierbot (button) folded before Flop (didn't bet)
Seat 2: marcioadrs (small blind) folded before Flop
Seat 3: ShipItBaller (big blind) folded on the Flop
Seat 4: Mahu2021 folded before Flop (didn't bet)
Seat 5: FugoSushi folded before Flop (didn't bet)
Seat 6: Colata collected ($0.43)



PokerStars Zoom Hand #255813557388:  Hold'em No Limit ($0.05/$0.10) - 2025/04/20 15:36:06 CET [2025/04/20 9:36:06 ET]
Table 'Aludra' 6-max Seat #1 is the button
Seat 1: Vadim91_blr ($10 in chips) 
Seat 2: honEybOOx ($13.08 in chips) 
Seat 3: Mahu2021 ($11.34 in chips) 
Seat 4: keekee595 ($15.12 in chips) 
Seat 5: vovo4kapooh ($10 in chips) 
Seat 6: FugoSushi ($17.06 in chips) 
honEybOOx: posts small blind $0.05
Mahu2021: posts big blind $0.10
*** HOLE CARDS ***
Dealt to Mahu2021 [7c Js]
keekee595: folds 
vovo4kapooh: raises $0.10 to $0.20
FugoSushi: folds 
Vadim91_blr: raises $0.55 to $0.75
honEybOOx: folds 
Mahu2021: folds 
vovo4kapooh: raises $1.10 to $1.85
Vadim91_blr: calls $1.10
*** FLOP *** [6d 6s 2s]
vovo4kapooh: checks 
Vadim91_blr: bets $1.21
vovo4kapooh: calls $1.21
*** TURN *** [6d 6s 2s] [9h]
vovo4kapooh: checks 
Vadim91_blr: bets $1.98
vovo4kapooh: calls $1.98
*** RIVER *** [6d 6s 2s 9h] [2d]
vovo4kapooh: checks 
Vadim91_blr: bets $4.96 and is all-in
vovo4kapooh: calls $4.96 and is all-in
*** SHOW DOWN ***
Vadim91_blr: shows [As Ad] (two pair, Aces and Sixes)
vovo4kapooh: shows [Jh Jc] (two pair, Jacks and Sixes)
Vadim91_blr collected $19.24 from pot
*** SUMMARY ***
Total pot $20.15 | Rake $0.91 
Board [6d 6s 2s 9h 2d]
Seat 1: Vadim91_blr (button) showed [As Ad] and won ($19.24) with two pair, Aces and Sixes
Seat 2: honEybOOx (small blind) folded before Flop
Seat 3: Mahu2021 (big blind) folded before Flop
Seat 4: keekee595 folded before Flop (didn't bet)
Seat 5: vovo4kapooh showed [Jh Jc] and lost with two pair, Jacks and Sixes
Seat 6: FugoSushi folded before Flop (didn't bet)



PokerStars Zoom Hand #255813564649:  Hold'em No Limit ($0.05/$0.10) - 2025/04/20 15:36:52 CET [2025/04/20 9:36:52 ET]
Table 'Aludra' 6-max Seat #1 is the button
Seat 1: sssehc ($14.46 in chips) 
Seat 2: F1$H&CH1P$ ($14.31 in chips) 
Seat 3: Alejandro85s ($9 in chips) 
Seat 4: Colata ($10.28 in chips) 
Seat 5: IMMPORT@L ($11.87 in chips) 
Seat 6: Mahu2021 ($11.39 in chips) 
F1$H&CH1P$: posts small blind $0.05
Alejandro85s: posts big blind $0.10
*** HOLE CARDS ***
Dealt to Mahu2021 [Qs 4h]
Colata: folds 
IMMPORT@L: folds 
Mahu2021: folds 
sssehc: raises $0.10 to $0.20
F1$H&CH1P$: folds 
Alejandro85s: folds 
Uncalled bet ($0.10) returned to sssehc
sssehc collected $0.25 from pot
sssehc: doesn't show hand 
*** SUMMARY ***
Total pot $0.25 | Rake $0 
Seat 1: sssehc (button) collected ($0.25)
Seat 2: F1$H&CH1P$ (small blind) folded before Flop
Seat 3: Alejandro85s (big blind) folded before Flop
Seat 4: Colata folded before Flop (didn't bet)
Seat 5: IMMPORT@L folded before Flop (didn't bet)
Seat 6: Mahu2021 folded before Flop (didn't bet)



PokerStars Zoom Hand #255813565143:  Hold'em No Limit ($0.05/$0.10) - 2025/04/20 15:36:56 CET [2025/04/20 9:36:56 ET]
Table 'Aludra' 6-max Seat #1 is the button
Seat 1: SlipperySealion ($34.12 in chips) 
Seat 2: Mahu2021 ($11.39 in chips) 
Seat 3: vovo4kapooh ($10 in chips) 
Seat 4: Guten3213 ($11.77 in chips) 
Seat 5: IMMPORT@L ($19.01 in chips) 
Seat 6: F1$H&CH1P$ ($14.26 in chips) 
Mahu2021: posts small blind $0.05
vovo4kapooh: posts big blind $0.10
*** HOLE CARDS ***
Dealt to Mahu2021 [4c Js]
Guten3213: folds 
IMMPORT@L: folds 
F1$H&CH1P$: folds 
SlipperySealion: folds 
Mahu2021: folds 
Uncalled bet ($0.05) returned to vovo4kapooh
vovo4kapooh collected $0.10 from pot
vovo4kapooh: doesn't show hand 
*** SUMMARY ***
Total pot $0.10 | Rake $0 
Seat 1: SlipperySealion (button) folded before Flop (didn't bet)
Seat 2: Mahu2021 (small blind) folded before Flop
Seat 3: vovo4kapooh (big blind) collected ($0.10)
Seat 4: Guten3213 folded before Flop (didn't bet)
Seat 5: IMMPORT@L folded before Flop (didn't bet)
Seat 6: F1$H&CH1P$ folded before Flop (didn't bet)



PokerStars Zoom Hand #255813561968:  Hold'em No Limit ($0.05/$0.10) - 2025/04/20 15:36:35 CET [2025/04/20 9:36:35 ET]
Table 'Aludra' 6-max Seat #1 is the button
Seat 1: Ebarossi ($10 in chips) 
Seat 2: strashilisht ($11.35 in chips) 
Seat 3: Károly58 ($14.87 in chips) 
Seat 4: marcioadrs ($12.59 in chips) 
Seat 5: Mahu2021 ($11.34 in chips) 
Seat 6: respectedD888 ($10 in chips) 
strashilisht: posts small blind $0.05
Károly58: posts big blind $0.10
*** HOLE CARDS ***
Dealt to Mahu2021 [5c Ad]
marcioadrs: folds 
Mahu2021: folds 
respectedD888: folds 
Ebarossi: folds 
strashilisht: raises $0.20 to $0.30
Károly58: calls $0.20
*** FLOP *** [5h 6h Jh]
strashilisht: checks 
Károly58: checks 
*** TURN *** [5h 6h Jh] [Qd]
strashilisht: checks 
Károly58: checks 
*** RIVER *** [5h 6h Jh Qd] [7d]
strashilisht: checks 
Károly58: checks 
*** SHOW DOWN ***
strashilisht: shows [2c Jc] (a pair of Jacks)
Károly58: mucks hand 
strashilisht collected $0.57 from pot
*** SUMMARY ***
Total pot $0.60 | Rake $0.03 
Board [5h 6h Jh Qd 7d]
Seat 1: Ebarossi (button) folded before Flop (didn't bet)
Seat 2: strashilisht (small blind) showed [2c Jc] and won ($0.57) with a pair of Jacks
Seat 3: Károly58 (big blind) mucked [Tc 8s]
Seat 4: marcioadrs folded before Flop (didn't bet)
Seat 5: Mahu2021 folded before Flop (didn't bet)
Seat 6: respectedD888 folded before Flop (didn't bet)



PokerStars Zoom Hand #255813567156:  Hold'em No Limit ($0.05/$0.10) - 2025/04/20 15:37:09 CET [2025/04/20 9:37:09 ET]
Table 'Aludra' 6-max Seat #1 is the button
Seat 1: IMMPORT@L ($3.80 in chips) 
Seat 2: Baratrum777 ($10.15 in chips) 
Seat 3: ScousePro ($10.50 in chips) 
Seat 4: basilis112a ($8.06 in chips) 
Seat 5: sssehc ($12.10 in chips) 
Seat 6: Mahu2021 ($11.34 in chips) 
Baratrum777: posts small blind $0.05
ScousePro: posts big blind $0.10
*** HOLE CARDS ***
Dealt to Mahu2021 [Ah Ad]
basilis112a: folds 
sssehc: folds 
Mahu2021: raises $0.20 to $0.30
IMMPORT@L: folds 
Baratrum777: folds 
ScousePro: folds 
Uncalled bet ($0.20) returned to Mahu2021
Mahu2021 collected $0.25 from pot
Mahu2021: doesn't show hand 
*** SUMMARY ***
Total pot $0.25 | Rake $0 
Seat 1: IMMPORT@L (button) folded before Flop (didn't bet)
Seat 2: Baratrum777 (small blind) folded before Flop
Seat 3: ScousePro (big blind) folded before Flop
Seat 4: basilis112a folded before Flop (didn't bet)
Seat 5: sssehc folded before Flop (didn't bet)
Seat 6: Mahu2021 collected ($0.25)



PokerStars Zoom Hand #255813566372:  Hold'em No Limit ($0.05/$0.10) - 2025/04/20 15:37:03 CET [2025/04/20 9:37:03 ET]
Table 'Aludra' 6-max Seat #1 is the button
Seat 1: go1025! ($10 in chips) 
Seat 2: ShipItBaller ($10.05 in chips) 
Seat 3: IMMPORT@L ($11.87 in chips) 
Seat 4: Mahu2021 ($11.34 in chips) 
Seat 5: krienas333 ($17.67 in chips) 
Seat 6: Tenacious100 ($10 in chips) 
ShipItBaller: posts small blind $0.05
IMMPORT@L: posts big blind $0.10
*** HOLE CARDS ***
Dealt to Mahu2021 [Jh 2h]
Mahu2021: folds 
krienas333: raises $0.10 to $0.20
Tenacious100: folds 
go1025!: calls $0.20
ShipItBaller: folds 
IMMPORT@L: folds 
*** FLOP *** [8s 4h As]
krienas333: bets $0.20
go1025!: folds 
Uncalled bet ($0.20) returned to krienas333
krienas333 collected $0.53 from pot
krienas333: doesn't show hand 
*** SUMMARY ***
Total pot $0.55 | Rake $0.02 
Board [8s 4h As]
Seat 1: go1025! (button) folded on the Flop
Seat 2: ShipItBaller (small blind) folded before Flop
Seat 3: IMMPORT@L (big blind) folded before Flop
Seat 4: Mahu2021 folded before Flop (didn't bet)
Seat 5: krienas333 collected ($0.53)
Seat 6: Tenacious100 folded before Flop (didn't bet)



PokerStars Zoom Hand #255813563858:  Hold'em No Limit ($0.05/$0.10) - 2025/04/20 15:36:47 CET [2025/04/20 9:36:47 ET]
Table 'Aludra' 6-max Seat #1 is the button
Seat 1: Mahu2021 ($11.39 in chips) 
Seat 2: ShipItBaller ($10 in chips) 
Seat 3: incendierbot ($15.61 in chips) 
Seat 4: go1025! ($10 in chips) 
Seat 5: keekee595 ($15.44 in chips) 
Seat 6: Vadim91_blr ($10.75 in chips) 
ShipItBaller: posts small blind $0.05
incendierbot: posts big blind $0.10
*** HOLE CARDS ***
Dealt to Mahu2021 [6d Ah]
go1025!: folds 
keekee595: raises $0.10 to $0.20
Vadim91_blr: folds 
Mahu2021: folds 
ShipItBaller: folds 
incendierbot: raises $0.50 to $0.70
keekee595: calls $0.50
*** FLOP *** [7s 7c Kd]
incendierbot: checks 
keekee595: bets $0.69
incendierbot: calls $0.69
*** TURN *** [7s 7c Kd] [2h]
incendierbot: checks 
keekee595: checks 
*** RIVER *** [7s 7c Kd 2h] [8d]
incendierbot: checks 
keekee595: checks 
*** SHOW DOWN ***
incendierbot: shows [Td Th] (two pair, Tens and Sevens)
keekee595: shows [Tc Kc] (two pair, Kings and Sevens)
keekee595 collected $2.70 from pot
*** SUMMARY ***
Total pot $2.83 | Rake $0.13 
Board [7s 7c Kd 2h 8d]
Seat 1: Mahu2021 (button) folded before Flop (didn't bet)
Seat 2: ShipItBaller (small blind) folded before Flop
Seat 3: incendierbot (big blind) showed [Td Th] and lost with two pair, Tens and Sevens
Seat 4: go1025! folded before Flop (didn't bet)
Seat 5: keekee595 showed [Tc Kc] and won ($2.70) with two pair, Kings and Sevens
Seat 6: Vadim91_blr folded before Flop (didn't bet)



PokerStars Zoom Hand #255813568834:  Hold'em No Limit ($0.05/$0.10) - 2025/04/20 15:37:20 CET [2025/04/20 9:37:20 ET]
Table 'Aludra' 6-max Seat #1 is the button
Seat 1: honEybOOx ($13.18 in chips) 
Seat 2: IMMPORT@L ($21.90 in chips) 
Seat 3: Saice3699 ($9.57 in chips) 
Seat 4: soulfly2145 ($13.84 in chips) 
Seat 5: Mahu2021 ($11.49 in chips) 
Seat 6: ShipItBaller ($10.10 in chips) 
IMMPORT@L: posts small blind $0.05
Saice3699: posts big blind $0.10
*** HOLE CARDS ***
Dealt to Mahu2021 [As 3s]
soulfly2145: folds 
Mahu2021: raises $0.20 to $0.30
ShipItBaller: folds 
honEybOOx: folds 
IMMPORT@L: folds 
Saice3699: folds 
Uncalled bet ($0.20) returned to Mahu2021
Mahu2021 collected $0.25 from pot
Mahu2021: doesn't show hand 
*** SUMMARY ***
Total pot $0.25 | Rake $0 
Seat 1: honEybOOx (button) folded before Flop (didn't bet)
Seat 2: IMMPORT@L (small blind) folded before Flop
Seat 3: Saice3699 (big blind) folded before Flop
Seat 4: soulfly2145 folded before Flop (didn't bet)
Seat 5: Mahu2021 collected ($0.25)
Seat 6: ShipItBaller folded before Flop (didn't bet)



PokerStars Zoom Hand #255813571492:  Hold'em No Limit ($0.05/$0.10) - 2025/04/20 15:37:37 CET [2025/04/20 9:37:37 ET]
Table 'Aludra' 6-max Seat #1 is the button
Seat 1: Guten3213 ($10.36 in chips) 
Seat 2: marcioadrs ($12.17 in chips) 
Seat 3: Mahu2021 ($11.64 in chips) 
Seat 4: Gattini37 ($18.95 in chips) 
Seat 5: IMMPORT@L ($18.86 in chips) 
Seat 6: Alejandro85s ($7.25 in chips) 
marcioadrs: posts small blind $0.05
Mahu2021: posts big blind $0.10
*** HOLE CARDS ***
Dealt to Mahu2021 [3d Th]
Gattini37: folds 
IMMPORT@L: folds 
Alejandro85s: folds 
Guten3213: folds 
marcioadrs: folds 
Uncalled bet ($0.05) returned to Mahu2021
Mahu2021 collected $0.10 from pot
Mahu2021: doesn't show hand 
*** SUMMARY ***
Total pot $0.10 | Rake $0 
Seat 1: Guten3213 (button) folded before Flop (didn't bet)
Seat 2: marcioadrs (small blind) folded before Flop
Seat 3: Mahu2021 (big blind) collected ($0.10)
Seat 4: Gattini37 folded before Flop (didn't bet)
Seat 5: IMMPORT@L folded before Flop (didn't bet)
Seat 6: Alejandro85s folded before Flop (didn't bet)



PokerStars Zoom Hand #255813573209:  Hold'em No Limit ($0.05/$0.10) - 2025/04/20 15:37:48 CET [2025/04/20 9:37:48 ET]
Table 'Aludra' 6-max Seat #1 is the button
Seat 1: Mahu2021 ($11.69 in chips) 
Seat 2: go1025! ($10.15 in chips) 
Seat 3: Alejandro85s ($7.25 in chips) 
Seat 4: looser00091 ($19.74 in chips) 
Seat 5: nisetama ($10 in chips) 
Seat 6: keekee595 ($16.60 in chips) 
go1025!: posts small blind $0.05
Alejandro85s: posts big blind $0.10
*** HOLE CARDS ***
Dealt to Mahu2021 [Qs Js]
looser00091: folds 
nisetama: folds 
keekee595: raises $0.10 to $0.20
Mahu2021: calls $0.20
go1025!: folds 
Alejandro85s: folds 
*** FLOP *** [8s 4d 9c]
keekee595: bets $0.10
Mahu2021: raises $0.50 to $0.60
keekee595: calls $0.50
*** TURN *** [8s 4d 9c] [As]
keekee595: checks 
Mahu2021: bets $1.67
keekee595: folds 
Uncalled bet ($1.67) returned to Mahu2021
Mahu2021 collected $1.67 from pot
Mahu2021: doesn't show hand 
*** SUMMARY ***
Total pot $1.75 | Rake $0.08 
Board [8s 4d 9c As]
Seat 1: Mahu2021 (button) collected ($1.67)
Seat 2: go1025! (small blind) folded before Flop
Seat 3: Alejandro85s (big blind) folded before Flop
Seat 4: looser00091 folded before Flop (didn't bet)
Seat 5: nisetama folded before Flop (didn't bet)
Seat 6: keekee595 folded on the Turn



PokerStars Zoom Hand #255813576985:  Hold'em No Limit ($0.05/$0.10) - 2025/04/20 15:38:12 CET [2025/04/20 9:38:12 ET]
Table 'Aludra' 6-max Seat #1 is the button
Seat 1: basilis112a ($8.83 in chips) 
Seat 2: Mahu2021 ($12.56 in chips) 
Seat 3: respectedD888 ($10.27 in chips) 
Seat 4: Ebarossi ($10 in chips) 
Seat 5: nisetama ($10 in chips) 
Seat 6: SlipperySealion ($27.39 in chips) 
Mahu2021: posts small blind $0.05
respectedD888: posts big blind $0.10
*** HOLE CARDS ***
Dealt to Mahu2021 [Ts Ac]
Ebarossi: raises $0.15 to $0.25
nisetama: folds 
SlipperySealion: folds 
basilis112a: folds 
Mahu2021: calls $0.20
respectedD888: calls $0.15
*** FLOP *** [Js Ad 9s]
Mahu2021: checks 
respectedD888: checks 
Ebarossi: bets $0.28
Mahu2021: calls $0.28
respectedD888: raises $1.07 to $1.35
Ebarossi: folds 
Mahu2021: folds 
Uncalled bet ($1.07) returned to respectedD888
respectedD888 collected $1.52 from pot
respectedD888: doesn't show hand 
*** SUMMARY ***
Total pot $1.59 | Rake $0.07 
Board [Js Ad 9s]
Seat 1: basilis112a (button) folded before Flop (didn't bet)
Seat 2: Mahu2021 (small blind) folded on the Flop
Seat 3: respectedD888 (big blind) collected ($1.52)
Seat 4: Ebarossi folded on the Flop
Seat 5: nisetama folded before Flop (didn't bet)
Seat 6: SlipperySealion folded before Flop (didn't bet)



PokerStars Zoom Hand #255813584800:  Hold'em No Limit ($0.05/$0.10) - 2025/04/20 15:39:02 CET [2025/04/20 9:39:02 ET]
Table 'Aludra' 6-max Seat #1 is the button
Seat 1: honEybOOx ($12.84 in chips) 
Seat 2: MrFibstar ($10.81 in chips) 
Seat 3: nisetama ($10 in chips) 
Seat 4: marcioadrs ($10.92 in chips) 
Seat 5: Mahu2021 ($12.03 in chips) 
Seat 6: Baratrum777 ($10.07 in chips) 
MrFibstar: posts small blind $0.05
nisetama: posts big blind $0.10
*** HOLE CARDS ***
Dealt to Mahu2021 [8d 8c]
marcioadrs: folds 
Mahu2021: raises $0.20 to $0.30
Baratrum777: folds 
honEybOOx: folds 
MrFibstar: folds 
nisetama: folds 
Uncalled bet ($0.20) returned to Mahu2021
Mahu2021 collected $0.25 from pot
Mahu2021: doesn't show hand 
*** SUMMARY ***
Total pot $0.25 | Rake $0 
Seat 1: honEybOOx (button) folded before Flop (didn't bet)
Seat 2: MrFibstar (small blind) folded before Flop
Seat 3: nisetama (big blind) folded before Flop
Seat 4: marcioadrs folded before Flop (didn't bet)
Seat 5: Mahu2021 collected ($0.25)
Seat 6: Baratrum777 folded before Flop (didn't bet)



PokerStars Zoom Hand #255813589034:  Hold'em No Limit ($0.05/$0.10) - 2025/04/20 15:39:28 CET [2025/04/20 9:39:28 ET]
Table 'Aludra' 6-max Seat #1 is the button
Seat 1: respectedD888 ($10 in chips) 
Seat 2: FugoSushi ($16.69 in chips) 
Seat 3: israel499 ($10 in chips) 
Seat 4: Mahu2021 ($12.18 in chips) 
Seat 5: Luffy V ($10.93 in chips) 
Seat 6: marcioadrs ($10.87 in chips) 
FugoSushi: posts small blind $0.05
israel499: posts big blind $0.10
*** HOLE CARDS ***
Dealt to Mahu2021 [Jh 9c]
Mahu2021: folds 
Luffy V: folds 
marcioadrs: calls $0.10
respectedD888: folds 
FugoSushi: folds 
israel499: raises $0.25 to $0.35
marcioadrs: folds 
Uncalled bet ($0.25) returned to israel499
israel499 collected $0.25 from pot
israel499: doesn't show hand 
*** SUMMARY ***
Total pot $0.25 | Rake $0 
Seat 1: respectedD888 (button) folded before Flop (didn't bet)
Seat 2: FugoSushi (small blind) folded before Flop
Seat 3: israel499 (big blind) collected ($0.25)
Seat 4: Mahu2021 folded before Flop (didn't bet)
Seat 5: Luffy V folded before Flop (didn't bet)
Seat 6: marcioadrs folded before Flop



PokerStars Zoom Hand #255813589478:  Hold'em No Limit ($0.05/$0.10) - 2025/04/20 15:39:31 CET [2025/04/20 9:39:31 ET]
Table 'Aludra' 6-max Seat #1 is the button
Seat 1: Károly58 ($16.21 in chips) 
Seat 2: Ebarossi ($10.05 in chips) 
Seat 3: Mahu2021 ($12.18 in chips) 
Seat 4: FabOliveira9 ($15.58 in chips) 
Seat 5: ilbeback2017 ($15.59 in chips) 
Seat 6: Pimpen6996 ($10.82 in chips) 
Ebarossi: posts small blind $0.05
Mahu2021: posts big blind $0.10
*** HOLE CARDS ***
Dealt to Mahu2021 [As Qd]
FabOliveira9: folds 
ilbeback2017: folds 
Pimpen6996: raises $0.20 to $0.30
Károly58: folds 
Ebarossi: folds 
Mahu2021: raises $0.80 to $1.10
Pimpen6996: folds 
Uncalled bet ($0.80) returned to Mahu2021
Mahu2021 collected $0.65 from pot
Mahu2021: doesn't show hand 
*** SUMMARY ***
Total pot $0.65 | Rake $0 
Seat 1: Károly58 (button) folded before Flop (didn't bet)
Seat 2: Ebarossi (small blind) folded before Flop
Seat 3: Mahu2021 (big blind) collected ($0.65)
Seat 4: FabOliveira9 folded before Flop (didn't bet)
Seat 5: ilbeback2017 folded before Flop (didn't bet)
Seat 6: Pimpen6996 folded before Flop



PokerStars Zoom Hand #255813592820:  Hold'em No Limit ($0.05/$0.10) - 2025/04/20 15:39:52 CET [2025/04/20 9:39:52 ET]
Table 'Aludra' 6-max Seat #1 is the button
Seat 1: Mahu2021 ($12.53 in chips) 
Seat 2: israel499 ($10.15 in chips) 
Seat 3: respectedD888 ($12.90 in chips) 
Seat 4: marcioadrs ($12.39 in chips) 
Seat 5: Luffy V ($12.14 in chips) 
Seat 6: SlipperySealion ($32.31 in chips) 
israel499: posts small blind $0.05
respectedD888: posts big blind $0.10
*** HOLE CARDS ***
Dealt to Mahu2021 [4h 9s]
marcioadrs: folds 
Luffy V: folds 
SlipperySealion: folds 
Mahu2021: folds 
israel499: folds 
Uncalled bet ($0.05) returned to respectedD888
respectedD888 collected $0.10 from pot
respectedD888: doesn't show hand 
*** SUMMARY ***
Total pot $0.10 | Rake $0 
Seat 1: Mahu2021 (button) folded before Flop (didn't bet)
Seat 2: israel499 (small blind) folded before Flop
Seat 3: respectedD888 (big blind) collected ($0.10)
Seat 4: marcioadrs folded before Flop (didn't bet)
Seat 5: Luffy V folded before Flop (didn't bet)
Seat 6: SlipperySealion folded before Flop (didn't bet)



PokerStars Zoom Hand #255813593426:  Hold'em No Limit ($0.05/$0.10) - 2025/04/20 15:39:56 CET [2025/04/20 9:39:56 ET]
Table 'Aludra' 6-max Seat #1 is the button
Seat 1: SlipperySealion ($32.31 in chips) 
Seat 2: Mahu2021 ($12.53 in chips) 
Seat 3: sssehc ($14.37 in chips) 
Seat 4: ShipItBaller ($10.15 in chips) 
Seat 5: soulfly2145 ($11.50 in chips) 
Seat 6: qj444 ($10 in chips) 
Mahu2021: posts small blind $0.05
sssehc: posts big blind $0.10
*** HOLE CARDS ***
Dealt to Mahu2021 [4h Ac]
ShipItBaller: raises $0.15 to $0.25
soulfly2145: folds 
qj444: folds 
SlipperySealion: folds 
Mahu2021: folds 
sssehc: folds 
Uncalled bet ($0.15) returned to ShipItBaller
ShipItBaller collected $0.25 from pot
ShipItBaller: doesn't show hand 
*** SUMMARY ***
Total pot $0.25 | Rake $0 
Seat 1: SlipperySealion (button) folded before Flop (didn't bet)
Seat 2: Mahu2021 (small blind) folded before Flop
Seat 3: sssehc (big blind) folded before Flop
Seat 4: ShipItBaller collected ($0.25)
Seat 5: soulfly2145 folded before Flop (didn't bet)
Seat 6: qj444 folded before Flop (didn't bet)



PokerStars Zoom Hand #255813594858:  Hold'em No Limit ($0.05/$0.10) - 2025/04/20 15:40:05 CET [2025/04/20 9:40:05 ET]
Table 'Aludra' 6-max Seat #1 is the button
Seat 1: respectedD888 ($12.95 in chips) 
Seat 2: sssehc ($15.49 in chips) 
Seat 3: IMMPORT@L ($23.30 in chips) 
Seat 4: Vadim91_blr ($19.04 in chips) 
Seat 5: qj444 ($10 in chips) 
Seat 6: Mahu2021 ($12.48 in chips) 
sssehc: posts small blind $0.05
IMMPORT@L: posts big blind $0.10
*** HOLE CARDS ***
Dealt to Mahu2021 [Tc Kd]
Vadim91_blr: folds 
qj444: folds 
Mahu2021: raises $0.20 to $0.30
respectedD888: folds 
sssehc: folds 
IMMPORT@L: folds 
Uncalled bet ($0.20) returned to Mahu2021
Mahu2021 collected $0.25 from pot
Mahu2021: doesn't show hand 
*** SUMMARY ***
Total pot $0.25 | Rake $0 
Seat 1: respectedD888 (button) folded before Flop (didn't bet)
Seat 2: sssehc (small blind) folded before Flop
Seat 3: IMMPORT@L (big blind) folded before Flop
Seat 4: Vadim91_blr folded before Flop (didn't bet)
Seat 5: qj444 folded before Flop (didn't bet)
Seat 6: Mahu2021 collected ($0.25)



PokerStars Zoom Hand #255813588185:  Hold'em No Limit ($0.05/$0.10) - 2025/04/20 15:39:23 CET [2025/04/20 9:39:23 ET]
Table 'Aludra' 6-max Seat #1 is the button
Seat 1: Guten3213 ($11.99 in chips) 
Seat 2: Luffy V ($10.98 in chips) 
Seat 3: IMMPORT@L ($11.57 in chips) 
Seat 4: Vadim91_blr ($13.23 in chips) 
Seat 5: incendierbot ($17.85 in chips) 
Seat 6: Mahu2021 ($12.18 in chips) 
Luffy V: posts small blind $0.05
IMMPORT@L: posts big blind $0.10
*** HOLE CARDS ***
Dealt to Mahu2021 [Jc 6d]
Vadim91_blr: folds 
incendierbot: raises $0.10 to $0.20
Mahu2021: folds 
Guten3213: folds 
Luffy V: folds 
IMMPORT@L: calls $0.10
*** FLOP *** [Jd 9h Th]
IMMPORT@L: bets $0.29
incendierbot: calls $0.29
*** TURN *** [Jd 9h Th] [6h]
IMMPORT@L: bets $0.49
incendierbot: calls $0.49
*** RIVER *** [Jd 9h Th 6h] [7h]
IMMPORT@L: bets $0.96
incendierbot: raises $0.96 to $1.92
IMMPORT@L: folds 
Uncalled bet ($0.96) returned to incendierbot
incendierbot collected $3.75 from pot
incendierbot: doesn't show hand 
*** SUMMARY ***
Total pot $3.93 | Rake $0.18 
Board [Jd 9h Th 6h 7h]
Seat 1: Guten3213 (button) folded before Flop (didn't bet)
Seat 2: Luffy V (small blind) folded before Flop
Seat 3: IMMPORT@L (big blind) folded on the River
Seat 4: Vadim91_blr folded before Flop (didn't bet)
Seat 5: incendierbot collected ($3.75)
Seat 6: Mahu2021 folded before Flop (didn't bet)



PokerStars Zoom Hand #255813596279:  Hold'em No Limit ($0.05/$0.10) - 2025/04/20 15:40:14 CET [2025/04/20 9:40:14 ET]
Table 'Aludra' 6-max Seat #1 is the button
Seat 1: S4YA30 ($6.49 in chips) 
Seat 2: soulfly2145 ($13.44 in chips) 
Seat 3: sssehc ($12.91 in chips) 
Seat 4: Mahu2021 ($12.63 in chips) 
Seat 5: respectedD888 ($10 in chips) 
Seat 6: Luffy V ($11.21 in chips) 
soulfly2145: posts small blind $0.05
sssehc: posts big blind $0.10
*** HOLE CARDS ***
Dealt to Mahu2021 [5d Ah]
Mahu2021: folds 
respectedD888: folds 
Luffy V: folds 
S4YA30: raises $0.10 to $0.20
soulfly2145: folds 
sssehc: folds 
Uncalled bet ($0.10) returned to S4YA30
S4YA30 collected $0.25 from pot
S4YA30: doesn't show hand 
*** SUMMARY ***
Total pot $0.25 | Rake $0 
Seat 1: S4YA30 (button) collected ($0.25)
Seat 2: soulfly2145 (small blind) folded before Flop
Seat 3: sssehc (big blind) folded before Flop
Seat 4: Mahu2021 folded before Flop (didn't bet)
Seat 5: respectedD888 folded before Flop (didn't bet)
Seat 6: Luffy V folded before Flop (didn't bet)



PokerStars Zoom Hand #255813593955:  Hold'em No Limit ($0.05/$0.10) - 2025/04/20 15:39:59 CET [2025/04/20 9:39:59 ET]
Table 'Aludra' 6-max Seat #1 is the button
Seat 1: ilbeback2017 ($15.59 in chips) 
Seat 2: nisetama ($11 in chips) 
Seat 3: ivokostov ($12.15 in chips) 
Seat 4: looser00091 ($19.64 in chips) 
Seat 5: Mahu2021 ($12.48 in chips) 
Seat 6: IMMPORT@L ($20.88 in chips) 
nisetama: posts small blind $0.05
ivokostov: posts big blind $0.10
*** HOLE CARDS ***
Dealt to Mahu2021 [Ac 5h]
looser00091: folds 
Mahu2021: folds 
IMMPORT@L: folds 
ilbeback2017: folds 
nisetama: raises $0.15 to $0.25
ivokostov: calls $0.15
*** FLOP *** [6d Jd Kc]
nisetama: checks 
ivokostov: bets $0.48
nisetama: calls $0.48
*** TURN *** [6d Jd Kc] [Kd]
nisetama: checks 
ivokostov: checks 
*** RIVER *** [6d Jd Kc Kd] [2c]
nisetama: checks 
ivokostov: checks 
*** SHOW DOWN ***
nisetama: shows [7s Jh] (two pair, Kings and Jacks)
ivokostov: mucks hand 
nisetama collected $1.39 from pot
*** SUMMARY ***
Total pot $1.46 | Rake $0.07 
Board [6d Jd Kc Kd 2c]
Seat 1: ilbeback2017 (button) folded before Flop (didn't bet)
Seat 2: nisetama (small blind) showed [7s Jh] and won ($1.39) with two pair, Kings and Jacks
Seat 3: ivokostov (big blind) mucked [4c 8h]
Seat 4: looser00091 folded before Flop (didn't bet)
Seat 5: Mahu2021 folded before Flop (didn't bet)
Seat 6: IMMPORT@L folded before Flop (didn't bet)



PokerStars Zoom Hand #255813598756:  Hold'em No Limit ($0.05/$0.10) - 2025/04/20 15:40:30 CET [2025/04/20 9:40:30 ET]
Table 'Aludra' 6-max Seat #1 is the button
Seat 1: Mahu2021 ($12.53 in chips) 
Seat 2: nisetama ($10 in chips) 
Seat 3: ScousePro ($11.59 in chips) 
Seat 4: respectedD888 ($10 in chips) 
Seat 5: MrFibstar ($10.74 in chips) 
Seat 6: qj444 ($10.05 in chips) 
nisetama: posts small blind $0.05
ScousePro: posts big blind $0.10
*** HOLE CARDS ***
Dealt to Mahu2021 [Qs 5c]
respectedD888: folds 
MrFibstar: folds 
qj444: folds 
Mahu2021: folds 
nisetama: raises $0.15 to $0.25
ScousePro: raises $0.55 to $0.80
nisetama: folds 
Uncalled bet ($0.55) returned to ScousePro
ScousePro collected $0.50 from pot
ScousePro: doesn't show hand 
*** SUMMARY ***
Total pot $0.50 | Rake $0 
Seat 1: Mahu2021 (button) folded before Flop (didn't bet)
Seat 2: nisetama (small blind) folded before Flop
Seat 3: ScousePro (big blind) collected ($0.50)
Seat 4: respectedD888 folded before Flop (didn't bet)
Seat 5: MrFibstar folded before Flop (didn't bet)
Seat 6: qj444 folded before Flop (didn't bet)



PokerStars Zoom Hand #255813599755:  Hold'em No Limit ($0.05/$0.10) - 2025/04/20 15:40:36 CET [2025/04/20 9:40:36 ET]
Table 'Aludra' 6-max Seat #1 is the button
Seat 1: Tenacious100 ($18.27 in chips) 
Seat 2: ShipItBaller ($10.06 in chips) 
Seat 3: ScousePro ($11.25 in chips) 
Seat 4: Mahu2021 ($12.53 in chips) 
Seat 5: valefin ($5.43 in chips) 
Seat 6: soulfly2145 ($11.75 in chips) 
ShipItBaller: posts small blind $0.05
ScousePro: posts big blind $0.10
*** HOLE CARDS ***
Dealt to Mahu2021 [8d 2d]
Mahu2021: folds 
valefin: folds 
soulfly2145: folds 
Tenacious100: raises $0.15 to $0.25
ShipItBaller: folds 
ScousePro: folds 
Uncalled bet ($0.15) returned to Tenacious100
Tenacious100 collected $0.25 from pot
Tenacious100: doesn't show hand 
*** SUMMARY ***
Total pot $0.25 | Rake $0 
Seat 1: Tenacious100 (button) collected ($0.25)
Seat 2: ShipItBaller (small blind) folded before Flop
Seat 3: ScousePro (big blind) folded before Flop
Seat 4: Mahu2021 folded before Flop (didn't bet)
Seat 5: valefin folded before Flop (didn't bet)
Seat 6: soulfly2145 folded before Flop (didn't bet)



PokerStars Zoom Hand #255813599271:  Hold'em No Limit ($0.05/$0.10) - 2025/04/20 15:40:33 CET [2025/04/20 9:40:33 ET]
Table 'Aludra' 6-max Seat #1 is the button
Seat 1: GymStefani ($9.85 in chips) 
Seat 2: qj444 ($10.05 in chips) 
Seat 3: Baratrum777 ($10.51 in chips) 
Seat 4: marcioadrs ($10.26 in chips) 
Seat 5: Mahu2021 ($12.53 in chips) 
Seat 6: BluesUK ($23.60 in chips) 
qj444: posts small blind $0.05
Baratrum777: posts big blind $0.10
*** HOLE CARDS ***
Dealt to Mahu2021 [6d 9s]
marcioadrs has timed out
marcioadrs: folds 
Mahu2021: folds 
BluesUK: folds 
GymStefani: folds 
qj444: raises $0.20 to $0.30
Baratrum777: calls $0.20
*** FLOP *** [4c 7s 5h]
qj444: checks 
Baratrum777: bets $0.20
qj444: folds 
Uncalled bet ($0.20) returned to Baratrum777
Baratrum777 collected $0.57 from pot
Baratrum777: doesn't show hand 
*** SUMMARY ***
Total pot $0.60 | Rake $0.03 
Board [4c 7s 5h]
Seat 1: GymStefani (button) folded before Flop (didn't bet)
Seat 2: qj444 (small blind) folded on the Flop
Seat 3: Baratrum777 (big blind) collected ($0.57)
Seat 4: marcioadrs folded before Flop (didn't bet)
Seat 5: Mahu2021 folded before Flop (didn't bet)
Seat 6: BluesUK folded before Flop (didn't bet)



PokerStars Zoom Hand #255813600312:  Hold'em No Limit ($0.05/$0.10) - 2025/04/20 15:40:40 CET [2025/04/20 9:40:40 ET]
Table 'Aludra' 6-max Seat #1 is the button
Seat 1: Luffy V ($10.23 in chips) 
Seat 2: Mahu2021 ($12.53 in chips) 
Seat 3: valefin ($5.43 in chips) 
Seat 4: Alejandro85s ($9.60 in chips) 
Seat 5: IMMPORT@L ($20.88 in chips) 
Seat 6: GymStefani ($9.85 in chips) 
Mahu2021: posts small blind $0.05
valefin: posts big blind $0.10
*** HOLE CARDS ***
Dealt to Mahu2021 [4h 7h]
Alejandro85s: raises $0.20 to $0.30
IMMPORT@L: calls $0.30
GymStefani: raises $0.90 to $1.20
Luffy V: folds 
Mahu2021: folds 
valefin: calls $1.10
Alejandro85s: calls $0.90
IMMPORT@L: calls $0.90
*** FLOP *** [Ah Kc 5c]
valefin: checks 
Alejandro85s: checks 
IMMPORT@L: checks 
GymStefani: checks 
*** TURN *** [Ah Kc 5c] [Qs]
valefin: bets $4.23 and is all-in
Alejandro85s: folds 
IMMPORT@L: folds 
GymStefani: calls $4.23
*** RIVER *** [Ah Kc 5c Qs] [Kh]
*** SHOW DOWN ***
valefin: shows [7d Ad] (two pair, Aces and Kings)
GymStefani: shows [Qd As] (two pair, Aces and Kings)
valefin collected $6.36 from pot
GymStefani cashed out the hand for $12.02 | Cash Out Fee $0.25
*** SUMMARY ***
Total pot $13.31 | Rake $0.60 
Board [Ah Kc 5c Qs Kh]
Seat 1: Luffy V (button) folded before Flop (didn't bet)
Seat 2: Mahu2021 (small blind) folded before Flop
Seat 3: valefin (big blind) showed [7d Ad] and won ($6.36) with two pair, Aces and Kings
Seat 4: Alejandro85s folded on the Turn
Seat 5: IMMPORT@L folded on the Turn
Seat 6: GymStefani showed [Qd As] and won ($6.35) with two pair, Aces and Kings (pot not awarded as player cashed out)



PokerStars Zoom Hand #255813596882:  Hold'em No Limit ($0.05/$0.10) - 2025/04/20 15:40:18 CET [2025/04/20 9:40:18 ET]
Table 'Aludra' 6-max Seat #1 is the button
Seat 1: FabOliveira9 ($15.73 in chips) 
Seat 2: IMMPORT@L ($20.88 in chips) 
Seat 3: Mahu2021 ($12.63 in chips) 
Seat 4: israel499 ($10.10 in chips) 
Seat 5: marcioadrs ($10.62 in chips) 
Seat 6: ScousePro ($11.59 in chips) 
IMMPORT@L: posts small blind $0.05
Mahu2021: posts big blind $0.10
*** HOLE CARDS ***
Dealt to Mahu2021 [As 4h]
israel499: folds 
marcioadrs: raises $0.11 to $0.21
ScousePro: folds 
FabOliveira9: calls $0.21
IMMPORT@L: folds 
Mahu2021: folds 
*** FLOP *** [8h 3c 2c]
marcioadrs: checks 
FabOliveira9: checks 
*** TURN *** [8h 3c 2c] [5h]
marcioadrs: bets $0.41
FabOliveira9: calls $0.41
*** RIVER *** [8h 3c 2c 5h] [3d]
marcioadrs: checks 
FabOliveira9: bets $1.01
marcioadrs: calls $1.01
*** SHOW DOWN ***
FabOliveira9: shows [Jd Ks] (a pair of Threes)
marcioadrs: shows [Qd 8d] (two pair, Eights and Threes)
marcioadrs collected $3.26 from pot
*** SUMMARY ***
Total pot $3.41 | Rake $0.15 
Board [8h 3c 2c 5h 3d]
Seat 1: FabOliveira9 (button) showed [Jd Ks] and lost with a pair of Threes
Seat 2: IMMPORT@L (small blind) folded before Flop
Seat 3: Mahu2021 (big blind) folded before Flop
Seat 4: israel499 folded before Flop (didn't bet)
Seat 5: marcioadrs showed [Qd 8d] and won ($3.26) with two pair, Eights and Threes
Seat 6: ScousePro folded before Flop (didn't bet)



PokerStars Zoom Hand #255813600708:  Hold'em No Limit ($0.05/$0.10) - 2025/04/20 15:40:43 CET [2025/04/20 9:40:43 ET]
Table 'Aludra' 6-max Seat #1 is the button
Seat 1: Mahu2021 ($12.48 in chips) 
Seat 2: Lily007276 ($20.73 in chips) 
Seat 3: Károly58 ($15.96 in chips) 
Seat 4: SlipperySealion ($32.31 in chips) 
Seat 5: looser00091 ($33.50 in chips) 
Seat 6: sssehc ($15.05 in chips) 
Lily007276: posts small blind $0.05
Károly58: posts big blind $0.10
*** HOLE CARDS ***
Dealt to Mahu2021 [Qs Ah]
SlipperySealion: folds 
looser00091: folds 
sssehc: folds 
Mahu2021: raises $0.20 to $0.30
Lily007276: raises $0.50 to $0.80
Károly58: folds 
Mahu2021: calls $0.50
*** FLOP *** [5s Kd 2s]
Lily007276: checks 
Mahu2021: bets $0.90
Lily007276: calls $0.90
*** TURN *** [5s Kd 2s] [Js]
Lily007276: bets $1.67
Mahu2021: calls $1.67
*** RIVER *** [5s Kd 2s Js] [7s]
Lily007276: bets $6.53
Mahu2021: calls $6.53
*** SHOW DOWN ***
Lily007276: shows [Qh As] (a flush, Ace high)
Mahu2021: mucks hand 
Lily007276 collected $19 from pot
*** SUMMARY ***
Total pot $19.90 | Rake $0.90 
Board [5s Kd 2s Js 7s]
Seat 1: Mahu2021 (button) mucked [Qs Ah]
Seat 2: Lily007276 (small blind) showed [Qh As] and won ($19) with a flush, Ace high
Seat 3: Károly58 (big blind) folded before Flop
Seat 4: SlipperySealion folded before Flop (didn't bet)
Seat 5: looser00091 folded before Flop (didn't bet)
Seat 6: sssehc folded before Flop (didn't bet)



PokerStars Zoom Hand #255813608318:  Hold'em No Limit ($0.05/$0.10) - 2025/04/20 15:41:30 CET [2025/04/20 9:41:30 ET]
Table 'Aludra' 6-max Seat #1 is the button
Seat 1: ShipItBaller ($10 in chips) 
Seat 2: marcioadrs ($10.11 in chips) 
Seat 3: Mahu2021 ($2.58 in chips) 
Seat 4: qj444 ($10 in chips) 
Seat 5: Vadim91_blr ($19.33 in chips) 
Seat 6: israel499 ($10.24 in chips) 
marcioadrs: posts small blind $0.05
Mahu2021: posts big blind $0.10
*** HOLE CARDS ***
Dealt to Mahu2021 [8s Jh]
qj444: folds 
Vadim91_blr: folds 
israel499: folds 
ShipItBaller: folds 
marcioadrs: folds 
Uncalled bet ($0.05) returned to Mahu2021
Mahu2021 collected $0.10 from pot
Mahu2021: doesn't show hand 
*** SUMMARY ***
Total pot $0.10 | Rake $0 
Seat 1: ShipItBaller (button) folded before Flop (didn't bet)
Seat 2: marcioadrs (small blind) folded before Flop
Seat 3: Mahu2021 (big blind) collected ($0.10)
Seat 4: qj444 folded before Flop (didn't bet)
Seat 5: Vadim91_blr folded before Flop (didn't bet)
Seat 6: israel499 folded before Flop (didn't bet)



PokerStars Zoom Hand #255813607503:  Hold'em No Limit ($0.05/$0.10) - 2025/04/20 15:41:25 CET [2025/04/20 9:41:25 ET]
Table 'Aludra' 6-max Seat #1 is the button
Seat 1: Luffy V ($11.80 in chips) 
Seat 2: qj444 ($11 in chips) 
Seat 3: MrFibstar ($10.27 in chips) 
Seat 4: IMMPORT@L ($5.80 in chips) 
Seat 5: ShipItBaller ($10 in chips) 
Seat 6: Mahu2021 ($2.58 in chips) 
qj444: posts small blind $0.05
MrFibstar: posts big blind $0.10
*** HOLE CARDS ***
Dealt to Mahu2021 [7d 9c]
IMMPORT@L: folds 
ShipItBaller: folds 
Mahu2021: folds 
Luffy V: raises $0.15 to $0.25
qj444: folds 
MrFibstar: calls $0.15
*** FLOP *** [6s 9d As]
MrFibstar: checks 
Luffy V: bets $0.17
MrFibstar: raises $0.44 to $0.61
Luffy V: calls $0.44
*** TURN *** [6s 9d As] [Ts]
MrFibstar: checks 
Luffy V: checks 
*** RIVER *** [6s 9d As Ts] [8c]
MrFibstar: checks 
Luffy V: checks 
*** SHOW DOWN ***
MrFibstar: shows [Ad Jd] (a pair of Aces)
Luffy V: shows [Th Ac] (two pair, Aces and Tens)
Luffy V collected $1.69 from pot
*** SUMMARY ***
Total pot $1.77 | Rake $0.08 
Board [6s 9d As Ts 8c]
Seat 1: Luffy V (button) showed [Th Ac] and won ($1.69) with two pair, Aces and Tens
Seat 2: qj444 (small blind) folded before Flop
Seat 3: MrFibstar (big blind) showed [Ad Jd] and lost with a pair of Aces
Seat 4: IMMPORT@L folded before Flop (didn't bet)
Seat 5: ShipItBaller folded before Flop (didn't bet)
Seat 6: Mahu2021 folded before Flop (didn't bet)



PokerStars Zoom Hand #255813610297:  Hold'em No Limit ($0.05/$0.10) - 2025/04/20 15:41:43 CET [2025/04/20 9:41:43 ET]
Table 'Aludra' 6-max Seat #1 is the button
Seat 1: Luffy V ($12.51 in chips) 
Seat 2: Károly58 ($15.61 in chips) 
Seat 3: BluesUK ($24.20 in chips) 
Seat 4: Mahu2021 ($2.63 in chips) 
Seat 5: sssehc ($16.28 in chips) 
Seat 6: Pimpen6996 ($11.08 in chips) 
Károly58: posts small blind $0.05
BluesUK: posts big blind $0.10
*** HOLE CARDS ***
Dealt to Mahu2021 [Kc As]
Mahu2021: raises $0.20 to $0.30
sssehc: folds 
Pimpen6996: calls $0.30
Luffy V: folds 
Károly58: folds 
BluesUK: folds 
*** FLOP *** [Ts 4c 8s]
Mahu2021: bets $2.33 and is all-in
Pimpen6996: calls $2.33
*** TURN *** [Ts 4c 8s] [5d]
*** RIVER *** [Ts 4c 8s 5d] [3s]
*** SHOW DOWN ***
Mahu2021: shows [Kc As] (high card Ace)
Pimpen6996: shows [Ks Qs] (a flush, King high)
Pimpen6996 collected $5.17 from pot
Mahu2021 cashed out the hand for $3.02 | Cash Out Fee $0.06
*** SUMMARY ***
Total pot $5.41 | Rake $0.24 
Board [Ts 4c 8s 5d 3s]
Seat 1: Luffy V (button) folded before Flop (didn't bet)
Seat 2: Károly58 (small blind) folded before Flop
Seat 3: BluesUK (big blind) folded before Flop
Seat 4: Mahu2021 showed [Kc As] and lost with high card Ace (cashed out).
Seat 5: sssehc folded before Flop (didn't bet)
Seat 6: Pimpen6996 showed [Ks Qs] and won ($5.17) with a flush, King high



PokerStars Zoom Hand #255813614817:  Hold'em No Limit ($0.05/$0.10) - 2025/04/20 15:42:12 CET [2025/04/20 9:42:12 ET]
Table 'Aludra' 6-max Seat #1 is the button
Seat 1: ScousePro ($11.88 in chips) 
Seat 2: Mahu2021 ($3.02 in chips) 
Seat 3: qj444 ($10 in chips) 
Seat 4: SlipperySealion ($32.11 in chips) 
Seat 5: sssehc ($16.18 in chips) 
Seat 6: ShipItBaller ($21.11 in chips) 
Mahu2021: posts small blind $0.05
qj444: posts big blind $0.10
*** HOLE CARDS ***
Dealt to Mahu2021 [6h 9h]
SlipperySealion: folds 
sssehc: folds 
ShipItBaller: folds 
ScousePro: folds 
Mahu2021: folds 
Uncalled bet ($0.05) returned to qj444
qj444 collected $0.10 from pot
qj444: doesn't show hand 
*** SUMMARY ***
Total pot $0.10 | Rake $0 
Seat 1: ScousePro (button) folded before Flop (didn't bet)
Seat 2: Mahu2021 (small blind) folded before Flop
Seat 3: qj444 (big blind) collected ($0.10)
Seat 4: SlipperySealion folded before Flop (didn't bet)
Seat 5: sssehc folded before Flop (didn't bet)
Seat 6: ShipItBaller folded before Flop (didn't bet)



