PokerStars Zoom Hand #254444919512:  Hold'em No Limit ($0.05/$0.10) - 2025/01/19 11:11:44 CET [2025/01/19 5:11:44 ET]
Table 'Aludra' 6-max Seat #1 is the button
Seat 1: depowly ($31.05 in chips) 
Seat 2: numbergirl27 ($13.29 in chips) 
Seat 3: Mahu2021 ($10 in chips) 
Seat 4: Fargo2015 ($12.77 in chips) 
Seat 5: smoky fish 90 ($16.49 in chips) 
Seat 6: 0GL0 ($7.50 in chips) 
numbergirl27: posts small blind $0.05
Mahu2021: posts big blind $0.10
*** HOLE CARDS ***
Dealt to Mahu2021 [Ad Ks]
Fargo2015: folds 
smoky fish 90: folds 
0GL0: folds 
depowly: folds 
numbergirl27: raises $0.20 to $0.30
Mahu2021: raises $0.50 to $0.80
numbergirl27: folds 
Uncalled bet ($0.50) returned to Mahu2021
Mahu2021 collected $0.60 from pot
Mahu2021: doesn't show hand 
*** SUMMARY ***
Total pot $0.60 | Rake $0 
Seat 1: depowly (button) folded before Flop (didn't bet)
Seat 2: numbergirl27 (small blind) folded before Flop
Seat 3: Mahu2021 (big blind) collected ($0.60)
Seat 4: Fargo2015 folded before Flop (didn't bet)
Seat 5: smoky fish 90 folded before Flop (didn't bet)
Seat 6: 0GL0 folded before Flop (didn't bet)



PokerStars Zoom Hand #254444923224:  Hold'em No Limit ($0.05/$0.10) - 2025/01/19 11:12:16 CET [2025/01/19 5:12:16 ET]
Table 'Aludra' 6-max Seat #1 is the button
Seat 1: jeonjinny ($17.01 in chips) 
Seat 2: Mahu2021 ($10.30 in chips) 
Seat 3: merlinSmile ($25.25 in chips) 
Seat 4: Pinkmnn ($10.70 in chips) 
Seat 5: Ironhelt ($12.41 in chips) 
Seat 6: yanailove ($10 in chips) 
Mahu2021: posts small blind $0.05
merlinSmile: posts big blind $0.10
*** HOLE CARDS ***
Dealt to Mahu2021 [2d 4d]
Pinkmnn: raises $0.10 to $0.20
Ironhelt: folds 
yanailove: folds 
jeonjinny: folds 
Mahu2021: folds 
merlinSmile: folds 
Uncalled bet ($0.10) returned to Pinkmnn
Pinkmnn collected $0.25 from pot
Pinkmnn: doesn't show hand 
*** SUMMARY ***
Total pot $0.25 | Rake $0 
Seat 1: jeonjinny (button) folded before Flop (didn't bet)
Seat 2: Mahu2021 (small blind) folded before Flop
Seat 3: merlinSmile (big blind) folded before Flop
Seat 4: Pinkmnn collected ($0.25)
Seat 5: Ironhelt folded before Flop (didn't bet)
Seat 6: yanailove folded before Flop (didn't bet)



PokerStars Zoom Hand #254444923724:  Hold'em No Limit ($0.05/$0.10) - 2025/01/19 11:12:20 CET [2025/01/19 5:12:20 ET]
Table 'Aludra' 6-max Seat #1 is the button
Seat 1: Mahu2021 ($10.25 in chips) 
Seat 2: Fargo2015 ($12.82 in chips) 
Seat 3: kyus83 ($10.65 in chips) 
Seat 4: Ironhelt ($12.41 in chips) 
Seat 5: johnyboyjnr ($17.59 in chips) 
Seat 6: godgift1980 ($13.02 in chips) 
Fargo2015: posts small blind $0.05
kyus83: posts big blind $0.10
*** HOLE CARDS ***
Dealt to Mahu2021 [Ks Qc]
Ironhelt: folds 
johnyboyjnr: raises $0.12 to $0.22
godgift1980: calls $0.22
Mahu2021: calls $0.22
Fargo2015: folds 
kyus83: calls $0.12
*** FLOP *** [6d 7s 6c]
kyus83: checks 
johnyboyjnr: bets $0.20
godgift1980: calls $0.20
Mahu2021: folds 
kyus83: folds 
*** TURN *** [6d 7s 6c] [Jd]
johnyboyjnr: bets $0.20
godgift1980: folds 
Uncalled bet ($0.20) returned to johnyboyjnr
johnyboyjnr collected $1.27 from pot
johnyboyjnr: doesn't show hand 
*** SUMMARY ***
Total pot $1.33 | Rake $0.06 
Board [6d 7s 6c Jd]
Seat 1: Mahu2021 (button) folded on the Flop
Seat 2: Fargo2015 (small blind) folded before Flop
Seat 3: kyus83 (big blind) folded on the Flop
Seat 4: Ironhelt folded before Flop (didn't bet)
Seat 5: johnyboyjnr collected ($1.27)
Seat 6: godgift1980 folded on the Turn



PokerStars Zoom Hand #254444927059:  Hold'em No Limit ($0.05/$0.10) - 2025/01/19 11:12:48 CET [2025/01/19 5:12:48 ET]
Table 'Aludra' 6-max Seat #1 is the button
Seat 1: merlinSmile ($22.73 in chips) 
Seat 2: IEVAL ($14.96 in chips) 
Seat 3: Gattini37 ($10.10 in chips) 
Seat 4: jeonjinny ($16.91 in chips) 
Seat 5: denis4250 ($3.07 in chips) 
Seat 6: Mahu2021 ($10.03 in chips) 
IEVAL: posts small blind $0.05
Gattini37: posts big blind $0.10
*** HOLE CARDS ***
Dealt to Mahu2021 [As 2d]
jeonjinny: folds 
denis4250: folds 
Mahu2021: folds 
merlinSmile: folds 
IEVAL: raises $0.20 to $0.30
Gattini37: folds 
Uncalled bet ($0.20) returned to IEVAL
IEVAL collected $0.20 from pot
IEVAL: doesn't show hand 
*** SUMMARY ***
Total pot $0.20 | Rake $0 
Seat 1: merlinSmile (button) folded before Flop (didn't bet)
Seat 2: IEVAL (small blind) collected ($0.20)
Seat 3: Gattini37 (big blind) folded before Flop
Seat 4: jeonjinny folded before Flop (didn't bet)
Seat 5: denis4250 folded before Flop (didn't bet)
Seat 6: Mahu2021 folded before Flop (didn't bet)



PokerStars Zoom Hand #254444928160:  Hold'em No Limit ($0.05/$0.10) - 2025/01/19 11:12:57 CET [2025/01/19 5:12:57 ET]
Table 'Aludra' 6-max Seat #1 is the button
Seat 1: SyraXmaX ($18.96 in chips) 
Seat 2: seonghwee ($10.35 in chips) 
Seat 3: ppapandppap ($11.08 in chips) 
Seat 4: bontobee ($9.47 in chips) 
Seat 5: Mahu2021 ($10.03 in chips) 
Seat 6: smoky fish 90 ($17.16 in chips) 
seonghwee: posts small blind $0.05
ppapandppap: posts big blind $0.10
*** HOLE CARDS ***
Dealt to Mahu2021 [5h 3d]
bontobee: folds 
Mahu2021: folds 
smoky fish 90: raises $0.15 to $0.25
SyraXmaX: folds 
seonghwee: raises $0.75 to $1
ppapandppap: folds 
smoky fish 90: folds 
Uncalled bet ($0.75) returned to seonghwee
seonghwee collected $0.60 from pot
seonghwee: doesn't show hand 
*** SUMMARY ***
Total pot $0.60 | Rake $0 
Seat 1: SyraXmaX (button) folded before Flop (didn't bet)
Seat 2: seonghwee (small blind) collected ($0.60)
Seat 3: ppapandppap (big blind) folded before Flop
Seat 4: bontobee folded before Flop (didn't bet)
Seat 5: Mahu2021 folded before Flop (didn't bet)
Seat 6: smoky fish 90 folded before Flop



PokerStars Zoom Hand #254444927732:  Hold'em No Limit ($0.05/$0.10) - 2025/01/19 11:12:53 CET [2025/01/19 5:12:53 ET]
Table 'Aludra' 6-max Seat #1 is the button
Seat 1: 0GL0 ($7.50 in chips) 
Seat 2: Fargo2015 ($10.66 in chips) 
Seat 3: Ironhelt ($12.64 in chips) 
Seat 4: AlexanderSweden ($4.46 in chips) 
Seat 5: Mahu2021 ($10.03 in chips) 
Seat 6: depowly ($10 in chips) 
Fargo2015: posts small blind $0.05
Ironhelt: posts big blind $0.10
*** HOLE CARDS ***
Dealt to Mahu2021 [5s 3c]
AlexanderSweden: calls $0.10
Mahu2021: folds 
depowly: raises $0.30 to $0.40
0GL0: folds 
Fargo2015: folds 
Ironhelt: folds 
AlexanderSweden: calls $0.30
*** FLOP *** [Qs Qh 9c]
AlexanderSweden: checks 
depowly: checks 
*** TURN *** [Qs Qh 9c] [2d]
AlexanderSweden: bets $0.20
depowly: calls $0.20
*** RIVER *** [Qs Qh 9c 2d] [6c]
AlexanderSweden: bets $0.30
depowly: calls $0.30
*** SHOW DOWN ***
AlexanderSweden: shows [9d Kc] (two pair, Queens and Nines)
depowly: mucks hand 
AlexanderSweden collected $1.86 from pot
*** SUMMARY ***
Total pot $1.95 | Rake $0.09 
Board [Qs Qh 9c 2d 6c]
Seat 1: 0GL0 (button) folded before Flop (didn't bet)
Seat 2: Fargo2015 (small blind) folded before Flop
Seat 3: Ironhelt (big blind) folded before Flop
Seat 4: AlexanderSweden showed [9d Kc] and won ($1.86) with two pair, Queens and Nines
Seat 5: Mahu2021 folded before Flop (didn't bet)
Seat 6: depowly mucked [9h Th]



PokerStars Zoom Hand #254444928657:  Hold'em No Limit ($0.05/$0.10) - 2025/01/19 11:13:01 CET [2025/01/19 5:13:01 ET]
Table 'Aludra' 6-max Seat #1 is the button
Seat 1: jeonjinny ($5.21 in chips) 
Seat 2: Ironhelt ($11.22 in chips) 
Seat 3: Mahu2021 ($10.03 in chips) 
Seat 4: paulorudes ($3.63 in chips) 
Seat 5: MajusBonus94 ($9.85 in chips) 
Seat 6: Ouspenski ($14.65 in chips) 
Ironhelt: posts small blind $0.05
Mahu2021: posts big blind $0.10
*** HOLE CARDS ***
Dealt to Mahu2021 [Ac 7c]
paulorudes: folds 
MajusBonus94: raises $0.20 to $0.30
Ouspenski: folds 
jeonjinny: folds 
Ironhelt: folds 
Mahu2021: calls $0.20
*** FLOP *** [2h 9h 5h]
Mahu2021: checks 
MajusBonus94: bets $0.20
Mahu2021: folds 
Uncalled bet ($0.20) returned to MajusBonus94
MajusBonus94 collected $0.61 from pot
MajusBonus94: doesn't show hand 
*** SUMMARY ***
Total pot $0.65 | Rake $0.04 
Board [2h 9h 5h]
Seat 1: jeonjinny (button) folded before Flop (didn't bet)
Seat 2: Ironhelt (small blind) folded before Flop
Seat 3: Mahu2021 (big blind) folded on the Flop
Seat 4: paulorudes folded before Flop (didn't bet)
Seat 5: MajusBonus94 collected ($0.61)
Seat 6: Ouspenski folded before Flop (didn't bet)



PokerStars Zoom Hand #254444933381:  Hold'em No Limit ($0.05/$0.10) - 2025/01/19 11:13:40 CET [2025/01/19 5:13:40 ET]
Table 'Aludra' 6-max Seat #1 is the button
Seat 1: SyraXmaX ($19.01 in chips) 
Seat 2: Mahu2021 ($9.73 in chips) 
Seat 3: Dastik 5 ($10.10 in chips) 
Seat 4: lost chans ($18.10 in chips) 
Seat 5: tonyspl1 ($15.26 in chips) 
Seat 6: yanailove ($19.78 in chips) 
Mahu2021: posts small blind $0.05
Dastik 5: posts big blind $0.10
*** HOLE CARDS ***
Dealt to Mahu2021 [7d Qd]
lost chans: folds 
tonyspl1: folds 
yanailove: folds 
SyraXmaX: folds 
Mahu2021: raises $0.20 to $0.30
Dastik 5: folds 
Uncalled bet ($0.20) returned to Mahu2021
Mahu2021 collected $0.20 from pot
Mahu2021: doesn't show hand 
*** SUMMARY ***
Total pot $0.20 | Rake $0 
Seat 1: SyraXmaX (button) folded before Flop (didn't bet)
Seat 2: Mahu2021 (small blind) collected ($0.20)
Seat 3: Dastik 5 (big blind) folded before Flop
Seat 4: lost chans folded before Flop (didn't bet)
Seat 5: tonyspl1 folded before Flop (didn't bet)
Seat 6: yanailove folded before Flop (didn't bet)



PokerStars Zoom Hand #254444932844:  Hold'em No Limit ($0.05/$0.10) - 2025/01/19 11:13:36 CET [2025/01/19 5:13:36 ET]
Table 'Aludra' 6-max Seat #1 is the button
Seat 1: numbergirl27 ($13.14 in chips) 
Seat 2: MMKing19880903 ($5.05 in chips) 
Seat 3: Ouspenski ($14.65 in chips) 
Seat 4: Mahu2021 ($9.73 in chips) 
Seat 5: SyraXmaX ($19.01 in chips) 
Seat 6: seonghwee ($10.85 in chips) 
MMKing19880903: posts small blind $0.05
Ouspenski: posts big blind $0.10
*** HOLE CARDS ***
Dealt to Mahu2021 [2d Jh]
Mahu2021: folds 
SyraXmaX: folds 
seonghwee: raises $0.15 to $0.25
numbergirl27: calls $0.25
MMKing19880903: folds 
Ouspenski: folds 
*** FLOP *** [2h 3s 3h]
seonghwee: checks 
numbergirl27: checks 
*** TURN *** [2h 3s 3h] [8d]
seonghwee: checks 
numbergirl27: checks 
*** RIVER *** [2h 3s 3h 8d] [7s]
seonghwee: checks 
numbergirl27: checks 
*** SHOW DOWN ***
seonghwee: shows [Qc Kd] (a pair of Threes)
numbergirl27: mucks hand 
seonghwee collected $0.62 from pot
*** SUMMARY ***
Total pot $0.65 | Rake $0.03 
Board [2h 3s 3h 8d 7s]
Seat 1: numbergirl27 (button) mucked [9s Ts]
Seat 2: MMKing19880903 (small blind) folded before Flop
Seat 3: Ouspenski (big blind) folded before Flop
Seat 4: Mahu2021 folded before Flop (didn't bet)
Seat 5: SyraXmaX folded before Flop (didn't bet)
Seat 6: seonghwee showed [Qc Kd] and won ($0.62) with a pair of Threes



PokerStars Zoom Hand #254444935454:  Hold'em No Limit ($0.05/$0.10) - 2025/01/19 11:13:57 CET [2025/01/19 5:13:57 ET]
Table 'Aludra' 6-max Seat #1 is the button
Seat 1: Mahu2021 ($9.83 in chips) 
Seat 2: smoky fish 90 ($10.35 in chips) 
Seat 3: MajusBonus94 ($10.01 in chips) 
Seat 4: denis4250 ($5.06 in chips) 
Seat 5: yanailove ($11.05 in chips) 
Seat 6: Dastik 5 ($10 in chips) 
smoky fish 90: posts small blind $0.05
MajusBonus94: posts big blind $0.10
*** HOLE CARDS ***
Dealt to Mahu2021 [Js 8c]
denis4250: folds 
yanailove: raises $0.15 to $0.25
Dastik 5: folds 
Mahu2021: folds 
smoky fish 90: raises $0.75 to $1
MajusBonus94: folds 
yanailove: folds 
Uncalled bet ($0.75) returned to smoky fish 90
smoky fish 90 collected $0.60 from pot
smoky fish 90: doesn't show hand 
*** SUMMARY ***
Total pot $0.60 | Rake $0 
Seat 1: Mahu2021 (button) folded before Flop (didn't bet)
Seat 2: smoky fish 90 (small blind) collected ($0.60)
Seat 3: MajusBonus94 (big blind) folded before Flop
Seat 4: denis4250 folded before Flop (didn't bet)
Seat 5: yanailove folded before Flop
Seat 6: Dastik 5 folded before Flop (didn't bet)



PokerStars Zoom Hand #254444937282:  Hold'em No Limit ($0.05/$0.10) - 2025/01/19 11:14:12 CET [2025/01/19 5:14:12 ET]
Table 'Aludra' 6-max Seat #1 is the button
Seat 1: EdimarPadilha ($13.70 in chips) 
Seat 2: smoky fish 90 ($13.70 in chips) 
Seat 3: Mahu2021 ($9.83 in chips) 
Seat 4: 0GL0 ($7.50 in chips) 
Seat 5: yanailove ($19.68 in chips) 
Seat 6: ruffhund1 ($10 in chips) 
smoky fish 90: posts small blind $0.05
Mahu2021: posts big blind $0.10
*** HOLE CARDS ***
Dealt to Mahu2021 [Jh 8c]
0GL0: folds 
yanailove: folds 
ruffhund1: folds 
EdimarPadilha: folds 
smoky fish 90: folds 
Uncalled bet ($0.05) returned to Mahu2021
Mahu2021 collected $0.10 from pot
Mahu2021: doesn't show hand 
*** SUMMARY ***
Total pot $0.10 | Rake $0 
Seat 1: EdimarPadilha (button) folded before Flop (didn't bet)
Seat 2: smoky fish 90 (small blind) folded before Flop
Seat 3: Mahu2021 (big blind) collected ($0.10)
Seat 4: 0GL0 folded before Flop (didn't bet)
Seat 5: yanailove folded before Flop (didn't bet)
Seat 6: ruffhund1 folded before Flop (didn't bet)



PokerStars Zoom Hand #254444934882:  Hold'em No Limit ($0.05/$0.10) - 2025/01/19 11:13:52 CET [2025/01/19 5:13:52 ET]
Table 'Aludra' 6-max Seat #1 is the button
Seat 1: MajusBonus94 ($10.01 in chips) 
Seat 2: AlexanderSweden ($5.17 in chips) 
Seat 3: AirlineSuited ($21.68 in chips) 
Seat 4: yanailove ($11.05 in chips) 
Seat 5: Dastik 5 ($10 in chips) 
Seat 6: Mahu2021 ($9.83 in chips) 
AlexanderSweden: posts small blind $0.05
AirlineSuited: posts big blind $0.10
*** HOLE CARDS ***
Dealt to Mahu2021 [2d 3d]
yanailove: folds 
Dastik 5: folds 
Mahu2021: folds 
MajusBonus94: folds 
AlexanderSweden: calls $0.05
AirlineSuited: checks 
*** FLOP *** [As 8c 6d]
AlexanderSweden: checks 
AirlineSuited: checks 
*** TURN *** [As 8c 6d] [5d]
AlexanderSweden: checks 
AirlineSuited: bets $0.19
AlexanderSweden: calls $0.19
*** RIVER *** [As 8c 6d 5d] [Ac]
AlexanderSweden: checks 
AirlineSuited: checks 
*** SHOW DOWN ***
AlexanderSweden: shows [5h 4d] (two pair, Aces and Fives)
AirlineSuited: shows [Qd 5s] (two pair, Aces and Fives - Queen kicker)
AirlineSuited collected $0.55 from pot
*** SUMMARY ***
Total pot $0.58 | Rake $0.03 
Board [As 8c 6d 5d Ac]
Seat 1: MajusBonus94 (button) folded before Flop (didn't bet)
Seat 2: AlexanderSweden (small blind) showed [5h 4d] and lost with two pair, Aces and Fives
Seat 3: AirlineSuited (big blind) showed [Qd 5s] and won ($0.55) with two pair, Aces and Fives
Seat 4: yanailove folded before Flop (didn't bet)
Seat 5: Dastik 5 folded before Flop (didn't bet)
Seat 6: Mahu2021 folded before Flop (didn't bet)



PokerStars Zoom Hand #254444938363:  Hold'em No Limit ($0.05/$0.10) - 2025/01/19 11:14:21 CET [2025/01/19 5:14:21 ET]
Table 'Aludra' 6-max Seat #1 is the button
Seat 1: merlinSmile ($24.75 in chips) 
Seat 2: Mahu2021 ($9.88 in chips) 
Seat 3: numbergirl27 ($12.89 in chips) 
Seat 4: Dastik 5 ($19.72 in chips) 
Seat 5: 0GL0 ($7.50 in chips) 
Seat 6: Schnuffler ($10 in chips) 
Mahu2021: posts small blind $0.05
numbergirl27: posts big blind $0.10
*** HOLE CARDS ***
Dealt to Mahu2021 [4c Jd]
Dastik 5: raises $0.10 to $0.20
0GL0: folds 
Schnuffler: folds 
merlinSmile: folds 
Mahu2021: folds 
numbergirl27: folds 
Uncalled bet ($0.10) returned to Dastik 5
Dastik 5 collected $0.25 from pot
Dastik 5: doesn't show hand 
*** SUMMARY ***
Total pot $0.25 | Rake $0 
Seat 1: merlinSmile (button) folded before Flop (didn't bet)
Seat 2: Mahu2021 (small blind) folded before Flop
Seat 3: numbergirl27 (big blind) folded before Flop
Seat 4: Dastik 5 collected ($0.25)
Seat 5: 0GL0 folded before Flop (didn't bet)
Seat 6: Schnuffler folded before Flop (didn't bet)



PokerStars Zoom Hand #254444935914:  Hold'em No Limit ($0.05/$0.10) - 2025/01/19 11:14:01 CET [2025/01/19 5:14:01 ET]
Table 'Aludra' 6-max Seat #1 is the button
Seat 1: denis4250 ($5.06 in chips) 
Seat 2: seonghwee ($20.17 in chips) 
Seat 3: Chamann_Jeff ($15.14 in chips) 
Seat 4: Schnuffler ($10.82 in chips) 
Seat 5: ppapandppap ($11.13 in chips) 
Seat 6: Mahu2021 ($9.83 in chips) 
seonghwee: posts small blind $0.05
Chamann_Jeff: posts big blind $0.10
*** HOLE CARDS ***
Dealt to Mahu2021 [5s 2s]
Schnuffler: folds 
ppapandppap: folds 
Mahu2021: folds 
denis4250: folds 
seonghwee: raises $0.20 to $0.30
Chamann_Jeff: calls $0.20
*** FLOP *** [4c Jc Jh]
seonghwee: bets $0.19
Chamann_Jeff: calls $0.19
*** TURN *** [4c Jc Jh] [Qs]
seonghwee: checks 
Chamann_Jeff: bets $0.56
seonghwee: calls $0.56
*** RIVER *** [4c Jc Jh Qs] [8s]
seonghwee: checks 
Chamann_Jeff: checks 
*** SHOW DOWN ***
seonghwee: shows [3c 9c] (a pair of Jacks)
Chamann_Jeff: shows [Kh Ah] (a pair of Jacks - Ace kicker)
Chamann_Jeff collected $2.01 from pot
*** SUMMARY ***
Total pot $2.10 | Rake $0.09 
Board [4c Jc Jh Qs 8s]
Seat 1: denis4250 (button) folded before Flop (didn't bet)
Seat 2: seonghwee (small blind) showed [3c 9c] and lost with a pair of Jacks
Seat 3: Chamann_Jeff (big blind) showed [Kh Ah] and won ($2.01) with a pair of Jacks
Seat 4: Schnuffler folded before Flop (didn't bet)
Seat 5: ppapandppap folded before Flop (didn't bet)
Seat 6: Mahu2021 folded before Flop (didn't bet)



PokerStars Zoom Hand #254444938830:  Hold'em No Limit ($0.05/$0.10) - 2025/01/19 11:14:25 CET [2025/01/19 5:14:25 ET]
Table 'Aludra' 6-max Seat #1 is the button
Seat 1: DJ JORDAN G. ($14.89 in chips) 
Seat 2: DD-Type ($2.61 in chips) 
Seat 3: paulorudes ($3.42 in chips) 
Seat 4: Mahu2021 ($9.83 in chips) 
Seat 5: Fargo2015 ($22.94 in chips) 
Seat 6: smoky fish 90 ($10.70 in chips) 
DD-Type: posts small blind $0.05
paulorudes: posts big blind $0.10
*** HOLE CARDS ***
Dealt to Mahu2021 [7c Qd]
Mahu2021: folds 
Fargo2015: folds 
smoky fish 90: folds 
DJ JORDAN G.: folds 
DD-Type: folds 
Uncalled bet ($0.05) returned to paulorudes
paulorudes collected $0.10 from pot
paulorudes: doesn't show hand 
*** SUMMARY ***
Total pot $0.10 | Rake $0 
Seat 1: DJ JORDAN G. (button) folded before Flop (didn't bet)
Seat 2: DD-Type (small blind) folded before Flop
Seat 3: paulorudes (big blind) collected ($0.10)
Seat 4: Mahu2021 folded before Flop (didn't bet)
Seat 5: Fargo2015 folded before Flop (didn't bet)
Seat 6: smoky fish 90 folded before Flop (didn't bet)



PokerStars Zoom Hand #254444939291:  Hold'em No Limit ($0.05/$0.10) - 2025/01/19 11:14:29 CET [2025/01/19 5:14:29 ET]
Table 'Aludra' 6-max Seat #1 is the button
Seat 1: DD-Type ($2.56 in chips) 
Seat 2: merlinSmile ($11.20 in chips) 
Seat 3: EdimarPadilha ($13.70 in chips) 
Seat 4: Fargo2015 ($22.94 in chips) 
Seat 5: Mahu2021 ($9.83 in chips) 
Seat 6: jeonjinny ($4.55 in chips) 
merlinSmile: posts small blind $0.05
EdimarPadilha: posts big blind $0.10
*** HOLE CARDS ***
Dealt to Mahu2021 [5s Ah]
Fargo2015: raises $0.15 to $0.25
Mahu2021: folds 
jeonjinny: folds 
DD-Type: folds 
merlinSmile: raises $0.75 to $1
EdimarPadilha: folds 
Fargo2015: folds 
Uncalled bet ($0.75) returned to merlinSmile
merlinSmile collected $0.60 from pot
merlinSmile: doesn't show hand 
*** SUMMARY ***
Total pot $0.60 | Rake $0 
Seat 1: DD-Type (button) folded before Flop (didn't bet)
Seat 2: merlinSmile (small blind) collected ($0.60)
Seat 3: EdimarPadilha (big blind) folded before Flop
Seat 4: Fargo2015 folded before Flop
Seat 5: Mahu2021 folded before Flop (didn't bet)
Seat 6: jeonjinny folded before Flop (didn't bet)



PokerStars Zoom Hand #254444943005:  Hold'em No Limit ($0.05/$0.10) - 2025/01/19 11:15:00 CET [2025/01/19 5:15:00 ET]
Table 'Aludra' 6-max Seat #1 is the button
Seat 1: jeonjinny ($32.14 in chips) 
Seat 2: Mahu2021 ($9.73 in chips) 
Seat 3: bartovskii ($10 in chips) 
Seat 4: MajusBonus94 ($9.36 in chips) 
Seat 5: EdimarPadilha ($13.55 in chips) 
Seat 6: denis4250 ($4.99 in chips) 
Mahu2021: posts small blind $0.05
bartovskii: posts big blind $0.10
*** HOLE CARDS ***
Dealt to Mahu2021 [Jd 8c]
MajusBonus94: folds 
EdimarPadilha: folds 
denis4250: folds 
jeonjinny: folds 
Mahu2021: folds 
Uncalled bet ($0.05) returned to bartovskii
bartovskii collected $0.10 from pot
bartovskii: doesn't show hand 
*** SUMMARY ***
Total pot $0.10 | Rake $0 
Seat 1: jeonjinny (button) folded before Flop (didn't bet)
Seat 2: Mahu2021 (small blind) folded before Flop
Seat 3: bartovskii (big blind) collected ($0.10)
Seat 4: MajusBonus94 folded before Flop (didn't bet)
Seat 5: EdimarPadilha folded before Flop (didn't bet)
Seat 6: denis4250 folded before Flop (didn't bet)



PokerStars Zoom Hand #254444936408:  Hold'em No Limit ($0.05/$0.10) - 2025/01/19 11:14:05 CET [2025/01/19 5:14:05 ET]
Table 'Aludra' 6-max Seat #1 is the button
Seat 1: Mahu2021 ($9.83 in chips) 
Seat 2: ABrunne ($8.68 in chips) 
Seat 3: MrCangrejoTh ($25.06 in chips) 
Seat 4: denis4250 ($5.06 in chips) 
Seat 5: papargy ($10.85 in chips) 
Seat 6: jeonjinny ($19.32 in chips) 
ABrunne: posts small blind $0.05
MrCangrejoTh: posts big blind $0.10
*** HOLE CARDS ***
Dealt to Mahu2021 [4h 7c]
denis4250: raises $0.20 to $0.30
papargy: raises $0.60 to $0.90
jeonjinny: calls $0.90
Mahu2021: folds 
ABrunne: folds 
MrCangrejoTh: folds 
denis4250: folds 
*** FLOP *** [Jd 6c 4c]
papargy: bets $0.54
jeonjinny: calls $0.54
*** TURN *** [Jd 6c 4c] [4s]
papargy: checks 
jeonjinny: checks 
*** RIVER *** [Jd 6c 4c 4s] [3s]
papargy: checks 
jeonjinny: checks 
*** SHOW DOWN ***
papargy: shows [Ts Th] (two pair, Tens and Fours)
jeonjinny: mucks hand 
papargy collected $3.18 from pot
*** SUMMARY ***
Total pot $3.33 | Rake $0.15 
Board [Jd 6c 4c 4s 3s]
Seat 1: Mahu2021 (button) folded before Flop (didn't bet)
Seat 2: ABrunne (small blind) folded before Flop
Seat 3: MrCangrejoTh (big blind) folded before Flop
Seat 4: denis4250 folded before Flop
Seat 5: papargy showed [Ts Th] and won ($3.18) with two pair, Tens and Fours
Seat 6: jeonjinny mucked [As Kc]



PokerStars Zoom Hand #254444943575:  Hold'em No Limit ($0.05/$0.10) - 2025/01/19 11:15:05 CET [2025/01/19 5:15:05 ET]
Table 'Aludra' 6-max Seat #1 is the button
Seat 1: Mahu2021 ($9.68 in chips) 
Seat 2: Fargo2015 ($13.13 in chips) 
Seat 3: pougia777 ($10.52 in chips) 
Seat 4: bontobee ($9.67 in chips) 
Seat 5: godgift1980 ($12.76 in chips) 
Seat 6: papargy ($15.48 in chips) 
Fargo2015: posts small blind $0.05
pougia777: posts big blind $0.10
*** HOLE CARDS ***
Dealt to Mahu2021 [2s 2c]
bontobee: raises $0.10 to $0.20
godgift1980: folds 
papargy: folds 
Mahu2021: calls $0.20
Fargo2015: folds 
pougia777: folds 
*** FLOP *** [6s Kh Ad]
bontobee: checks 
Mahu2021: checks 
*** TURN *** [6s Kh Ad] [Qs]
bontobee: bets $0.17
Mahu2021: folds 
Uncalled bet ($0.17) returned to bontobee
bontobee collected $0.53 from pot
bontobee: doesn't show hand 
*** SUMMARY ***
Total pot $0.55 | Rake $0.02 
Board [6s Kh Ad Qs]
Seat 1: Mahu2021 (button) folded on the Turn
Seat 2: Fargo2015 (small blind) folded before Flop
Seat 3: pougia777 (big blind) folded before Flop
Seat 4: bontobee collected ($0.53)
Seat 5: godgift1980 folded before Flop (didn't bet)
Seat 6: papargy folded before Flop (didn't bet)



PokerStars Zoom Hand #254444939732:  Hold'em No Limit ($0.05/$0.10) - 2025/01/19 11:14:33 CET [2025/01/19 5:14:33 ET]
Table 'Aludra' 6-max Seat #1 is the button
Seat 1: MrCangrejoTh ($24.96 in chips) 
Seat 2: lost chans ($17.10 in chips) 
Seat 3: Mahu2021 ($9.83 in chips) 
Seat 4: Nicoboos ($5.52 in chips) 
Seat 5: SyraXmaX ($14.80 in chips) 
Seat 6: depowly ($12.84 in chips) 
lost chans: posts small blind $0.05
Mahu2021: posts big blind $0.10
*** HOLE CARDS ***
Dealt to Mahu2021 [5h 4s]
depowly is disconnected 
Nicoboos: calls $0.10
SyraXmaX: folds 
depowly has timed out while disconnected
depowly: folds 
MrCangrejoTh: raises $0.30 to $0.40
lost chans: folds 
Mahu2021: folds 
Nicoboos: calls $0.30
*** FLOP *** [Kc Jd 9c]
Nicoboos: bets $0.10
MrCangrejoTh: calls $0.10
*** TURN *** [Kc Jd 9c] [7s]
Nicoboos: bets $1
MrCangrejoTh: calls $1
*** RIVER *** [Kc Jd 9c 7s] [8h]
Nicoboos: bets $0.10
MrCangrejoTh: calls $0.10
*** SHOW DOWN ***
Nicoboos: shows [7c 8c] (two pair, Eights and Sevens)
MrCangrejoTh: mucks hand 
Nicoboos collected $3.20 from pot
*** SUMMARY ***
Total pot $3.35 | Rake $0.15 
Board [Kc Jd 9c 7s 8h]
Seat 1: MrCangrejoTh (button) mucked [Jc As]
Seat 2: lost chans (small blind) folded before Flop
Seat 3: Mahu2021 (big blind) folded before Flop
Seat 4: Nicoboos showed [7c 8c] and won ($3.20) with two pair, Eights and Sevens
Seat 5: SyraXmaX folded before Flop (didn't bet)
Seat 6: depowly folded before Flop (didn't bet)



PokerStars Zoom Hand #254444945999:  Hold'em No Limit ($0.05/$0.10) - 2025/01/19 11:15:25 CET [2025/01/19 5:15:25 ET]
Table 'Aludra' 6-max Seat #1 is the button
Seat 1: IEVAL ($11.17 in chips) 
Seat 2: bartovskii ($10 in chips) 
Seat 3: smoky fish 90 ($12.93 in chips) 
Seat 4: ruffhund1 ($11.06 in chips) 
Seat 5: hawkwind221 ($7.15 in chips) 
Seat 6: Mahu2021 ($9.48 in chips) 
bartovskii: posts small blind $0.05
smoky fish 90: posts big blind $0.10
*** HOLE CARDS ***
Dealt to Mahu2021 [Tc 2s]
ruffhund1: raises $0.10 to $0.20
hawkwind221: folds 
Mahu2021: folds 
IEVAL: folds 
bartovskii: folds 
smoky fish 90: folds 
Uncalled bet ($0.10) returned to ruffhund1
ruffhund1 collected $0.25 from pot
ruffhund1: doesn't show hand 
*** SUMMARY ***
Total pot $0.25 | Rake $0 
Seat 1: IEVAL (button) folded before Flop (didn't bet)
Seat 2: bartovskii (small blind) folded before Flop
Seat 3: smoky fish 90 (big blind) folded before Flop
Seat 4: ruffhund1 collected ($0.25)
Seat 5: hawkwind221 folded before Flop (didn't bet)
Seat 6: Mahu2021 folded before Flop (didn't bet)



PokerStars Zoom Hand #254444946499:  Hold'em No Limit ($0.05/$0.10) - 2025/01/19 11:15:29 CET [2025/01/19 5:15:29 ET]
Table 'Aludra' 6-max Seat #1 is the button
Seat 1: jeonjinny ($4.40 in chips) 
Seat 2: AlexanderSweden ($4.58 in chips) 
Seat 3: hawkwind221 ($7.15 in chips) 
Seat 4: IEVAL ($11.17 in chips) 
Seat 5: Mahu2021 ($9.48 in chips) 
Seat 6: denis4250 ($5.12 in chips) 
AlexanderSweden: posts small blind $0.05
hawkwind221: posts big blind $0.10
*** HOLE CARDS ***
Dealt to Mahu2021 [7c 7s]
IEVAL: folds 
Mahu2021: raises $0.14 to $0.24
denis4250: folds 
jeonjinny: folds 
AlexanderSweden: calls $0.19
hawkwind221: folds 
*** FLOP *** [7d Kh Ts]
AlexanderSweden: checks 
Mahu2021: bets $0.20
AlexanderSweden: calls $0.20
*** TURN *** [7d Kh Ts] [8c]
AlexanderSweden: checks 
Mahu2021: checks 
*** RIVER *** [7d Kh Ts 8c] [4h]
AlexanderSweden: checks 
Mahu2021: bets $0.94
AlexanderSweden: folds 
Uncalled bet ($0.94) returned to Mahu2021
Mahu2021 collected $0.94 from pot
Mahu2021: doesn't show hand 
*** SUMMARY ***
Total pot $0.98 | Rake $0.04 
Board [7d Kh Ts 8c 4h]
Seat 1: jeonjinny (button) folded before Flop (didn't bet)
Seat 2: AlexanderSweden (small blind) folded on the River
Seat 3: hawkwind221 (big blind) folded before Flop
Seat 4: IEVAL folded before Flop (didn't bet)
Seat 5: Mahu2021 collected ($0.94)
Seat 6: denis4250 folded before Flop (didn't bet)



PokerStars Zoom Hand #254444950560:  Hold'em No Limit ($0.05/$0.10) - 2025/01/19 11:16:02 CET [2025/01/19 5:16:02 ET]
Table 'Aludra' 6-max Seat #1 is the button
Seat 1: 0GL0 ($12.12 in chips) 
Seat 2: ABrunne ($9.58 in chips) 
Seat 3: MajusBonus94 ($7.96 in chips) 
Seat 4: Mahu2021 ($9.98 in chips) 
Seat 5: papargy ($15.33 in chips) 
Seat 6: ppapandppap ($10.99 in chips) 
ABrunne: posts small blind $0.05
MajusBonus94: posts big blind $0.10
*** HOLE CARDS ***
Dealt to Mahu2021 [Kh 5s]
Mahu2021: folds 
papargy: folds 
ppapandppap: raises $0.13 to $0.23
0GL0: folds 
ABrunne: folds 
MajusBonus94: folds 
Uncalled bet ($0.13) returned to ppapandppap
ppapandppap collected $0.25 from pot
ppapandppap: doesn't show hand 
*** SUMMARY ***
Total pot $0.25 | Rake $0 
Seat 1: 0GL0 (button) folded before Flop (didn't bet)
Seat 2: ABrunne (small blind) folded before Flop
Seat 3: MajusBonus94 (big blind) folded before Flop
Seat 4: Mahu2021 folded before Flop (didn't bet)
Seat 5: papargy folded before Flop (didn't bet)
Seat 6: ppapandppap collected ($0.25)



PokerStars Zoom Hand #254444951031:  Hold'em No Limit ($0.05/$0.10) - 2025/01/19 11:16:06 CET [2025/01/19 5:16:06 ET]
Table 'Aludra' 6-max Seat #1 is the button
Seat 1: smoky fish 90 ($12.93 in chips) 
Seat 2: 0GL0 ($7.75 in chips) 
Seat 3: seonghwee ($11.97 in chips) 
Seat 4: Mahu2021 ($9.98 in chips) 
Seat 5: papargy ($12.44 in chips) 
Seat 6: bartovskii ($10 in chips) 
0GL0: posts small blind $0.05
seonghwee: posts big blind $0.10
*** HOLE CARDS ***
Dealt to Mahu2021 [Ac Ah]
Mahu2021: raises $0.20 to $0.30
papargy: folds 
bartovskii: folds 
smoky fish 90: folds 
0GL0: raises $0.80 to $1.10
seonghwee: folds 
Mahu2021: raises $8.88 to $9.98 and is all-in
0GL0: folds 
Uncalled bet ($8.88) returned to Mahu2021
Mahu2021 collected $2.30 from pot
Mahu2021: doesn't show hand 
*** SUMMARY ***
Total pot $2.30 | Rake $0 
Seat 1: smoky fish 90 (button) folded before Flop (didn't bet)
Seat 2: 0GL0 (small blind) folded before Flop
Seat 3: seonghwee (big blind) folded before Flop
Seat 4: Mahu2021 collected ($2.30)
Seat 5: papargy folded before Flop (didn't bet)
Seat 6: bartovskii folded before Flop (didn't bet)



PokerStars Zoom Hand #254444954076:  Hold'em No Limit ($0.05/$0.10) - 2025/01/19 11:16:31 CET [2025/01/19 5:16:31 ET]
Table 'Aludra' 6-max Seat #1 is the button
Seat 1: pougia777 ($10.45 in chips) 
Seat 2: MrCangrejoTh ($17.28 in chips) 
Seat 3: Mahu2021 ($11.18 in chips) 
Seat 4: EdimarPadilha ($17.33 in chips) 
Seat 5: jeonjinny ($3.69 in chips) 
Seat 6: yakkai ($10.85 in chips) 
MrCangrejoTh: posts small blind $0.05
Mahu2021: posts big blind $0.10
*** HOLE CARDS ***
Dealt to Mahu2021 [4c Ac]
EdimarPadilha: folds 
jeonjinny: folds 
yakkai: raises $0.15 to $0.25
pougia777: folds 
MrCangrejoTh: folds 
Mahu2021: calls $0.15
*** FLOP *** [3c 8s Td]
Mahu2021: checks 
yakkai: bets $0.17
Mahu2021: folds 
Uncalled bet ($0.17) returned to yakkai
yakkai collected $0.53 from pot
yakkai: doesn't show hand 
*** SUMMARY ***
Total pot $0.55 | Rake $0.02 
Board [3c 8s Td]
Seat 1: pougia777 (button) folded before Flop (didn't bet)
Seat 2: MrCangrejoTh (small blind) folded before Flop
Seat 3: Mahu2021 (big blind) folded on the Flop
Seat 4: EdimarPadilha folded before Flop (didn't bet)
Seat 5: jeonjinny folded before Flop (didn't bet)
Seat 6: yakkai collected ($0.53)



PokerStars Zoom Hand #254444956535:  Hold'em No Limit ($0.05/$0.10) - 2025/01/19 11:16:51 CET [2025/01/19 5:16:51 ET]
Table 'Aludra' 6-max Seat #1 is the button
Seat 1: hawkwind221 ($8.19 in chips) 
Seat 2: Mahu2021 ($10.93 in chips) 
Seat 3: SyraXmaX ($18.56 in chips) 
Seat 4: seonghwee ($19.12 in chips) 
Seat 5: Fargo2015 ($22.44 in chips) 
Seat 6: Gattini37 ($10 in chips) 
Mahu2021: posts small blind $0.05
SyraXmaX: posts big blind $0.10
*** HOLE CARDS ***
Dealt to Mahu2021 [Th 9h]
seonghwee: folds 
Fargo2015: folds 
Gattini37: raises $0.10 to $0.20
hawkwind221: calls $0.20
Mahu2021: calls $0.15
SyraXmaX: folds 
*** FLOP *** [2c 7d Ad]
Mahu2021: checks 
Gattini37: checks 
hawkwind221: bets $0.34
Mahu2021: folds 
Gattini37: folds 
Uncalled bet ($0.34) returned to hawkwind221
hawkwind221 collected $0.67 from pot
hawkwind221: doesn't show hand 
*** SUMMARY ***
Total pot $0.70 | Rake $0.03 
Board [2c 7d Ad]
Seat 1: hawkwind221 (button) collected ($0.67)
Seat 2: Mahu2021 (small blind) folded on the Flop
Seat 3: SyraXmaX (big blind) folded before Flop
Seat 4: seonghwee folded before Flop (didn't bet)
Seat 5: Fargo2015 folded before Flop (didn't bet)
Seat 6: Gattini37 folded on the Flop



PokerStars Zoom Hand #254444958427:  Hold'em No Limit ($0.05/$0.10) - 2025/01/19 11:17:06 CET [2025/01/19 5:17:06 ET]
Table 'Aludra' 6-max Seat #1 is the button
Seat 1: gogogo711 ($10 in chips) 
Seat 2: pougia777 ($10.02 in chips) 
Seat 3: yakkai ($11.13 in chips) 
Seat 4: smoky fish 90 ($10.40 in chips) 
Seat 5: Schnuffler ($10.31 in chips) 
Seat 6: Mahu2021 ($10.73 in chips) 
pougia777: posts small blind $0.05
yakkai: posts big blind $0.10
*** HOLE CARDS ***
Dealt to Mahu2021 [5s Jc]
smoky fish 90: folds 
Schnuffler: folds 
Mahu2021: folds 
gogogo711: folds 
pougia777: folds 
Uncalled bet ($0.05) returned to yakkai
yakkai collected $0.10 from pot
yakkai: doesn't show hand 
*** SUMMARY ***
Total pot $0.10 | Rake $0 
Seat 1: gogogo711 (button) folded before Flop (didn't bet)
Seat 2: pougia777 (small blind) folded before Flop
Seat 3: yakkai (big blind) collected ($0.10)
Seat 4: smoky fish 90 folded before Flop (didn't bet)
Seat 5: Schnuffler folded before Flop (didn't bet)
Seat 6: Mahu2021 folded before Flop (didn't bet)



PokerStars Zoom Hand #254444958892:  Hold'em No Limit ($0.05/$0.10) - 2025/01/19 11:17:10 CET [2025/01/19 5:17:10 ET]
Table 'Aludra' 6-max Seat #1 is the button
Seat 1: DirtyShot ($4.97 in chips) 
Seat 2: merlinSmile ($13.62 in chips) 
Seat 3: juliad941 ($12.26 in chips) 
Seat 4: smoky fish 90 ($10.40 in chips) 
Seat 5: Mahu2021 ($10.73 in chips) 
Seat 6: pougia777 ($10 in chips) 
merlinSmile: posts small blind $0.05
juliad941: posts big blind $0.10
*** HOLE CARDS ***
Dealt to Mahu2021 [9s Td]
smoky fish 90: folds 
Mahu2021: folds 
pougia777: folds 
DirtyShot: raises $0.20 to $0.30
merlinSmile: folds 
juliad941: folds 
Uncalled bet ($0.20) returned to DirtyShot
DirtyShot collected $0.25 from pot
DirtyShot: doesn't show hand 
*** SUMMARY ***
Total pot $0.25 | Rake $0 
Seat 1: DirtyShot (button) collected ($0.25)
Seat 2: merlinSmile (small blind) folded before Flop
Seat 3: juliad941 (big blind) folded before Flop
Seat 4: smoky fish 90 folded before Flop (didn't bet)
Seat 5: Mahu2021 folded before Flop (didn't bet)
Seat 6: pougia777 folded before Flop (didn't bet)



PokerStars Zoom Hand #254444959434:  Hold'em No Limit ($0.05/$0.10) - 2025/01/19 11:17:14 CET [2025/01/19 5:17:14 ET]
Table 'Aludra' 6-max Seat #1 is the button
Seat 1: Mahu2021 ($10.73 in chips) 
Seat 2: MVM77788 ($10.05 in chips) 
Seat 3: smoky fish 90 ($10.40 in chips) 
Seat 4: gogogo711 ($10 in chips) 
Seat 5: Fargo2015 ($11.71 in chips) 
Seat 6: seonghwee ($13.43 in chips) 
MVM77788: posts small blind $0.05
smoky fish 90: posts big blind $0.10
*** HOLE CARDS ***
Dealt to Mahu2021 [8h 5d]
gogogo711: folds 
Fargo2015: folds 
seonghwee: folds 
Mahu2021: folds 
MVM77788: folds 
Uncalled bet ($0.05) returned to smoky fish 90
smoky fish 90 collected $0.10 from pot
smoky fish 90: doesn't show hand 
*** SUMMARY ***
Total pot $0.10 | Rake $0 
Seat 1: Mahu2021 (button) folded before Flop (didn't bet)
Seat 2: MVM77788 (small blind) folded before Flop
Seat 3: smoky fish 90 (big blind) collected ($0.10)
Seat 4: gogogo711 folded before Flop (didn't bet)
Seat 5: Fargo2015 folded before Flop (didn't bet)
Seat 6: seonghwee folded before Flop (didn't bet)



PokerStars Zoom Hand #254444960273:  Hold'em No Limit ($0.05/$0.10) - 2025/01/19 11:17:21 CET [2025/01/19 5:17:21 ET]
Table 'Aludra' 6-max Seat #1 is the button
Seat 1: seonghwee ($18.97 in chips) 
Seat 2: merlinSmile ($26.23 in chips) 
Seat 3: looser00091 ($10 in chips) 
Seat 4: Mahu2021 ($10.73 in chips) 
Seat 5: hawkwind221 ($8.66 in chips) 
Seat 6: DirtyShot ($5.12 in chips) 
merlinSmile: posts small blind $0.05
looser00091: posts big blind $0.10
*** HOLE CARDS ***
Dealt to Mahu2021 [6h Ah]
Mahu2021: folds 
hawkwind221: folds 
DirtyShot: folds 
seonghwee: folds 
merlinSmile: folds 
Uncalled bet ($0.05) returned to looser00091
looser00091 collected $0.10 from pot
looser00091: doesn't show hand 
*** SUMMARY ***
Total pot $0.10 | Rake $0 
Seat 1: seonghwee (button) folded before Flop (didn't bet)
Seat 2: merlinSmile (small blind) folded before Flop
Seat 3: looser00091 (big blind) collected ($0.10)
Seat 4: Mahu2021 folded before Flop (didn't bet)
Seat 5: hawkwind221 folded before Flop (didn't bet)
Seat 6: DirtyShot folded before Flop (didn't bet)



PokerStars Zoom Hand #254444960764:  Hold'em No Limit ($0.05/$0.10) - 2025/01/19 11:17:25 CET [2025/01/19 5:17:25 ET]
Table 'Aludra' 6-max Seat #1 is the button
Seat 1: smoky fish 90 ($10.45 in chips) 
Seat 2: hawkwind221 ($8.66 in chips) 
Seat 3: Mahu2021 ($10.73 in chips) 
Seat 4: jeonjinny ($18.18 in chips) 
Seat 5: IEVAL ($11.04 in chips) 
Seat 6: MMKing19880903 ($7.03 in chips) 
hawkwind221: posts small blind $0.05
Mahu2021: posts big blind $0.10
*** HOLE CARDS ***
Dealt to Mahu2021 [As 7s]
jeonjinny: folds 
IEVAL: folds 
MMKing19880903: folds 
smoky fish 90: folds 
hawkwind221: raises $0.10 to $0.20
Mahu2021: calls $0.10
*** FLOP *** [Jc 5c Tc]
hawkwind221: checks 
Mahu2021: checks 
*** TURN *** [Jc 5c Tc] [9d]
hawkwind221: bets $0.30
Mahu2021: folds 
Uncalled bet ($0.30) returned to hawkwind221
hawkwind221 collected $0.38 from pot
hawkwind221: doesn't show hand 
*** SUMMARY ***
Total pot $0.40 | Rake $0.02 
Board [Jc 5c Tc 9d]
Seat 1: smoky fish 90 (button) folded before Flop (didn't bet)
Seat 2: hawkwind221 (small blind) collected ($0.38)
Seat 3: Mahu2021 (big blind) folded on the Turn
Seat 4: jeonjinny folded before Flop (didn't bet)
Seat 5: IEVAL folded before Flop (didn't bet)
Seat 6: MMKing19880903 folded before Flop (didn't bet)



PokerStars Zoom Hand #254444962794:  Hold'em No Limit ($0.05/$0.10) - 2025/01/19 11:17:42 CET [2025/01/19 5:17:42 ET]
Table 'Aludra' 6-max Seat #1 is the button
Seat 1: godgift1980 ($11.88 in chips) 
Seat 2: Mahu2021 ($10.53 in chips) 
Seat 3: HaRdd___TRy ($10 in chips) 
Seat 4: 0GL0 ($7.50 in chips) 
Seat 5: Schnuffler ($10.16 in chips) 
Seat 6: AirlineSuited ($22.16 in chips) 
Mahu2021: posts small blind $0.05
HaRdd___TRy: posts big blind $0.10
*** HOLE CARDS ***
Dealt to Mahu2021 [Kd 3d]
0GL0: raises $0.20 to $0.30
Schnuffler: folds 
AirlineSuited: folds 
godgift1980: raises $0.50 to $0.80
Mahu2021: folds 
HaRdd___TRy: folds 
0GL0: folds 
Uncalled bet ($0.50) returned to godgift1980
godgift1980 collected $0.75 from pot
godgift1980: doesn't show hand 
*** SUMMARY ***
Total pot $0.75 | Rake $0 
Seat 1: godgift1980 (button) collected ($0.75)
Seat 2: Mahu2021 (small blind) folded before Flop
Seat 3: HaRdd___TRy (big blind) folded before Flop
Seat 4: 0GL0 folded before Flop
Seat 5: Schnuffler folded before Flop (didn't bet)
Seat 6: AirlineSuited folded before Flop (didn't bet)



PokerStars Zoom Hand #254444965222:  Hold'em No Limit ($0.05/$0.10) - 2025/01/19 11:18:02 CET [2025/01/19 5:18:02 ET]
Table 'Aludra' 6-max Seat #1 is the button
Seat 1: Mahu2021 ($10.48 in chips) 
Seat 2: Schnuffler ($10.06 in chips) 
Seat 3: 77irek ($9.65 in chips) 
Seat 4: MVM77788 ($9.90 in chips) 
Seat 5: 0GL0 ($8 in chips) 
Seat 6: DirtyShot ($5.37 in chips) 
Schnuffler: posts small blind $0.05
77irek: posts big blind $0.10
*** HOLE CARDS ***
Dealt to Mahu2021 [Th 4c]
MVM77788: folds 
0GL0: folds 
DirtyShot: folds 
Mahu2021: folds 
Schnuffler: folds 
Uncalled bet ($0.05) returned to 77irek
77irek collected $0.10 from pot
77irek: doesn't show hand 
*** SUMMARY ***
Total pot $0.10 | Rake $0 
Seat 1: Mahu2021 (button) folded before Flop (didn't bet)
Seat 2: Schnuffler (small blind) folded before Flop
Seat 3: 77irek (big blind) collected ($0.10)
Seat 4: MVM77788 folded before Flop (didn't bet)
Seat 5: 0GL0 folded before Flop (didn't bet)
Seat 6: DirtyShot folded before Flop (didn't bet)



PokerStars Zoom Hand #254444964065:  Hold'em No Limit ($0.05/$0.10) - 2025/01/19 11:17:52 CET [2025/01/19 5:17:52 ET]
Table 'Aludra' 6-max Seat #1 is the button
Seat 1: Dastik 5 ($10 in chips) 
Seat 2: Schnuffler ($10.37 in chips) 
Seat 3: gogogo711 ($10 in chips) 
Seat 4: looser00091 ($10 in chips) 
Seat 5: Mahu2021 ($10.48 in chips) 
Seat 6: 0GL0 ($8.05 in chips) 
Schnuffler: posts small blind $0.05
gogogo711: posts big blind $0.10
*** HOLE CARDS ***
Dealt to Mahu2021 [Qh 7d]
looser00091: folds 
Mahu2021: folds 
0GL0: folds 
Dastik 5: folds 
Schnuffler: raises $0.15 to $0.25
gogogo711: calls $0.15
*** FLOP *** [5h Qs 5d]
Schnuffler: checks 
gogogo711: bets $0.16
Schnuffler: folds 
Uncalled bet ($0.16) returned to gogogo711
gogogo711 collected $0.48 from pot
gogogo711: doesn't show hand 
*** SUMMARY ***
Total pot $0.50 | Rake $0.02 
Board [5h Qs 5d]
Seat 1: Dastik 5 (button) folded before Flop (didn't bet)
Seat 2: Schnuffler (small blind) folded on the Flop
Seat 3: gogogo711 (big blind) collected ($0.48)
Seat 4: looser00091 folded before Flop (didn't bet)
Seat 5: Mahu2021 folded before Flop (didn't bet)
Seat 6: 0GL0 folded before Flop (didn't bet)



PokerStars Zoom Hand #254444964654:  Hold'em No Limit ($0.05/$0.10) - 2025/01/19 11:17:57 CET [2025/01/19 5:17:57 ET]
Table 'Aludra' 6-max Seat #1 is the button
Seat 1: TobiasA1982 ($9.85 in chips) 
Seat 2: 0GL0 ($8.05 in chips) 
Seat 3: smoky fish 90 ($10.55 in chips) 
Seat 4: bontobee ($10.15 in chips) 
Seat 5: Dastik 5 ($10 in chips) 
Seat 6: Mahu2021 ($10.48 in chips) 
0GL0: posts small blind $0.05
smoky fish 90: posts big blind $0.10
*** HOLE CARDS ***
Dealt to Mahu2021 [4c Ad]
bontobee: folds 
Dastik 5: folds 
Mahu2021: folds 
TobiasA1982: calls $0.10
0GL0: folds 
smoky fish 90: checks 
*** FLOP *** [4s Kd Qd]
smoky fish 90: checks 
TobiasA1982: checks 
*** TURN *** [4s Kd Qd] [Qs]
smoky fish 90: bets $0.36
TobiasA1982: calls $0.36
*** RIVER *** [4s Kd Qd Qs] [9s]
smoky fish 90: checks 
TobiasA1982: checks 
*** SHOW DOWN ***
smoky fish 90: shows [Jd 9c] (two pair, Queens and Nines)
TobiasA1982: shows [Ac Qc] (three of a kind, Queens)
TobiasA1982 collected $0.92 from pot
*** SUMMARY ***
Total pot $0.97 | Rake $0.05 
Board [4s Kd Qd Qs 9s]
Seat 1: TobiasA1982 (button) showed [Ac Qc] and won ($0.92) with three of a kind, Queens
Seat 2: 0GL0 (small blind) folded before Flop
Seat 3: smoky fish 90 (big blind) showed [Jd 9c] and lost with two pair, Queens and Nines
Seat 4: bontobee folded before Flop (didn't bet)
Seat 5: Dastik 5 folded before Flop (didn't bet)
Seat 6: Mahu2021 folded before Flop (didn't bet)



PokerStars Zoom Hand #254444965905:  Hold'em No Limit ($0.05/$0.10) - 2025/01/19 11:18:07 CET [2025/01/19 5:18:07 ET]
Table 'Aludra' 6-max Seat #1 is the button
Seat 1: bartovskii ($11.31 in chips) 
Seat 2: gogogo711 ($19.14 in chips) 
Seat 3: Keiko14914 ($17.35 in chips) 
Seat 4: Mahu2021 ($10.48 in chips) 
Seat 5: Fargo2015 ($11.71 in chips) 
Seat 6: Nicoboos ($6.86 in chips) 
gogogo711: posts small blind $0.05
Keiko14914: posts big blind $0.10
*** HOLE CARDS ***
Dealt to Mahu2021 [6d Ad]
Mahu2021: raises $0.14 to $0.24
Fargo2015: folds 
Nicoboos: calls $0.24
bartovskii: folds 
gogogo711: folds 
Keiko14914: folds 
*** FLOP *** [Jc Tc 9c]
Mahu2021: checks 
Nicoboos: checks 
*** TURN *** [Jc Tc 9c] [5d]
Mahu2021: checks 
Nicoboos: checks 
*** RIVER *** [Jc Tc 9c 5d] [7s]
Mahu2021: checks 
Nicoboos: checks 
*** SHOW DOWN ***
Mahu2021: shows [6d Ad] (high card Ace)
Nicoboos: shows [4h 5h] (a pair of Fives)
Nicoboos collected $0.60 from pot
*** SUMMARY ***
Total pot $0.63 | Rake $0.03 
Board [Jc Tc 9c 5d 7s]
Seat 1: bartovskii (button) folded before Flop (didn't bet)
Seat 2: gogogo711 (small blind) folded before Flop
Seat 3: Keiko14914 (big blind) folded before Flop
Seat 4: Mahu2021 showed [6d Ad] and lost with high card Ace
Seat 5: Fargo2015 folded before Flop (didn't bet)
Seat 6: Nicoboos showed [4h 5h] and won ($0.60) with a pair of Fives



PokerStars Zoom Hand #254444969944:  Hold'em No Limit ($0.05/$0.10) - 2025/01/19 11:18:41 CET [2025/01/19 5:18:41 ET]
Table 'Aludra' 6-max Seat #1 is the button
Seat 1: Schnuffler ($10.12 in chips) 
Seat 2: pougia777 ($10 in chips) 
Seat 3: EdimarPadilha ($17.81 in chips) 
Seat 4: R4FuN.II ($10 in chips) 
Seat 5: jeonjinny ($3.04 in chips) 
Seat 6: Mahu2021 ($10.24 in chips) 
pougia777: posts small blind $0.05
EdimarPadilha: posts big blind $0.10
*** HOLE CARDS ***
Dealt to Mahu2021 [Ts 3h]
R4FuN.II: folds 
jeonjinny: folds 
Mahu2021: folds 
Schnuffler: folds 
pougia777: raises $0.20 to $0.30
EdimarPadilha: folds 
Uncalled bet ($0.20) returned to pougia777
pougia777 collected $0.20 from pot
pougia777: doesn't show hand 
*** SUMMARY ***
Total pot $0.20 | Rake $0 
Seat 1: Schnuffler (button) folded before Flop (didn't bet)
Seat 2: pougia777 (small blind) collected ($0.20)
Seat 3: EdimarPadilha (big blind) folded before Flop
Seat 4: R4FuN.II folded before Flop (didn't bet)
Seat 5: jeonjinny folded before Flop (didn't bet)
Seat 6: Mahu2021 folded before Flop (didn't bet)



PokerStars Zoom Hand #254444970565:  Hold'em No Limit ($0.05/$0.10) - 2025/01/19 11:18:45 CET [2025/01/19 5:18:45 ET]
Table 'Aludra' 6-max Seat #1 is the button
Seat 1: MajusBonus94 ($7.21 in chips) 
Seat 2: Mahu2021 ($10.24 in chips) 
Seat 3: R4FuN.II ($11.46 in chips) 
Seat 4: DJ JORDAN G. ($15.40 in chips) 
Seat 5: Ironhelt ($10 in chips) 
Seat 6: Eula ($14.76 in chips) 
Mahu2021: posts small blind $0.05
R4FuN.II: posts big blind $0.10
*** HOLE CARDS ***
Dealt to Mahu2021 [Jd Jc]
DJ JORDAN G.: folds 
Ironhelt: folds 
Eula: raises $0.20 to $0.30
MajusBonus94: folds 
Mahu2021: calls $0.25
R4FuN.II: folds 
*** FLOP *** [5h 9c 4h]
Mahu2021: bets $0.67
Eula: calls $0.67
*** TURN *** [5h 9c 4h] [Ad]
Mahu2021: checks 
Eula: bets $0.98
Mahu2021: folds 
Uncalled bet ($0.98) returned to Eula
Eula collected $1.95 from pot
Eula: doesn't show hand 
*** SUMMARY ***
Total pot $2.04 | Rake $0.09 
Board [5h 9c 4h Ad]
Seat 1: MajusBonus94 (button) folded before Flop (didn't bet)
Seat 2: Mahu2021 (small blind) folded on the Turn
Seat 3: R4FuN.II (big blind) folded before Flop
Seat 4: DJ JORDAN G. folded before Flop (didn't bet)
Seat 5: Ironhelt folded before Flop (didn't bet)
Seat 6: Eula collected ($1.95)



PokerStars Zoom Hand #254444973341:  Hold'em No Limit ($0.05/$0.10) - 2025/01/19 11:19:08 CET [2025/01/19 5:19:08 ET]
Table 'Aludra' 6-max Seat #1 is the button
Seat 1: HaRdd___TRy ($9.90 in chips) 
Seat 2: pokerfaceIRL ($28.57 in chips) 
Seat 3: Mahu2021 ($9.27 in chips) 
Seat 4: smoky fish 90 ($10.04 in chips) 
Seat 5: DirtyShot ($5.62 in chips) 
Seat 6: yanailove ($12.20 in chips) 
pokerfaceIRL: posts small blind $0.05
Mahu2021: posts big blind $0.10
*** HOLE CARDS ***
Dealt to Mahu2021 [4s 4d]
smoky fish 90: folds 
DirtyShot: folds 
yanailove: folds 
HaRdd___TRy: raises $0.20 to $0.30
pokerfaceIRL: calls $0.25
Mahu2021: calls $0.20
*** FLOP *** [Tc 8h 8d]
pokerfaceIRL: bets $1.06
Mahu2021: folds 
HaRdd___TRy: folds 
Uncalled bet ($1.06) returned to pokerfaceIRL
pokerfaceIRL collected $0.86 from pot
pokerfaceIRL: doesn't show hand 
*** SUMMARY ***
Total pot $0.90 | Rake $0.04 
Board [Tc 8h 8d]
Seat 1: HaRdd___TRy (button) folded on the Flop
Seat 2: pokerfaceIRL (small blind) collected ($0.86)
Seat 3: Mahu2021 (big blind) folded on the Flop
Seat 4: smoky fish 90 folded before Flop (didn't bet)
Seat 5: DirtyShot folded before Flop (didn't bet)
Seat 6: yanailove folded before Flop (didn't bet)



PokerStars Zoom Hand #254444979161:  Hold'em No Limit ($0.05/$0.10) - 2025/01/19 11:19:56 CET [2025/01/19 5:19:56 ET]
Table 'Aludra' 6-max Seat #1 is the button
Seat 1: smoky fish 90 ($15.76 in chips) 
Seat 2: lost chans ($20.94 in chips) 
Seat 3: DirtyShot ($5.27 in chips) 
Seat 4: Mahu2021 ($8.97 in chips) 
Seat 5: ruffhund1 ($10 in chips) 
Seat 6: HaRdd___TRy ($10.28 in chips) 
lost chans: posts small blind $0.05
DirtyShot: posts big blind $0.10
*** HOLE CARDS ***
Dealt to Mahu2021 [5c 6d]
Mahu2021: folds 
ruffhund1: raises $0.10 to $0.20
HaRdd___TRy: folds 
smoky fish 90: folds 
lost chans: folds 
DirtyShot: calls $0.10
*** FLOP *** [5d Ah Qh]
DirtyShot: checks 
ruffhund1: bets $0.22
DirtyShot: folds 
Uncalled bet ($0.22) returned to ruffhund1
ruffhund1 collected $0.43 from pot
ruffhund1: doesn't show hand 
*** SUMMARY ***
Total pot $0.45 | Rake $0.02 
Board [5d Ah Qh]
Seat 1: smoky fish 90 (button) folded before Flop (didn't bet)
Seat 2: lost chans (small blind) folded before Flop
Seat 3: DirtyShot (big blind) folded on the Flop
Seat 4: Mahu2021 folded before Flop (didn't bet)
Seat 5: ruffhund1 collected ($0.43)
Seat 6: HaRdd___TRy folded before Flop (didn't bet)



PokerStars Zoom Hand #254444980539:  Hold'em No Limit ($0.05/$0.10) - 2025/01/19 11:20:08 CET [2025/01/19 5:20:08 ET]
Table 'Aludra' 6-max Seat #1 is the button
Seat 1: Schnuffler ($10 in chips) 
Seat 2: Mahu2021 ($8.97 in chips) 
Seat 3: Dastik 5 ($10 in chips) 
Seat 4: DJ JORDAN G. ($19.45 in chips) 
Seat 5: 77irek ($9.93 in chips) 
Seat 6: AirlineSuited ($21.11 in chips) 
Mahu2021: posts small blind $0.05
Dastik 5: posts big blind $0.10
*** HOLE CARDS ***
Dealt to Mahu2021 [Jc Kd]
DJ JORDAN G.: raises $0.12 to $0.22
77irek: folds 
AirlineSuited: folds 
Schnuffler: folds 
Mahu2021: calls $0.17
Dastik 5: folds 
*** FLOP *** [2s 9c 4h]
Mahu2021: checks 
DJ JORDAN G.: checks 
*** TURN *** [2s 9c 4h] [4c]
Mahu2021: checks 
DJ JORDAN G.: checks 
*** RIVER *** [2s 9c 4h 4c] [7s]
Mahu2021: checks 
DJ JORDAN G.: checks 
*** SHOW DOWN ***
Mahu2021: shows [Jc Kd] (a pair of Fours)
DJ JORDAN G.: shows [Kh Qc] (a pair of Fours - King+Queen kicker)
DJ JORDAN G. collected $0.52 from pot
*** SUMMARY ***
Total pot $0.54 | Rake $0.02 
Board [2s 9c 4h 4c 7s]
Seat 1: Schnuffler (button) folded before Flop (didn't bet)
Seat 2: Mahu2021 (small blind) showed [Jc Kd] and lost with a pair of Fours
Seat 3: Dastik 5 (big blind) folded before Flop
Seat 4: DJ JORDAN G. showed [Kh Qc] and won ($0.52) with a pair of Fours
Seat 5: 77irek folded before Flop (didn't bet)
Seat 6: AirlineSuited folded before Flop (didn't bet)



PokerStars Zoom Hand #254444983116:  Hold'em No Limit ($0.05/$0.10) - 2025/01/19 11:20:29 CET [2025/01/19 5:20:29 ET]
Table 'Aludra' 6-max Seat #1 is the button
Seat 1: Mahu2021 ($8.75 in chips) 
Seat 2: MMKing19880903 ($8.06 in chips) 
Seat 3: Ironhelt ($10.10 in chips) 
Seat 4: pougia777 ($10 in chips) 
Seat 5: DJ JORDAN G. ($19.75 in chips) 
Seat 6: smoky fish 90 ($20.43 in chips) 
MMKing19880903: posts small blind $0.05
Ironhelt: posts big blind $0.10
*** HOLE CARDS ***
Dealt to Mahu2021 [8c Kd]
pougia777: folds 
DJ JORDAN G.: folds 
smoky fish 90: folds 
Mahu2021: folds 
MMKing19880903: folds 
Uncalled bet ($0.05) returned to Ironhelt
Ironhelt collected $0.10 from pot
Ironhelt: doesn't show hand 
*** SUMMARY ***
Total pot $0.10 | Rake $0 
Seat 1: Mahu2021 (button) folded before Flop (didn't bet)
Seat 2: MMKing19880903 (small blind) folded before Flop
Seat 3: Ironhelt (big blind) collected ($0.10)
Seat 4: pougia777 folded before Flop (didn't bet)
Seat 5: DJ JORDAN G. folded before Flop (didn't bet)
Seat 6: smoky fish 90 folded before Flop (didn't bet)



PokerStars Zoom Hand #254444978717:  Hold'em No Limit ($0.05/$0.10) - 2025/01/19 11:19:53 CET [2025/01/19 5:19:53 ET]
Table 'Aludra' 6-max Seat #1 is the button
Seat 1: Mahu2021 ($8.97 in chips) 
Seat 2: 0GL0 ($7.50 in chips) 
Seat 3: ppapandppap ($10.87 in chips) 
Seat 4: R4FuN.II ($11.46 in chips) 
Seat 5: DirtyShot ($5.27 in chips) 
Seat 6: johnyboyjnr ($19.17 in chips) 
0GL0: posts small blind $0.05
ppapandppap: posts big blind $0.10
*** HOLE CARDS ***
Dealt to Mahu2021 [5d 8s]
R4FuN.II: folds 
DirtyShot: folds 
johnyboyjnr: folds 
Mahu2021: folds 
0GL0: raises $0.15 to $0.25
ppapandppap: calls $0.15
*** FLOP *** [4d Tc Kh]
0GL0: bets $0.20
ppapandppap: calls $0.20
*** TURN *** [4d Tc Kh] [5c]
0GL0: checks 
ppapandppap: bets $0.28
0GL0: folds 
Uncalled bet ($0.28) returned to ppapandppap
ppapandppap collected $0.86 from pot
ppapandppap: doesn't show hand 
*** SUMMARY ***
Total pot $0.90 | Rake $0.04 
Board [4d Tc Kh 5c]
Seat 1: Mahu2021 (button) folded before Flop (didn't bet)
Seat 2: 0GL0 (small blind) folded on the Turn
Seat 3: ppapandppap (big blind) collected ($0.86)
Seat 4: R4FuN.II folded before Flop (didn't bet)
Seat 5: DirtyShot folded before Flop (didn't bet)
Seat 6: johnyboyjnr folded before Flop (didn't bet)



PokerStars Zoom Hand #254444983802:  Hold'em No Limit ($0.05/$0.10) - 2025/01/19 11:20:34 CET [2025/01/19 5:20:34 ET]
Table 'Aludra' 6-max Seat #1 is the button
Seat 1: seonghwee ($16.02 in chips) 
Seat 2: Tony the gas ($4.55 in chips) 
Seat 3: Mahu2021 ($8.75 in chips) 
Seat 4: pougia777 ($10 in chips) 
Seat 5: R4FuN.II ($10 in chips) 
Seat 6: papargy ($10.15 in chips) 
Tony the gas: posts small blind $0.05
Mahu2021: posts big blind $0.10
*** HOLE CARDS ***
Dealt to Mahu2021 [9c 6c]
pougia777: folds 
R4FuN.II: folds 
papargy: folds 
seonghwee: folds 
Tony the gas: raises $0.10 to $0.20
Mahu2021: folds 
Uncalled bet ($0.10) returned to Tony the gas
Tony the gas collected $0.20 from pot
Tony the gas: doesn't show hand 
*** SUMMARY ***
Total pot $0.20 | Rake $0 
Seat 1: seonghwee (button) folded before Flop (didn't bet)
Seat 2: Tony the gas (small blind) collected ($0.20)
Seat 3: Mahu2021 (big blind) folded before Flop
Seat 4: pougia777 folded before Flop (didn't bet)
Seat 5: R4FuN.II folded before Flop (didn't bet)
Seat 6: papargy folded before Flop (didn't bet)



PokerStars Zoom Hand #254444985754:  Hold'em No Limit ($0.05/$0.10) - 2025/01/19 11:20:50 CET [2025/01/19 5:20:50 ET]
Table 'Aludra' 6-max Seat #1 is the button
Seat 1: ppapandppap ($11.28 in chips) 
Seat 2: SyraXmaX ($11.19 in chips) 
Seat 3: yanailove ($12.77 in chips) 
Seat 4: bartovskii ($11.84 in chips) 
Seat 5: Mahu2021 ($8.65 in chips) 
Seat 6: dodgydan68 ($6.46 in chips) 
SyraXmaX: posts small blind $0.05
yanailove: posts big blind $0.10
*** HOLE CARDS ***
Dealt to Mahu2021 [6h Kd]
bartovskii: folds 
Mahu2021: folds 
dodgydan68: folds 
ppapandppap: raises $0.15 to $0.25
SyraXmaX: folds 
yanailove: raises $0.85 to $1.10
ppapandppap: folds 
Uncalled bet ($0.85) returned to yanailove
yanailove collected $0.55 from pot
yanailove: doesn't show hand 
*** SUMMARY ***
Total pot $0.55 | Rake $0 
Seat 1: ppapandppap (button) folded before Flop
Seat 2: SyraXmaX (small blind) folded before Flop
Seat 3: yanailove (big blind) collected ($0.55)
Seat 4: bartovskii folded before Flop (didn't bet)
Seat 5: Mahu2021 folded before Flop (didn't bet)
Seat 6: dodgydan68 folded before Flop (didn't bet)



PokerStars Zoom Hand #254444986225:  Hold'em No Limit ($0.05/$0.10) - 2025/01/19 11:20:54 CET [2025/01/19 5:20:54 ET]
Table 'Aludra' 6-max Seat #1 is the button
Seat 1: 77irek ($9.78 in chips) 
Seat 2: bartovskii ($10.46 in chips) 
Seat 3: dodgydan68 ($6.46 in chips) 
Seat 4: pougia777 ($10.73 in chips) 
Seat 5: smoky fish 90 ($10.24 in chips) 
Seat 6: Mahu2021 ($8.65 in chips) 
bartovskii: posts small blind $0.05
dodgydan68: posts big blind $0.10
*** HOLE CARDS ***
Dealt to Mahu2021 [Jc Qh]
pougia777: folds 
smoky fish 90: folds 
Mahu2021: raises $0.14 to $0.24
77irek: folds 
bartovskii: folds 
dodgydan68: folds 
Uncalled bet ($0.14) returned to Mahu2021
Mahu2021 collected $0.25 from pot
Mahu2021: doesn't show hand 
*** SUMMARY ***
Total pot $0.25 | Rake $0 
Seat 1: 77irek (button) folded before Flop (didn't bet)
Seat 2: bartovskii (small blind) folded before Flop
Seat 3: dodgydan68 (big blind) folded before Flop
Seat 4: pougia777 folded before Flop (didn't bet)
Seat 5: smoky fish 90 folded before Flop (didn't bet)
Seat 6: Mahu2021 collected ($0.25)



PokerStars Zoom Hand #254444987841:  Hold'em No Limit ($0.05/$0.10) - 2025/01/19 11:21:07 CET [2025/01/19 5:21:07 ET]
Table 'Aludra' 6-max Seat #1 is the button
Seat 1: pougia777 ($10.68 in chips) 
Seat 2: lost chans ($21.01 in chips) 
Seat 3: like.yasu119 ($13.97 in chips) 
Seat 4: Mahu2021 ($8.80 in chips) 
Seat 5: papargy ($10.05 in chips) 
Seat 6: Tony the gas ($4.70 in chips) 
lost chans: posts small blind $0.05
like.yasu119: posts big blind $0.10
*** HOLE CARDS ***
Dealt to Mahu2021 [7s 8d]
Mahu2021: folds 
papargy: raises $0.11 to $0.21
Tony the gas: folds 
pougia777: folds 
lost chans: folds 
like.yasu119: folds 
Uncalled bet ($0.11) returned to papargy
papargy collected $0.25 from pot
papargy: doesn't show hand 
*** SUMMARY ***
Total pot $0.25 | Rake $0 
Seat 1: pougia777 (button) folded before Flop (didn't bet)
Seat 2: lost chans (small blind) folded before Flop
Seat 3: like.yasu119 (big blind) folded before Flop
Seat 4: Mahu2021 folded before Flop (didn't bet)
Seat 5: papargy collected ($0.25)
Seat 6: Tony the gas folded before Flop (didn't bet)



PokerStars Zoom Hand #254444979689:  Hold'em No Limit ($0.05/$0.10) - 2025/01/19 11:20:01 CET [2025/01/19 5:20:01 ET]
Table 'Aludra' 6-max Seat #1 is the button
Seat 1: 0GL0 ($8.87 in chips) 
Seat 2: HaRdd___TRy ($9.60 in chips) 
Seat 3: SyraXmaX ($25.93 in chips) 
Seat 4: 77irek ($9.93 in chips) 
Seat 5: Mahu2021 ($8.97 in chips) 
Seat 6: smoky fish 90 ($11.12 in chips) 
HaRdd___TRy: posts small blind $0.05
SyraXmaX: posts big blind $0.10
*** HOLE CARDS ***
Dealt to Mahu2021 [4c 2c]
77irek: folds 
Mahu2021: folds 
smoky fish 90: raises $0.15 to $0.25
0GL0: folds 
HaRdd___TRy: calls $0.20
SyraXmaX: calls $0.15
*** FLOP *** [Qs Th 4s]
HaRdd___TRy: checks 
SyraXmaX: checks 
smoky fish 90: checks 
*** TURN *** [Qs Th 4s] [7h]
HaRdd___TRy: bets $0.27
SyraXmaX: calls $0.27
smoky fish 90: calls $0.27
*** RIVER *** [Qs Th 4s 7h] [7c]
HaRdd___TRy: checks 
SyraXmaX: bets $1.86
smoky fish 90: folds 
HaRdd___TRy: calls $1.86
*** SHOW DOWN ***
SyraXmaX: shows [5h 5c] (two pair, Sevens and Fives)
HaRdd___TRy: shows [Qc Ks] (two pair, Queens and Sevens)
HaRdd___TRy collected $5.04 from pot
*** SUMMARY ***
Total pot $5.28 | Rake $0.24 
Board [Qs Th 4s 7h 7c]
Seat 1: 0GL0 (button) folded before Flop (didn't bet)
Seat 2: HaRdd___TRy (small blind) showed [Qc Ks] and won ($5.04) with two pair, Queens and Sevens
Seat 3: SyraXmaX (big blind) showed [5h 5c] and lost with two pair, Sevens and Fives
Seat 4: 77irek folded before Flop (didn't bet)
Seat 5: Mahu2021 folded before Flop (didn't bet)
Seat 6: smoky fish 90 folded on the River



PokerStars Zoom Hand #254444988347:  Hold'em No Limit ($0.05/$0.10) - 2025/01/19 11:21:11 CET [2025/01/19 5:21:11 ET]
Table 'Aludra' 6-max Seat #1 is the button
Seat 1: 77irek ($10.03 in chips) 
Seat 2: Mahu2021 ($8.80 in chips) 
Seat 3: 0GL0 ($8.97 in chips) 
Seat 4: hawkwind221 ($6.88 in chips) 
Seat 5: Gattini37 ($10.85 in chips) 
Seat 6: lost chans ($20.96 in chips) 
Mahu2021: posts small blind $0.05
0GL0: posts big blind $0.10
*** HOLE CARDS ***
Dealt to Mahu2021 [7s 8c]
hawkwind221: raises $0.10 to $0.20
Gattini37: calls $0.20
lost chans: calls $0.20
77irek: folds 
Mahu2021: folds 
0GL0: folds 
*** FLOP *** [2d Jd 6d]
hawkwind221: bets $0.20
Gattini37: calls $0.20
lost chans: folds 
*** TURN *** [2d Jd 6d] [7h]
hawkwind221: bets $0.20
Gattini37: calls $0.20
*** RIVER *** [2d Jd 6d 7h] [Qc]
hawkwind221: bets $0.74
Gattini37: folds 
Uncalled bet ($0.74) returned to hawkwind221
hawkwind221 collected $1.48 from pot
hawkwind221: doesn't show hand 
*** SUMMARY ***
Total pot $1.55 | Rake $0.07 
Board [2d Jd 6d 7h Qc]
Seat 1: 77irek (button) folded before Flop (didn't bet)
Seat 2: Mahu2021 (small blind) folded before Flop
Seat 3: 0GL0 (big blind) folded before Flop
Seat 4: hawkwind221 collected ($1.48)
Seat 5: Gattini37 folded on the River
Seat 6: lost chans folded on the Flop



PokerStars Zoom Hand #254444989066:  Hold'em No Limit ($0.05/$0.10) - 2025/01/19 11:21:17 CET [2025/01/19 5:21:17 ET]
Table 'Aludra' 6-max Seat #1 is the button
Seat 1: Schnuffler ($10 in chips) 
Seat 2: smoky fish 90 ($10.29 in chips) 
Seat 3: Mahu2021 ($8.75 in chips) 
Seat 4: dodgydan68 ($6.51 in chips) 
Seat 5: AlexanderSweden ($2.91 in chips) 
Seat 6: R4FuN.II ($13.62 in chips) 
smoky fish 90: posts small blind $0.05
Mahu2021: posts big blind $0.10
*** HOLE CARDS ***
Dealt to Mahu2021 [Th Js]
dodgydan68: folds 
AlexanderSweden: calls $0.10
R4FuN.II: folds 
Schnuffler: folds 
smoky fish 90: folds 
Mahu2021: checks 
*** FLOP *** [2d Jd 6c]
Mahu2021: bets $0.20
AlexanderSweden: calls $0.20
*** TURN *** [2d Jd 6c] [Ah]
Mahu2021: checks 
AlexanderSweden: checks 
*** RIVER *** [2d Jd 6c Ah] [8d]
Mahu2021: checks 
AlexanderSweden: bets $0.31
Mahu2021: calls $0.31
*** SHOW DOWN ***
AlexanderSweden: shows [4c 3d] (high card Ace)
Mahu2021: shows [Th Js] (a pair of Jacks)
Mahu2021 collected $1.21 from pot
*** SUMMARY ***
Total pot $1.27 | Rake $0.06 
Board [2d Jd 6c Ah 8d]
Seat 1: Schnuffler (button) folded before Flop (didn't bet)
Seat 2: smoky fish 90 (small blind) folded before Flop
Seat 3: Mahu2021 (big blind) showed [Th Js] and won ($1.21) with a pair of Jacks
Seat 4: dodgydan68 folded before Flop (didn't bet)
Seat 5: AlexanderSweden showed [4c 3d] and lost with high card Ace
Seat 6: R4FuN.II folded before Flop (didn't bet)



PokerStars Zoom Hand #254444992353:  Hold'em No Limit ($0.05/$0.10) - 2025/01/19 11:21:43 CET [2025/01/19 5:21:43 ET]
Table 'Aludra' 6-max Seat #1 is the button
Seat 1: Mahu2021 ($9.35 in chips) 
Seat 2: AlexanderSweden ($2.30 in chips) 
Seat 3: SyraXmaX ($10.89 in chips) 
Seat 4: MajusBonus94 ($8.10 in chips) 
Seat 5: johnyboyjnr ($21.26 in chips) 
Seat 6: papargy ($10.15 in chips) 
AlexanderSweden: posts small blind $0.05
SyraXmaX: posts big blind $0.10
*** HOLE CARDS ***
Dealt to Mahu2021 [Th Qs]
MajusBonus94: folds 
johnyboyjnr: folds 
papargy: folds 
Mahu2021: raises $0.20 to $0.30
AlexanderSweden: calls $0.25
SyraXmaX: folds 
*** FLOP *** [Ad Tc 8s]
AlexanderSweden: bets $0.10
Mahu2021: calls $0.10
*** TURN *** [Ad Tc 8s] [9c]
AlexanderSweden: bets $0.86
Mahu2021: folds 
Uncalled bet ($0.86) returned to AlexanderSweden
AlexanderSweden collected $0.86 from pot
AlexanderSweden: doesn't show hand 
*** SUMMARY ***
Total pot $0.90 | Rake $0.04 
Board [Ad Tc 8s 9c]
Seat 1: Mahu2021 (button) folded on the Turn
Seat 2: AlexanderSweden (small blind) collected ($0.86)
Seat 3: SyraXmaX (big blind) folded before Flop
Seat 4: MajusBonus94 folded before Flop (didn't bet)
Seat 5: johnyboyjnr folded before Flop (didn't bet)
Seat 6: papargy folded before Flop (didn't bet)



PokerStars Zoom Hand #254444997093:  Hold'em No Limit ($0.05/$0.10) - 2025/01/19 11:22:21 CET [2025/01/19 5:22:21 ET]
Table 'Aludra' 6-max Seat #1 is the button
Seat 1: MMKing19880903 ($7.36 in chips) 
Seat 2: EdimarPadilha ($15.41 in chips) 
Seat 3: Dutta666 ($8.64 in chips) 
Seat 4: Mahu2021 ($8.95 in chips) 
Seat 5: lost chans ($21.94 in chips) 
Seat 6: bartovskii ($10.41 in chips) 
EdimarPadilha: posts small blind $0.05
Dutta666: posts big blind $0.10
*** HOLE CARDS ***
Dealt to Mahu2021 [5h 6h]
Mahu2021: folds 
lost chans: folds 
bartovskii: folds 
MMKing19880903: folds 
EdimarPadilha: folds 
Uncalled bet ($0.05) returned to Dutta666
Dutta666 collected $0.10 from pot
Dutta666: doesn't show hand 
*** SUMMARY ***
Total pot $0.10 | Rake $0 
Seat 1: MMKing19880903 (button) folded before Flop (didn't bet)
Seat 2: EdimarPadilha (small blind) folded before Flop
Seat 3: Dutta666 (big blind) collected ($0.10)
Seat 4: Mahu2021 folded before Flop (didn't bet)
Seat 5: lost chans folded before Flop (didn't bet)
Seat 6: bartovskii folded before Flop (didn't bet)



PokerStars Zoom Hand #254444995997:  Hold'em No Limit ($0.05/$0.10) - 2025/01/19 11:22:12 CET [2025/01/19 5:22:12 ET]
Table 'Aludra' 6-max Seat #1 is the button
Seat 1: AlexanderSweden ($2.76 in chips) 
Seat 2: yanailove ($15.80 in chips) 
Seat 3: smoky fish 90 ($19.48 in chips) 
Seat 4: EdimarPadilha ($15.41 in chips) 
Seat 5: Niku644 ($9.85 in chips) 
Seat 6: Mahu2021 ($8.95 in chips) 
yanailove: posts small blind $0.05
smoky fish 90: posts big blind $0.10
*** HOLE CARDS ***
Dealt to Mahu2021 [3h 5d]
EdimarPadilha: folds 
Niku644: folds 
Mahu2021: folds 
AlexanderSweden: calls $0.10
yanailove: raises $0.30 to $0.40
smoky fish 90: folds 
AlexanderSweden: calls $0.30
*** FLOP *** [7s Qd 8d]
yanailove: bets $0.30
AlexanderSweden: calls $0.30
*** TURN *** [7s Qd 8d] [Tc]
yanailove: checks 
AlexanderSweden: bets $0.10
yanailove: calls $0.10
*** RIVER *** [7s Qd 8d Tc] [Qc]
yanailove: checks 
AlexanderSweden: bets $0.90
yanailove: calls $0.90
*** SHOW DOWN ***
AlexanderSweden: shows [5h Qh] (three of a kind, Queens)
yanailove: mucks hand 
AlexanderSweden collected $3.34 from pot
*** SUMMARY ***
Total pot $3.50 | Rake $0.16 
Board [7s Qd 8d Tc Qc]
Seat 1: AlexanderSweden (button) showed [5h Qh] and won ($3.34) with three of a kind, Queens
Seat 2: yanailove (small blind) mucked [Js Jh]
Seat 3: smoky fish 90 (big blind) folded before Flop
Seat 4: EdimarPadilha folded before Flop (didn't bet)
Seat 5: Niku644 folded before Flop (didn't bet)
Seat 6: Mahu2021 folded before Flop (didn't bet)



PokerStars Zoom Hand #254444997625:  Hold'em No Limit ($0.05/$0.10) - 2025/01/19 11:22:25 CET [2025/01/19 5:22:25 ET]
Table 'Aludra' 6-max Seat #1 is the button
Seat 1: Mahu2021 ($8.95 in chips) 
Seat 2: ABrunne ($2.72 in chips) 
Seat 3: MMKing19880903 ($7.36 in chips) 
Seat 4: lost chans ($21.94 in chips) 
Seat 5: Ironhelt ($14.28 in chips) 
Seat 6: Eula ($16.81 in chips) 
ABrunne: posts small blind $0.05
MMKing19880903: posts big blind $0.10
*** HOLE CARDS ***
Dealt to Mahu2021 [Ad 2c]
lost chans: folds 
Ironhelt: raises $0.10 to $0.20
Eula: folds 
Mahu2021: folds 
ABrunne: calls $0.15
MMKing19880903: folds 
*** FLOP *** [6d 5s 3s]
ABrunne: checks 
Ironhelt: checks 
*** TURN *** [6d 5s 3s] [2h]
ABrunne: checks 
Ironhelt: bets $0.16
ABrunne: calls $0.16
*** RIVER *** [6d 5s 3s 2h] [Kd]
ABrunne: checks 
Ironhelt: bets $0.55
ABrunne: calls $0.55
*** SHOW DOWN ***
Ironhelt: shows [Jd Qh] (high card King)
ABrunne: shows [9s Kh] (a pair of Kings)
ABrunne collected $1.83 from pot
*** SUMMARY ***
Total pot $1.92 | Rake $0.09 
Board [6d 5s 3s 2h Kd]
Seat 1: Mahu2021 (button) folded before Flop (didn't bet)
Seat 2: ABrunne (small blind) showed [9s Kh] and won ($1.83) with a pair of Kings
Seat 3: MMKing19880903 (big blind) folded before Flop
Seat 4: lost chans folded before Flop (didn't bet)
Seat 5: Ironhelt showed [Jd Qh] and lost with high card King
Seat 6: Eula folded before Flop (didn't bet)



PokerStars Zoom Hand #254445001551:  Hold'em No Limit ($0.05/$0.10) - 2025/01/19 11:22:57 CET [2025/01/19 5:22:57 ET]
Table 'Aludra' 6-max Seat #1 is the button
Seat 1: AirlineSuited ($21.28 in chips) 
Seat 2: Mahu2021 ($8.70 in chips) 
Seat 3: yanailove ($13.28 in chips) 
Seat 4: BReDnaya89 ($11.59 in chips) 
Seat 5: looser00091 ($15.88 in chips) 
Seat 6: Gattini37 ($10 in chips) 
Mahu2021: posts small blind $0.05
yanailove: posts big blind $0.10
*** HOLE CARDS ***
Dealt to Mahu2021 [8d 6h]
BReDnaya89: folds 
looser00091: folds 
Gattini37: folds 
AirlineSuited: folds 
Mahu2021: folds 
Uncalled bet ($0.05) returned to yanailove
yanailove collected $0.10 from pot
yanailove: doesn't show hand 
*** SUMMARY ***
Total pot $0.10 | Rake $0 
Seat 1: AirlineSuited (button) folded before Flop (didn't bet)
Seat 2: Mahu2021 (small blind) folded before Flop
Seat 3: yanailove (big blind) collected ($0.10)
Seat 4: BReDnaya89 folded before Flop (didn't bet)
Seat 5: looser00091 folded before Flop (didn't bet)
Seat 6: Gattini37 folded before Flop (didn't bet)



PokerStars Zoom Hand #254444996512:  Hold'em No Limit ($0.05/$0.10) - 2025/01/19 11:22:16 CET [2025/01/19 5:22:16 ET]
Table 'Aludra' 6-max Seat #1 is the button
Seat 1: bombayXIII ($5.61 in chips) 
Seat 2: Schnuffler ($10.95 in chips) 
Seat 3: TobiasA1982 ($8.09 in chips) 
Seat 4: SyraXmaX ($10 in chips) 
Seat 5: Mahu2021 ($8.95 in chips) 
Seat 6: Niku644 ($9.85 in chips) 
Schnuffler: posts small blind $0.05
TobiasA1982: posts big blind $0.10
*** HOLE CARDS ***
Dealt to Mahu2021 [Jc 5h]
SyraXmaX: folds 
Mahu2021: folds 
Niku644: folds 
bombayXIII: calls $0.10
Schnuffler: calls $0.05
TobiasA1982: checks 
*** FLOP *** [3h Jh Kd]
Schnuffler: checks 
TobiasA1982: bets $0.10
bombayXIII: calls $0.10
Schnuffler: calls $0.10
*** TURN *** [3h Jh Kd] [9d]
Schnuffler: checks 
TobiasA1982: bets $0.20
bombayXIII: folds 
Schnuffler: raises $0.80 to $1
TobiasA1982: calls $0.80
*** RIVER *** [3h Jh Kd 9d] [4d]
Schnuffler: bets $1.49
TobiasA1982: calls $1.49
*** SHOW DOWN ***
Schnuffler: shows [9s Js] (two pair, Jacks and Nines)
TobiasA1982: mucks hand 
Schnuffler collected $5.27 from pot
*** SUMMARY ***
Total pot $5.58 | Rake $0.31 
Board [3h Jh Kd 9d 4d]
Seat 1: bombayXIII (button) folded on the Turn
Seat 2: Schnuffler (small blind) showed [9s Js] and won ($5.27) with two pair, Jacks and Nines
Seat 3: TobiasA1982 (big blind) mucked [Kc Qs]
Seat 4: SyraXmaX folded before Flop (didn't bet)
Seat 5: Mahu2021 folded before Flop (didn't bet)
Seat 6: Niku644 folded before Flop (didn't bet)



PokerStars Zoom Hand #254445002046:  Hold'em No Limit ($0.05/$0.10) - 2025/01/19 11:23:01 CET [2025/01/19 5:23:01 ET]
Table 'Aludra' 6-max Seat #1 is the button
Seat 1: bontobee ($7.92 in chips) 
Seat 2: lost chans ($21.79 in chips) 
Seat 3: smoky fish 90 ($19.48 in chips) 
Seat 4: BReDnaya89 ($11.59 in chips) 
Seat 5: Mahu2021 ($8.65 in chips) 
Seat 6: pougia777 ($10.28 in chips) 
lost chans: posts small blind $0.05
smoky fish 90: posts big blind $0.10
*** HOLE CARDS ***
Dealt to Mahu2021 [Kh 7d]
BReDnaya89: raises $0.20 to $0.30
Mahu2021: folds 
pougia777: folds 
bontobee: calls $0.30
lost chans: folds 
smoky fish 90: folds 
*** FLOP *** [3c 2c 2h]
BReDnaya89: checks 
bontobee: checks 
*** TURN *** [3c 2c 2h] [Ad]
BReDnaya89: bets $0.36
bontobee: folds 
Uncalled bet ($0.36) returned to BReDnaya89
BReDnaya89 collected $0.72 from pot
BReDnaya89: doesn't show hand 
*** SUMMARY ***
Total pot $0.75 | Rake $0.03 
Board [3c 2c 2h Ad]
Seat 1: bontobee (button) folded on the Turn
Seat 2: lost chans (small blind) folded before Flop
Seat 3: smoky fish 90 (big blind) folded before Flop
Seat 4: BReDnaya89 collected ($0.72)
Seat 5: Mahu2021 folded before Flop (didn't bet)
Seat 6: pougia777 folded before Flop (didn't bet)



PokerStars Zoom Hand #254445002647:  Hold'em No Limit ($0.05/$0.10) - 2025/01/19 11:23:06 CET [2025/01/19 5:23:06 ET]
Table 'Aludra' 6-max Seat #1 is the button
Seat 1: tmatsuno ($10 in chips) 
Seat 2: pougia777 ($10.28 in chips) 
Seat 3: IEVAL ($13.95 in chips) 
Seat 4: MajusBonus94 ($8.58 in chips) 
Seat 5: R4FuN.II ($13.50 in chips) 
Seat 6: Mahu2021 ($8.65 in chips) 
pougia777: posts small blind $0.05
IEVAL: posts big blind $0.10
*** HOLE CARDS ***
Dealt to Mahu2021 [9h Jh]
MajusBonus94: folds 
R4FuN.II: folds 
Mahu2021: raises $0.14 to $0.24
tmatsuno: raises $0.76 to $1
pougia777: folds 
IEVAL: folds 
Mahu2021: folds 
Uncalled bet ($0.76) returned to tmatsuno
tmatsuno collected $0.63 from pot
tmatsuno: doesn't show hand 
*** SUMMARY ***
Total pot $0.63 | Rake $0 
Seat 1: tmatsuno (button) collected ($0.63)
Seat 2: pougia777 (small blind) folded before Flop
Seat 3: IEVAL (big blind) folded before Flop
Seat 4: MajusBonus94 folded before Flop (didn't bet)
Seat 5: R4FuN.II folded before Flop (didn't bet)
Seat 6: Mahu2021 folded before Flop



PokerStars Zoom Hand #254444998113:  Hold'em No Limit ($0.05/$0.10) - 2025/01/19 11:22:29 CET [2025/01/19 5:22:29 ET]
Table 'Aludra' 6-max Seat #1 is the button
Seat 1: seonghwee ($12.91 in chips) 
Seat 2: DecentPlayer777 ($10.44 in chips) 
Seat 3: Mahu2021 ($8.95 in chips) 
Seat 4: jeonjinny ($6.81 in chips) 
Seat 5: smoky fish 90 ($16.01 in chips) 
Seat 6: DJ JORDAN G. ($19.19 in chips) 
DecentPlayer777: posts small blind $0.05
Mahu2021: posts big blind $0.10
*** HOLE CARDS ***
Dealt to Mahu2021 [6d 6s]
jeonjinny: folds 
smoky fish 90: raises $0.15 to $0.25
DJ JORDAN G.: folds 
seonghwee: folds 
DecentPlayer777: calls $0.20
Mahu2021: calls $0.15
*** FLOP *** [Qc Kh Js]
DecentPlayer777: bets $0.30
Mahu2021: folds 
smoky fish 90: calls $0.30
*** TURN *** [Qc Kh Js] [4h]
DecentPlayer777: bets $0.65
smoky fish 90: calls $0.65
*** RIVER *** [Qc Kh Js 4h] [8c]
DecentPlayer777: bets $2.83
smoky fish 90: calls $2.83
*** SHOW DOWN ***
DecentPlayer777: shows [Ts As] (a straight, Ten to Ace)
smoky fish 90: mucks hand 
DecentPlayer777 collected $7.94 from pot
*** SUMMARY ***
Total pot $8.31 | Rake $0.37 
Board [Qc Kh Js 4h 8c]
Seat 1: seonghwee (button) folded before Flop (didn't bet)
Seat 2: DecentPlayer777 (small blind) showed [Ts As] and won ($7.94) with a straight, Ten to Ace
Seat 3: Mahu2021 (big blind) folded on the Flop
Seat 4: jeonjinny folded before Flop (didn't bet)
Seat 5: smoky fish 90 mucked [Jh Kc]
Seat 6: DJ JORDAN G. folded before Flop (didn't bet)



PokerStars Zoom Hand #254445008085:  Hold'em No Limit ($0.05/$0.10) - 2025/01/19 11:23:50 CET [2025/01/19 5:23:50 ET]
Table 'Aludra' 6-max Seat #1 is the button
Seat 1: Mahu2021 ($8.21 in chips) 
Seat 2: BReDnaya89 ($11.59 in chips) 
Seat 3: Eula ($16.66 in chips) 
Seat 4: SyraXmaX ($15.07 in chips) 
Seat 5: Fargo2015 ($10 in chips) 
Seat 6: bartovskii ($10.51 in chips) 
BReDnaya89: posts small blind $0.05
Eula: posts big blind $0.10
*** HOLE CARDS ***
Dealt to Mahu2021 [3c 2h]
SyraXmaX: folds 
Fargo2015: folds 
bartovskii: folds 
Mahu2021: folds 
BReDnaya89: folds 
Uncalled bet ($0.05) returned to Eula
Eula collected $0.10 from pot
Eula: doesn't show hand 
*** SUMMARY ***
Total pot $0.10 | Rake $0 
Seat 1: Mahu2021 (button) folded before Flop (didn't bet)
Seat 2: BReDnaya89 (small blind) folded before Flop
Seat 3: Eula (big blind) collected ($0.10)
Seat 4: SyraXmaX folded before Flop (didn't bet)
Seat 5: Fargo2015 folded before Flop (didn't bet)
Seat 6: bartovskii folded before Flop (didn't bet)



PokerStars Zoom Hand #254445004563:  Hold'em No Limit ($0.05/$0.10) - 2025/01/19 11:23:22 CET [2025/01/19 5:23:22 ET]
Table 'Aludra' 6-max Seat #1 is the button
Seat 1: Dastik 5 ($11.80 in chips) 
Seat 2: Fargo2015 ($10 in chips) 
Seat 3: 0GL0 ($7.50 in chips) 
Seat 4: dodgydan68 ($5.86 in chips) 
Seat 5: Mahu2021 ($8.41 in chips) 
Seat 6: yanailove ($13.48 in chips) 
Fargo2015: posts small blind $0.05
0GL0: posts big blind $0.10
*** HOLE CARDS ***
Dealt to Mahu2021 [Qh Jh]
dodgydan68: raises $0.10 to $0.20
Mahu2021: calls $0.20
yanailove: folds 
Dastik 5: folds 
Fargo2015: folds 
0GL0: calls $0.10
*** FLOP *** [As Ks Kc]
0GL0: checks 
dodgydan68: checks 
Mahu2021: checks 
*** TURN *** [As Ks Kc] [8c]
0GL0: bets $0.20
dodgydan68: calls $0.20
Mahu2021: folds 
*** RIVER *** [As Ks Kc 8c] [8d]
0GL0: checks 
dodgydan68: checks 
*** SHOW DOWN ***
0GL0: shows [4c 9c] (two pair, Kings and Eights)
dodgydan68: shows [Js Ad] (two pair, Aces and Kings)
dodgydan68 collected $1 from pot
*** SUMMARY ***
Total pot $1.05 | Rake $0.05 
Board [As Ks Kc 8c 8d]
Seat 1: Dastik 5 (button) folded before Flop (didn't bet)
Seat 2: Fargo2015 (small blind) folded before Flop
Seat 3: 0GL0 (big blind) showed [4c 9c] and lost with two pair, Kings and Eights
Seat 4: dodgydan68 showed [Js Ad] and won ($1) with two pair, Aces and Kings
Seat 5: Mahu2021 folded on the Turn
Seat 6: yanailove folded before Flop (didn't bet)



PokerStars Zoom Hand #254445011595:  Hold'em No Limit ($0.05/$0.10) - 2025/01/19 11:24:18 CET [2025/01/19 5:24:18 ET]
Table 'Aludra' 6-max Seat #1 is the button
Seat 1: ruffhund1 ($16.20 in chips) 
Seat 2: Mahu2021 ($8.11 in chips) 
Seat 3: 77irek ($9.66 in chips) 
Seat 4: S.Bastow ($10 in chips) 
Seat 5: yanailove ($11.89 in chips) 
Seat 6: Schnuffler ($13.86 in chips) 
Mahu2021: posts small blind $0.05
77irek: posts big blind $0.10
*** HOLE CARDS ***
Dealt to Mahu2021 [3s 7s]
S.Bastow: folds 
yanailove: raises $0.15 to $0.25
Schnuffler: folds 
ruffhund1: folds 
Mahu2021: folds 
77irek: folds 
Uncalled bet ($0.15) returned to yanailove
yanailove collected $0.25 from pot
yanailove: doesn't show hand 
*** SUMMARY ***
Total pot $0.25 | Rake $0 
Seat 1: ruffhund1 (button) folded before Flop (didn't bet)
Seat 2: Mahu2021 (small blind) folded before Flop
Seat 3: 77irek (big blind) folded before Flop
Seat 4: S.Bastow folded before Flop (didn't bet)
Seat 5: yanailove collected ($0.25)
Seat 6: Schnuffler folded before Flop (didn't bet)



PokerStars Zoom Hand #254445012182:  Hold'em No Limit ($0.05/$0.10) - 2025/01/19 11:24:22 CET [2025/01/19 5:24:22 ET]
Table 'Aludra' 6-max Seat #1 is the button
Seat 1: Fargo2015 ($10.64 in chips) 
Seat 2: kyus83 ($10.10 in chips) 
Seat 3: S.Bastow ($10 in chips) 
Seat 4: looser00091 ($16.03 in chips) 
Seat 5: EdimarPadilha ($15.11 in chips) 
Seat 6: Mahu2021 ($8.06 in chips) 
kyus83: posts small blind $0.05
S.Bastow: posts big blind $0.10
*** HOLE CARDS ***
Dealt to Mahu2021 [7h Qc]
looser00091: folds 
EdimarPadilha: folds 
Mahu2021: folds 
Fargo2015: raises $0.15 to $0.25
kyus83: folds 
S.Bastow: folds 
Uncalled bet ($0.15) returned to Fargo2015
Fargo2015 collected $0.25 from pot
Fargo2015: doesn't show hand 
*** SUMMARY ***
Total pot $0.25 | Rake $0 
Seat 1: Fargo2015 (button) collected ($0.25)
Seat 2: kyus83 (small blind) folded before Flop
Seat 3: S.Bastow (big blind) folded before Flop
Seat 4: looser00091 folded before Flop (didn't bet)
Seat 5: EdimarPadilha folded before Flop (didn't bet)
Seat 6: Mahu2021 folded before Flop (didn't bet)



PokerStars Zoom Hand #254445013324:  Hold'em No Limit ($0.05/$0.10) - 2025/01/19 11:24:31 CET [2025/01/19 5:24:31 ET]
Table 'Aludra' 6-max Seat #1 is the button
Seat 1: Niku644 ($10.76 in chips) 
Seat 2: Mahu2021 ($8.06 in chips) 
Seat 3: yanailove ($12.04 in chips) 
Seat 4: seonghwee ($19.36 in chips) 
Seat 5: IEVAL ($13.50 in chips) 
Seat 6: Fargo2015 ($10 in chips) 
Mahu2021: posts small blind $0.05
yanailove: posts big blind $0.10
*** HOLE CARDS ***
Dealt to Mahu2021 [Qc 7c]
seonghwee: folds 
IEVAL: folds 
Fargo2015: folds 
Niku644: folds 
Mahu2021: raises $0.20 to $0.30
yanailove: folds 
Uncalled bet ($0.20) returned to Mahu2021
Mahu2021 collected $0.20 from pot
Mahu2021: doesn't show hand 
*** SUMMARY ***
Total pot $0.20 | Rake $0 
Seat 1: Niku644 (button) folded before Flop (didn't bet)
Seat 2: Mahu2021 (small blind) collected ($0.20)
Seat 3: yanailove (big blind) folded before Flop
Seat 4: seonghwee folded before Flop (didn't bet)
Seat 5: IEVAL folded before Flop (didn't bet)
Seat 6: Fargo2015 folded before Flop (didn't bet)



PokerStars Zoom Hand #254445012700:  Hold'em No Limit ($0.05/$0.10) - 2025/01/19 11:24:26 CET [2025/01/19 5:24:26 ET]
Table 'Aludra' 6-max Seat #1 is the button
Seat 1: Dastik 5 ($11.80 in chips) 
Seat 2: tmatsuno ($11.83 in chips) 
Seat 3: looser00091 ($16.03 in chips) 
Seat 4: Mahu2021 ($8.06 in chips) 
Seat 5: bartovskii ($12.13 in chips) 
Seat 6: Ironhelt ($10.59 in chips) 
tmatsuno: posts small blind $0.05
looser00091: posts big blind $0.10
*** HOLE CARDS ***
Dealt to Mahu2021 [3h Js]
Mahu2021: folds 
bartovskii: raises $0.10 to $0.20
Ironhelt: folds 
Dastik 5: raises $0.10 to $0.30
tmatsuno: folds 
looser00091: folds 
bartovskii: calls $0.10
*** FLOP *** [6h 6d Ts]
bartovskii: checks 
Dastik 5: checks 
*** TURN *** [6h 6d Ts] [Ks]
bartovskii: checks 
Dastik 5: checks 
*** RIVER *** [6h 6d Ts Ks] [5c]
bartovskii: bets $0.54
Dastik 5: folds 
Uncalled bet ($0.54) returned to bartovskii
bartovskii collected $0.72 from pot
bartovskii: doesn't show hand 
*** SUMMARY ***
Total pot $0.75 | Rake $0.03 
Board [6h 6d Ts Ks 5c]
Seat 1: Dastik 5 (button) folded on the River
Seat 2: tmatsuno (small blind) folded before Flop
Seat 3: looser00091 (big blind) folded before Flop
Seat 4: Mahu2021 folded before Flop (didn't bet)
Seat 5: bartovskii collected ($0.72)
Seat 6: Ironhelt folded before Flop (didn't bet)



PokerStars Zoom Hand #254445015215:  Hold'em No Limit ($0.05/$0.10) - 2025/01/19 11:24:46 CET [2025/01/19 5:24:46 ET]
Table 'Aludra' 6-max Seat #1 is the button
Seat 1: ABrunne ($2.07 in chips) 
Seat 2: ZookeeperBoy ($10.05 in chips) 
Seat 3: seonghwee ($19.36 in chips) 
Seat 4: Mahu2021 ($8.16 in chips) 
Seat 5: pokerfaceIRL ($33.17 in chips) 
Seat 6: TobiasA1982 ($6.45 in chips) 
ZookeeperBoy: posts small blind $0.05
seonghwee: posts big blind $0.10
*** HOLE CARDS ***
Dealt to Mahu2021 [5s 3c]
Mahu2021: folds 
pokerfaceIRL: folds 
TobiasA1982: folds 
ABrunne: folds 
ZookeeperBoy: folds 
Uncalled bet ($0.05) returned to seonghwee
seonghwee collected $0.10 from pot
seonghwee: doesn't show hand 
*** SUMMARY ***
Total pot $0.10 | Rake $0 
Seat 1: ABrunne (button) folded before Flop (didn't bet)
Seat 2: ZookeeperBoy (small blind) folded before Flop
Seat 3: seonghwee (big blind) collected ($0.10)
Seat 4: Mahu2021 folded before Flop (didn't bet)
Seat 5: pokerfaceIRL folded before Flop (didn't bet)
Seat 6: TobiasA1982 folded before Flop (didn't bet)



PokerStars Zoom Hand #254445008719:  Hold'em No Limit ($0.05/$0.10) - 2025/01/19 11:23:55 CET [2025/01/19 5:23:55 ET]
Table 'Aludra' 6-max Seat #1 is the button
Seat 1: SyraXmaX ($23.94 in chips) 
Seat 2: TadeuMonteiro ($15.69 in chips) 
Seat 3: Mahu2021 ($8.21 in chips) 
Seat 4: smoky fish 90 ($10.30 in chips) 
Seat 5: bontobee ($8.05 in chips) 
Seat 6: DecentPlayer777 ($14.50 in chips) 
TadeuMonteiro: posts small blind $0.05
Mahu2021: posts big blind $0.10
*** HOLE CARDS ***
Dealt to Mahu2021 [Jh 7h]
smoky fish 90: raises $0.15 to $0.25
bontobee: folds 
DecentPlayer777: folds 
SyraXmaX: folds 
TadeuMonteiro: calls $0.20
Mahu2021: folds 
*** FLOP *** [Qh 8s 4h]
TadeuMonteiro: checks 
smoky fish 90: bets $0.19
TadeuMonteiro: calls $0.19
*** TURN *** [Qh 8s 4h] [4s]
TadeuMonteiro: checks 
smoky fish 90: bets $1.41
TadeuMonteiro: calls $1.41
*** RIVER *** [Qh 8s 4h 4s] [2d]
TadeuMonteiro: checks 
smoky fish 90: bets $5.45
TadeuMonteiro: calls $5.45
*** SHOW DOWN ***
smoky fish 90: shows [Kh Qs] (two pair, Queens and Fours)
TadeuMonteiro: mucks hand 
smoky fish 90 collected $14.04 from pot
*** SUMMARY ***
Total pot $14.70 | Rake $0.66 
Board [Qh 8s 4h 4s 2d]
Seat 1: SyraXmaX (button) folded before Flop (didn't bet)
Seat 2: TadeuMonteiro (small blind) mucked [9h 8h]
Seat 3: Mahu2021 (big blind) folded before Flop
Seat 4: smoky fish 90 showed [Kh Qs] and won ($14.04) with two pair, Queens and Fours
Seat 5: bontobee folded before Flop (didn't bet)
Seat 6: DecentPlayer777 folded before Flop (didn't bet)



PokerStars Zoom Hand #254445015624:  Hold'em No Limit ($0.05/$0.10) - 2025/01/19 11:24:50 CET [2025/01/19 5:24:50 ET]
Table 'Aludra' 6-max Seat #1 is the button
Seat 1: pougia777 ($10.46 in chips) 
Seat 2: Fargo2015 ($10.84 in chips) 
Seat 3: Mahu2021 ($8.16 in chips) 
Seat 4: pokerfaceIRL ($33.17 in chips) 
Seat 5: TobiasA1982 ($6.45 in chips) 
Seat 6: Dastik 5 ($10 in chips) 
Fargo2015: posts small blind $0.05
Mahu2021: posts big blind $0.10
*** HOLE CARDS ***
Dealt to Mahu2021 [8s Ac]
pokerfaceIRL: folds 
TobiasA1982: folds 
Dastik 5: folds 
pougia777: raises $0.20 to $0.30
Fargo2015: folds 
Mahu2021: calls $0.20
*** FLOP *** [Td Tc Jd]
Mahu2021: checks 
pougia777: bets $0.21
Mahu2021: calls $0.21
*** TURN *** [Td Tc Jd] [Qs]
Mahu2021: checks 
pougia777: bets $0.60
Mahu2021: folds 
Uncalled bet ($0.60) returned to pougia777
pougia777 collected $1.02 from pot
pougia777: doesn't show hand 
*** SUMMARY ***
Total pot $1.07 | Rake $0.05 
Board [Td Tc Jd Qs]
Seat 1: pougia777 (button) collected ($1.02)
Seat 2: Fargo2015 (small blind) folded before Flop
Seat 3: Mahu2021 (big blind) folded on the Turn
Seat 4: pokerfaceIRL folded before Flop (didn't bet)
Seat 5: TobiasA1982 folded before Flop (didn't bet)
Seat 6: Dastik 5 folded before Flop (didn't bet)



PokerStars Zoom Hand #254445019434:  Hold'em No Limit ($0.05/$0.10) - 2025/01/19 11:25:20 CET [2025/01/19 5:25:20 ET]
Table 'Aludra' 6-max Seat #1 is the button
Seat 1: Mahu2021 ($7.65 in chips) 
Seat 2: dodgydan68 ($6.92 in chips) 
Seat 3: ZookeeperBoy ($9.85 in chips) 
Seat 4: Fargo2015 ($10 in chips) 
Seat 5: S.Bastow ($14.84 in chips) 
Seat 6: IEVAL ($14.48 in chips) 
dodgydan68: posts small blind $0.05
ZookeeperBoy: posts big blind $0.10
*** HOLE CARDS ***
Dealt to Mahu2021 [6d 4h]
Fargo2015: folds 
S.Bastow: folds 
IEVAL: folds 
Mahu2021: folds 
dodgydan68: folds 
Uncalled bet ($0.05) returned to ZookeeperBoy
ZookeeperBoy collected $0.10 from pot
ZookeeperBoy: doesn't show hand 
*** SUMMARY ***
Total pot $0.10 | Rake $0 
Seat 1: Mahu2021 (button) folded before Flop (didn't bet)
Seat 2: dodgydan68 (small blind) folded before Flop
Seat 3: ZookeeperBoy (big blind) collected ($0.10)
Seat 4: Fargo2015 folded before Flop (didn't bet)
Seat 5: S.Bastow folded before Flop (didn't bet)
Seat 6: IEVAL folded before Flop (didn't bet)



PokerStars Zoom Hand #254445019900:  Hold'em No Limit ($0.05/$0.10) - 2025/01/19 11:25:24 CET [2025/01/19 5:25:24 ET]
Table 'Aludra' 6-max Seat #1 is the button
Seat 1: S.Bastow ($10.47 in chips) 
Seat 2: MajusBonus94 ($8.28 in chips) 
Seat 3: Ironhelt ($12.40 in chips) 
Seat 4: TobiasA1982 ($6.30 in chips) 
Seat 5: TadeuMonteiro ($8.19 in chips) 
Seat 6: Mahu2021 ($7.65 in chips) 
MajusBonus94: posts small blind $0.05
Ironhelt: posts big blind $0.10
*** HOLE CARDS ***
Dealt to Mahu2021 [3c 2s]
TobiasA1982: folds 
TadeuMonteiro: folds 
Mahu2021: folds 
S.Bastow: folds 
MajusBonus94: folds 
Uncalled bet ($0.05) returned to Ironhelt
Ironhelt collected $0.10 from pot
Ironhelt: doesn't show hand 
*** SUMMARY ***
Total pot $0.10 | Rake $0 
Seat 1: S.Bastow (button) folded before Flop (didn't bet)
Seat 2: MajusBonus94 (small blind) folded before Flop
Seat 3: Ironhelt (big blind) collected ($0.10)
Seat 4: TobiasA1982 folded before Flop (didn't bet)
Seat 5: TadeuMonteiro folded before Flop (didn't bet)
Seat 6: Mahu2021 folded before Flop (didn't bet)



PokerStars Zoom Hand #254445020917:  Hold'em No Limit ($0.05/$0.10) - 2025/01/19 11:25:32 CET [2025/01/19 5:25:32 ET]
Table 'Aludra' 6-max Seat #1 is the button
Seat 1: AlexanderSweden ($3.66 in chips) 
Seat 2: Mahu2021 ($7.65 in chips) 
Seat 3: Eula ($17.07 in chips) 
Seat 4: Jamie_McPartlin ($20.14 in chips) 
Seat 5: like.yasu119 ($13.82 in chips) 
Seat 6: looser00091 ($15.73 in chips) 
Mahu2021: posts small blind $0.05
Eula: posts big blind $0.10
*** HOLE CARDS ***
Dealt to Mahu2021 [6h 9c]
Jamie_McPartlin: folds 
like.yasu119: folds 
looser00091: folds 
AlexanderSweden: folds 
Mahu2021: folds 
Uncalled bet ($0.05) returned to Eula
Eula collected $0.10 from pot
Eula: doesn't show hand 
*** SUMMARY ***
Total pot $0.10 | Rake $0 
Seat 1: AlexanderSweden (button) folded before Flop (didn't bet)
Seat 2: Mahu2021 (small blind) folded before Flop
Seat 3: Eula (big blind) collected ($0.10)
Seat 4: Jamie_McPartlin folded before Flop (didn't bet)
Seat 5: like.yasu119 folded before Flop (didn't bet)
Seat 6: looser00091 folded before Flop (didn't bet)



PokerStars Zoom Hand #254445020302:  Hold'em No Limit ($0.05/$0.10) - 2025/01/19 11:25:27 CET [2025/01/19 5:25:27 ET]
Table 'Aludra' 6-max Seat #1 is the button
Seat 1: EdimarPadilha ($15.67 in chips) 
Seat 2: Jamie_McPartlin ($10.05 in chips) 
Seat 3: Jajje7 ($10 in chips) 
Seat 4: yanailove ($10.43 in chips) 
Seat 5: Mahu2021 ($7.65 in chips) 
Seat 6: Carlos Ne258 ($8.60 in chips) 
Jamie_McPartlin: posts small blind $0.05
Jajje7: posts big blind $0.10
*** HOLE CARDS ***
Dealt to Mahu2021 [9d 4h]
yanailove: folds 
Mahu2021: folds 
Carlos Ne258: folds 
EdimarPadilha: folds 
Jamie_McPartlin: folds 
Uncalled bet ($0.05) returned to Jajje7
Jajje7 collected $0.10 from pot
Jajje7: doesn't show hand 
*** SUMMARY ***
Total pot $0.10 | Rake $0 
Seat 1: EdimarPadilha (button) folded before Flop (didn't bet)
Seat 2: Jamie_McPartlin (small blind) folded before Flop
Seat 3: Jajje7 (big blind) collected ($0.10)
Seat 4: yanailove folded before Flop (didn't bet)
Seat 5: Mahu2021 folded before Flop (didn't bet)
Seat 6: Carlos Ne258 folded before Flop (didn't bet)



PokerStars Zoom Hand #254445021451:  Hold'em No Limit ($0.05/$0.10) - 2025/01/19 11:25:36 CET [2025/01/19 5:25:36 ET]
Table 'Aludra' 6-max Seat #1 is the button
Seat 1: Mahu2021 ($7.60 in chips) 
Seat 2: like.yasu119 ($13.82 in chips) 
Seat 3: Schnuffler ($10 in chips) 
Seat 4: Fargo2015 ($10.80 in chips) 
Seat 5: ruffhund1 ($16.05 in chips) 
Seat 6: godgift1980 ($12.91 in chips) 
like.yasu119: posts small blind $0.05
Schnuffler: posts big blind $0.10
*** HOLE CARDS ***
Dealt to Mahu2021 [Ts 9d]
Fargo2015: folds 
ruffhund1: folds 
godgift1980: folds 
Mahu2021: raises $0.20 to $0.30
like.yasu119: folds 
Schnuffler: folds 
Uncalled bet ($0.20) returned to Mahu2021
Mahu2021 collected $0.25 from pot
Mahu2021: doesn't show hand 
*** SUMMARY ***
Total pot $0.25 | Rake $0 
Seat 1: Mahu2021 (button) collected ($0.25)
Seat 2: like.yasu119 (small blind) folded before Flop
Seat 3: Schnuffler (big blind) folded before Flop
Seat 4: Fargo2015 folded before Flop (didn't bet)
Seat 5: ruffhund1 folded before Flop (didn't bet)
Seat 6: godgift1980 folded before Flop (didn't bet)



PokerStars Zoom Hand #254445024333:  Hold'em No Limit ($0.05/$0.10) - 2025/01/19 11:25:59 CET [2025/01/19 5:25:59 ET]
Table 'Aludra' 6-max Seat #1 is the button
Seat 1: Jajje7 ($10 in chips) 
Seat 2: luisotaviora ($9.90 in chips) 
Seat 3: Mahu2021 ($7.75 in chips) 
Seat 4: vladvlad23 ($9.63 in chips) 
Seat 5: Dastik 5 ($22.84 in chips) 
Seat 6: Dutta666 ($9.85 in chips) 
luisotaviora: posts small blind $0.05
Mahu2021: posts big blind $0.10
*** HOLE CARDS ***
Dealt to Mahu2021 [Ah 5h]
vladvlad23: folds 
Dastik 5: folds 
Dutta666: calls $0.10
Jajje7: folds 
luisotaviora: folds 
Mahu2021: checks 
*** FLOP *** [6c Td 8d]
Mahu2021: checks 
Dutta666: checks 
*** TURN *** [6c Td 8d] [4d]
Mahu2021: checks 
Dutta666: checks 
*** RIVER *** [6c Td 8d 4d] [As]
Mahu2021: checks 
Dutta666: checks 
*** SHOW DOWN ***
Mahu2021: shows [Ah 5h] (a pair of Aces)
Dutta666: mucks hand 
Mahu2021 collected $0.24 from pot
*** SUMMARY ***
Total pot $0.25 | Rake $0.01 
Board [6c Td 8d 4d As]
Seat 1: Jajje7 (button) folded before Flop (didn't bet)
Seat 2: luisotaviora (small blind) folded before Flop
Seat 3: Mahu2021 (big blind) showed [Ah 5h] and won ($0.24) with a pair of Aces
Seat 4: vladvlad23 folded before Flop (didn't bet)
Seat 5: Dastik 5 folded before Flop (didn't bet)
Seat 6: Dutta666 mucked [Ks Qd]



PokerStars Zoom Hand #254445026476:  Hold'em No Limit ($0.05/$0.10) - 2025/01/19 11:26:16 CET [2025/01/19 5:26:16 ET]
Table 'Aludra' 6-max Seat #1 is the button
Seat 1: S.Bastow ($13.89 in chips) 
Seat 2: R4FuN.II ($13.26 in chips) 
Seat 3: DecentPlayer777 ($16.01 in chips) 
Seat 4: Dastik 5 ($22.74 in chips) 
Seat 5: Mahu2021 ($7.89 in chips) 
Seat 6: Fargo2015 ($10 in chips) 
R4FuN.II: posts small blind $0.05
DecentPlayer777: posts big blind $0.10
*** HOLE CARDS ***
Dealt to Mahu2021 [Jc 5d]
Dastik 5: folds 
Mahu2021: folds 
Fargo2015: folds 
S.Bastow: folds 
R4FuN.II: folds 
Uncalled bet ($0.05) returned to DecentPlayer777
DecentPlayer777 collected $0.10 from pot
DecentPlayer777: doesn't show hand 
*** SUMMARY ***
Total pot $0.10 | Rake $0 
Seat 1: S.Bastow (button) folded before Flop (didn't bet)
Seat 2: R4FuN.II (small blind) folded before Flop
Seat 3: DecentPlayer777 (big blind) collected ($0.10)
Seat 4: Dastik 5 folded before Flop (didn't bet)
Seat 5: Mahu2021 folded before Flop (didn't bet)
Seat 6: Fargo2015 folded before Flop (didn't bet)



PokerStars Zoom Hand #254445027459:  Hold'em No Limit ($0.05/$0.10) - 2025/01/19 11:26:23 CET [2025/01/19 5:26:23 ET]
Table 'Aludra' 6-max Seat #1 is the button
Seat 1: ZookeeperBoy ($10.51 in chips) 
Seat 2: bartovskii ($12.32 in chips) 
Seat 3: Jajje7 ($10 in chips) 
Seat 4: Mahu2021 ($7.89 in chips) 
Seat 5: pougia777 ($11.30 in chips) 
Seat 6: looser00091 ($12.33 in chips) 
bartovskii: posts small blind $0.05
Jajje7: posts big blind $0.10
*** HOLE CARDS ***
Dealt to Mahu2021 [Qc 5c]
Mahu2021: folds 
pougia777: folds 
looser00091: folds 
ZookeeperBoy: folds 
bartovskii: folds 
Uncalled bet ($0.05) returned to Jajje7
Jajje7 collected $0.10 from pot
Jajje7: doesn't show hand 
*** SUMMARY ***
Total pot $0.10 | Rake $0 
Seat 1: ZookeeperBoy (button) folded before Flop (didn't bet)
Seat 2: bartovskii (small blind) folded before Flop
Seat 3: Jajje7 (big blind) collected ($0.10)
Seat 4: Mahu2021 folded before Flop (didn't bet)
Seat 5: pougia777 folded before Flop (didn't bet)
Seat 6: looser00091 folded before Flop (didn't bet)



PokerStars Zoom Hand #254445027112:  Hold'em No Limit ($0.05/$0.10) - 2025/01/19 11:26:20 CET [2025/01/19 5:26:20 ET]
Table 'Aludra' 6-max Seat #1 is the button
Seat 1: TobiasA1982 ($6.60 in chips) 
Seat 2: Schnuffler ($10 in chips) 
Seat 3: luisotaviora ($9.80 in chips) 
Seat 4: bombayXIII ($6.06 in chips) 
Seat 5: Mahu2021 ($7.89 in chips) 
Seat 6: ruffhund1 ($16.05 in chips) 
Schnuffler: posts small blind $0.05
luisotaviora: posts big blind $0.10
*** HOLE CARDS ***
Dealt to Mahu2021 [4d 8d]
bombayXIII: raises $0.20 to $0.30
Mahu2021: folds 
ruffhund1: folds 
TobiasA1982: folds 
Schnuffler: folds 
luisotaviora: folds 
Uncalled bet ($0.20) returned to bombayXIII
bombayXIII collected $0.25 from pot
bombayXIII: doesn't show hand 
*** SUMMARY ***
Total pot $0.25 | Rake $0 
Seat 1: TobiasA1982 (button) folded before Flop (didn't bet)
Seat 2: Schnuffler (small blind) folded before Flop
Seat 3: luisotaviora (big blind) folded before Flop
Seat 4: bombayXIII collected ($0.25)
Seat 5: Mahu2021 folded before Flop (didn't bet)
Seat 6: ruffhund1 folded before Flop (didn't bet)



PokerStars Zoom Hand #254445028009:  Hold'em No Limit ($0.05/$0.10) - 2025/01/19 11:26:27 CET [2025/01/19 5:26:27 ET]
Table 'Aludra' 6-max Seat #1 is the button
Seat 1: R4FuN.II ($13.21 in chips) 
Seat 2: 77irek ($9.23 in chips) 
Seat 3: bartovskii ($12.27 in chips) 
Seat 4: vladvlad23 ($9.63 in chips) 
Seat 5: Jamie_McPartlin ($9.85 in chips) 
Seat 6: Mahu2021 ($7.89 in chips) 
77irek: posts small blind $0.05
bartovskii: posts big blind $0.10
*** HOLE CARDS ***
Dealt to Mahu2021 [6h Kh]
vladvlad23: raises $0.20 to $0.30
Jamie_McPartlin: folds 
Mahu2021: calls $0.30
R4FuN.II: folds 
77irek: folds 
bartovskii: calls $0.20
*** FLOP *** [Ts 6s 3s]
bartovskii: checks 
vladvlad23: checks 
Mahu2021: bets $0.30
bartovskii: calls $0.30
vladvlad23: calls $0.30
*** TURN *** [Ts 6s 3s] [9d]
bartovskii: checks 
vladvlad23: checks 
Mahu2021: checks 
*** RIVER *** [Ts 6s 3s 9d] [Qc]
bartovskii: checks 
vladvlad23: bets $1.77
Mahu2021: folds 
bartovskii: raises $9.90 to $11.67 and is all-in
vladvlad23: calls $7.26 and is all-in
Uncalled bet ($2.64) returned to bartovskii
*** SHOW DOWN ***
bartovskii: shows [4s 5s] (a flush, Ten high)
vladvlad23: shows [Qh Qs] (three of a kind, Queens)
bartovskii collected $19.01 from pot
*** SUMMARY ***
Total pot $19.91 | Rake $0.90 
Board [Ts 6s 3s 9d Qc]
Seat 1: R4FuN.II (button) folded before Flop (didn't bet)
Seat 2: 77irek (small blind) folded before Flop
Seat 3: bartovskii (big blind) showed [4s 5s] and won ($19.01) with a flush, Ten high
Seat 4: vladvlad23 showed [Qh Qs] and lost with three of a kind, Queens
Seat 5: Jamie_McPartlin folded before Flop (didn't bet)
Seat 6: Mahu2021 folded on the River



PokerStars Zoom Hand #254445032769:  Hold'em No Limit ($0.05/$0.10) - 2025/01/19 11:27:05 CET [2025/01/19 5:27:05 ET]
Table 'Aludra' 6-max Seat #1 is the button
Seat 1: R4FuN.II ($11.45 in chips) 
Seat 2: pougia777 ($11.20 in chips) 
Seat 3: Mahu2021 ($7.29 in chips) 
Seat 4: DJ JORDAN G. ($28.07 in chips) 
Seat 5: Eula ($16.07 in chips) 
Seat 6: yakkai ($14.30 in chips) 
pougia777: posts small blind $0.05
Mahu2021: posts big blind $0.10
*** HOLE CARDS ***
Dealt to Mahu2021 [Th 5s]
DJ JORDAN G.: folds 
Eula: folds 
yakkai: raises $0.15 to $0.25
R4FuN.II: folds 
pougia777: folds 
Mahu2021: folds 
Uncalled bet ($0.15) returned to yakkai
yakkai collected $0.25 from pot
yakkai: doesn't show hand 
*** SUMMARY ***
Total pot $0.25 | Rake $0 
Seat 1: R4FuN.II (button) folded before Flop (didn't bet)
Seat 2: pougia777 (small blind) folded before Flop
Seat 3: Mahu2021 (big blind) folded before Flop
Seat 4: DJ JORDAN G. folded before Flop (didn't bet)
Seat 5: Eula folded before Flop (didn't bet)
Seat 6: yakkai collected ($0.25)



PokerStars Zoom Hand #254445033824:  Hold'em No Limit ($0.05/$0.10) - 2025/01/19 11:27:13 CET [2025/01/19 5:27:13 ET]
Table 'Aludra' 6-max Seat #1 is the button
Seat 1: Ironhelt ($10.25 in chips) 
Seat 2: Mahu2021 ($7.19 in chips) 
Seat 3: papargy ($10.15 in chips) 
Seat 4: Jajje7 ($10.15 in chips) 
Seat 5: kyus83 ($11.31 in chips) 
Seat 6: bartovskii ($21.65 in chips) 
Mahu2021: posts small blind $0.05
papargy: posts big blind $0.10
*** HOLE CARDS ***
Dealt to Mahu2021 [8s Ts]
Jajje7: folds 
kyus83: folds 
bartovskii: folds 
Ironhelt: raises $0.15 to $0.25
Mahu2021: calls $0.20
papargy: folds 
*** FLOP *** [5s 2d Ks]
Mahu2021: checks 
Ironhelt: bets $0.40
Mahu2021: calls $0.40
*** TURN *** [5s 2d Ks] [Jd]
Mahu2021: checks 
Ironhelt: checks 
*** RIVER *** [5s 2d Ks Jd] [Ad]
Mahu2021: bets $1.34
Ironhelt: folds 
Uncalled bet ($1.34) returned to Mahu2021
Mahu2021 collected $1.34 from pot
Mahu2021: doesn't show hand 
*** SUMMARY ***
Total pot $1.40 | Rake $0.06 
Board [5s 2d Ks Jd Ad]
Seat 1: Ironhelt (button) folded on the River
Seat 2: Mahu2021 (small blind) collected ($1.34)
Seat 3: papargy (big blind) folded before Flop
Seat 4: Jajje7 folded before Flop (didn't bet)
Seat 5: kyus83 folded before Flop (didn't bet)
Seat 6: bartovskii folded before Flop (didn't bet)



PokerStars Zoom Hand #254445038704:  Hold'em No Limit ($0.05/$0.10) - 2025/01/19 11:27:51 CET [2025/01/19 5:27:51 ET]
Table 'Aludra' 6-max Seat #1 is the button
Seat 1: Mahu2021 ($7.88 in chips) 
Seat 2: Dastik 5 ($13.08 in chips) 
Seat 3: luisotaviora ($9.92 in chips) 
Seat 4: MajusBonus94 ($16.57 in chips) 
Seat 5: dodgydan68 ($7.06 in chips) 
Seat 6: Jamie_McPartlin ($9.89 in chips) 
Dastik 5: posts small blind $0.05
luisotaviora: posts big blind $0.10
*** HOLE CARDS ***
Dealt to Mahu2021 [Ah Jc]
MajusBonus94: folds 
dodgydan68: folds 
Jamie_McPartlin: folds 
Mahu2021: raises $0.20 to $0.30
Dastik 5: folds 
luisotaviora: calls $0.20
*** FLOP *** [Td 9c 3c]
luisotaviora: checks 
Mahu2021: checks 
*** TURN *** [Td 9c 3c] [As]
luisotaviora: checks 
Mahu2021: bets $0.62
luisotaviora: folds 
Uncalled bet ($0.62) returned to Mahu2021
Mahu2021 collected $0.62 from pot
Mahu2021: doesn't show hand 
*** SUMMARY ***
Total pot $0.65 | Rake $0.03 
Board [Td 9c 3c As]
Seat 1: Mahu2021 (button) collected ($0.62)
Seat 2: Dastik 5 (small blind) folded before Flop
Seat 3: luisotaviora (big blind) folded on the Turn
Seat 4: MajusBonus94 folded before Flop (didn't bet)
Seat 5: dodgydan68 folded before Flop (didn't bet)
Seat 6: Jamie_McPartlin folded before Flop (didn't bet)



PokerStars Zoom Hand #254445041649:  Hold'em No Limit ($0.05/$0.10) - 2025/01/19 11:28:14 CET [2025/01/19 5:28:14 ET]
Table 'Aludra' 6-max Seat #1 is the button
Seat 1: seonghwee ($10 in chips) 
Seat 2: papargy ($10 in chips) 
Seat 3: Dastik 5 ($12.93 in chips) 
Seat 4: Mahu2021 ($8.20 in chips) 
Seat 5: bartovskii ($11.70 in chips) 
Seat 6: yanailove ($10 in chips) 
papargy: posts small blind $0.05
Dastik 5: posts big blind $0.10
*** HOLE CARDS ***
Dealt to Mahu2021 [Ac 6c]
Mahu2021: raises $0.14 to $0.24
bartovskii: folds 
yanailove: folds 
seonghwee: folds 
papargy: folds 
Dastik 5: folds 
Uncalled bet ($0.14) returned to Mahu2021
Mahu2021 collected $0.25 from pot
Mahu2021: doesn't show hand 
*** SUMMARY ***
Total pot $0.25 | Rake $0 
Seat 1: seonghwee (button) folded before Flop (didn't bet)
Seat 2: papargy (small blind) folded before Flop
Seat 3: Dastik 5 (big blind) folded before Flop
Seat 4: Mahu2021 collected ($0.25)
Seat 5: bartovskii folded before Flop (didn't bet)
Seat 6: yanailove folded before Flop (didn't bet)



PokerStars Zoom Hand #254445043494:  Hold'em No Limit ($0.05/$0.10) - 2025/01/19 11:28:28 CET [2025/01/19 5:28:28 ET]
Table 'Aludra' 6-max Seat #1 is the button
Seat 1: pokerfaceIRL ($25.26 in chips) 
Seat 2: bartovskii ($15.73 in chips) 
Seat 3: yanailove ($10 in chips) 
Seat 4: DecentPlayer777 ($10.10 in chips) 
Seat 5: bontobee ($7.43 in chips) 
Seat 6: Mahu2021 ($8.35 in chips) 
bartovskii: posts small blind $0.05
yanailove: posts big blind $0.10
*** HOLE CARDS ***
Dealt to Mahu2021 [7c 2h]
DecentPlayer777: folds 
bontobee: folds 
Mahu2021: folds 
pokerfaceIRL: raises $0.25 to $0.35
bartovskii: folds 
yanailove: folds 
Uncalled bet ($0.25) returned to pokerfaceIRL
pokerfaceIRL collected $0.25 from pot
pokerfaceIRL: doesn't show hand 
*** SUMMARY ***
Total pot $0.25 | Rake $0 
Seat 1: pokerfaceIRL (button) collected ($0.25)
Seat 2: bartovskii (small blind) folded before Flop
Seat 3: yanailove (big blind) folded before Flop
Seat 4: DecentPlayer777 folded before Flop (didn't bet)
Seat 5: bontobee folded before Flop (didn't bet)
Seat 6: Mahu2021 folded before Flop (didn't bet)



PokerStars Zoom Hand #254445044081:  Hold'em No Limit ($0.05/$0.10) - 2025/01/19 11:28:33 CET [2025/01/19 5:28:33 ET]
Table 'Aludra' 6-max Seat #1 is the button
Seat 1: bontobee ($7.43 in chips) 
Seat 2: seonghwee ($15.21 in chips) 
Seat 3: Ouspenski ($16.33 in chips) 
Seat 4: Mahu2021 ($8.35 in chips) 
Seat 5: yanailove ($12.25 in chips) 
Seat 6: Ironhelt ($12.12 in chips) 
seonghwee: posts small blind $0.05
Ouspenski: posts big blind $0.10
*** HOLE CARDS ***
Dealt to Mahu2021 [Qh Ks]
Mahu2021: raises $0.14 to $0.24
yanailove: folds 
Ironhelt: folds 
bontobee: folds 
seonghwee: folds 
Ouspenski: folds 
Uncalled bet ($0.14) returned to Mahu2021
Mahu2021 collected $0.25 from pot
Mahu2021: doesn't show hand 
*** SUMMARY ***
Total pot $0.25 | Rake $0 
Seat 1: bontobee (button) folded before Flop (didn't bet)
Seat 2: seonghwee (small blind) folded before Flop
Seat 3: Ouspenski (big blind) folded before Flop
Seat 4: Mahu2021 collected ($0.25)
Seat 5: yanailove folded before Flop (didn't bet)
Seat 6: Ironhelt folded before Flop (didn't bet)



PokerStars Zoom Hand #254445045869:  Hold'em No Limit ($0.05/$0.10) - 2025/01/19 11:28:47 CET [2025/01/19 5:28:47 ET]
Table 'Aludra' 6-max Seat #1 is the button
Seat 1: Jamie_McPartlin ($10.26 in chips) 
Seat 2: IEVAL ($13.70 in chips) 
Seat 3: Mahu2021 ($8.50 in chips) 
Seat 4: MMKing19880903 ($6.31 in chips) 
Seat 5: BReDnaya89 ($9.83 in chips) 
Seat 6: bontobee ($7.38 in chips) 
IEVAL: posts small blind $0.05
Mahu2021: posts big blind $0.10
*** HOLE CARDS ***
Dealt to Mahu2021 [6h Kh]
MMKing19880903: folds 
BReDnaya89: folds 
bontobee: folds 
Jamie_McPartlin: raises $0.15 to $0.25
IEVAL: folds 
Mahu2021: calls $0.15
*** FLOP *** [3h 6s Th]
Mahu2021: checks 
Jamie_McPartlin: checks 
*** TURN *** [3h 6s Th] [9c]
Mahu2021: checks 
Jamie_McPartlin: bets $0.53
Mahu2021: calls $0.53
*** RIVER *** [3h 6s Th 9c] [Td]
Mahu2021: checks 
Jamie_McPartlin: checks 
*** SHOW DOWN ***
Mahu2021: shows [6h Kh] (two pair, Tens and Sixes)
Jamie_McPartlin: mucks hand 
Mahu2021 collected $1.54 from pot
*** SUMMARY ***
Total pot $1.61 | Rake $0.07 
Board [3h 6s Th 9c Td]
Seat 1: Jamie_McPartlin (button) mucked [3d Kd]
Seat 2: IEVAL (small blind) folded before Flop
Seat 3: Mahu2021 (big blind) showed [6h Kh] and won ($1.54) with two pair, Tens and Sixes
Seat 4: MMKing19880903 folded before Flop (didn't bet)
Seat 5: BReDnaya89 folded before Flop (didn't bet)
Seat 6: bontobee folded before Flop (didn't bet)



PokerStars Zoom Hand #254445049827:  Hold'em No Limit ($0.05/$0.10) - 2025/01/19 11:29:18 CET [2025/01/19 5:29:18 ET]
Table 'Aludra' 6-max Seat #1 is the button
Seat 1: Dastik 5 ($23.33 in chips) 
Seat 2: Mahu2021 ($9.26 in chips) 
Seat 3: AlexanderSweden ($2.37 in chips) 
Seat 4: 0GL0 ($7.65 in chips) 
Seat 5: Schnuffler ($13.27 in chips) 
Seat 6: MajusBonus94 ($16.53 in chips) 
Mahu2021: posts small blind $0.05
AlexanderSweden: posts big blind $0.10
*** HOLE CARDS ***
Dealt to Mahu2021 [2d 2s]
0GL0: folds 
Schnuffler: folds 
MajusBonus94: folds 
Dastik 5: folds 
Mahu2021: folds 
Uncalled bet ($0.05) returned to AlexanderSweden
AlexanderSweden collected $0.10 from pot
AlexanderSweden: doesn't show hand 
*** SUMMARY ***
Total pot $0.10 | Rake $0 
Seat 1: Dastik 5 (button) folded before Flop (didn't bet)
Seat 2: Mahu2021 (small blind) folded before Flop
Seat 3: AlexanderSweden (big blind) collected ($0.10)
Seat 4: 0GL0 folded before Flop (didn't bet)
Seat 5: Schnuffler folded before Flop (didn't bet)
Seat 6: MajusBonus94 folded before Flop (didn't bet)



PokerStars Zoom Hand #254445052260:  Hold'em No Limit ($0.05/$0.10) - 2025/01/19 11:29:38 CET [2025/01/19 5:29:38 ET]
Table 'Aludra' 6-max Seat #1 is the button
Seat 1: Fargo2015 ($10 in chips) 
Seat 2: HaRdd___TRy ($12.23 in chips) 
Seat 3: gogogo711 ($10.15 in chips) 
Seat 4: looser00091 ($18.31 in chips) 
Seat 5: DirtyShot ($5.48 in chips) 
Seat 6: Mahu2021 ($9.21 in chips) 
HaRdd___TRy: posts small blind $0.05
gogogo711: posts big blind $0.10
*** HOLE CARDS ***
Dealt to Mahu2021 [Td Kh]
looser00091: folds 
DirtyShot: folds 
Mahu2021: raises $0.20 to $0.30
Fargo2015: folds 
HaRdd___TRy: folds 
gogogo711: folds 
Uncalled bet ($0.20) returned to Mahu2021
Mahu2021 collected $0.25 from pot
Mahu2021: doesn't show hand 
*** SUMMARY ***
Total pot $0.25 | Rake $0 
Seat 1: Fargo2015 (button) folded before Flop (didn't bet)
Seat 2: HaRdd___TRy (small blind) folded before Flop
Seat 3: gogogo711 (big blind) folded before Flop
Seat 4: looser00091 folded before Flop (didn't bet)
Seat 5: DirtyShot folded before Flop (didn't bet)
Seat 6: Mahu2021 collected ($0.25)



PokerStars Zoom Hand #254445053599:  Hold'em No Limit ($0.05/$0.10) - 2025/01/19 11:29:49 CET [2025/01/19 5:29:49 ET]
Table 'Aludra' 6-max Seat #1 is the button
Seat 1: Mahu2021 ($9.36 in chips) 
Seat 2: Schnuffler ($13.42 in chips) 
Seat 3: pokerfaceIRL ($26.19 in chips) 
Seat 4: Niku644 ($11.15 in chips) 
Seat 5: MajusBonus94 ($16.38 in chips) 
Seat 6: Jamie_McPartlin ($9.59 in chips) 
Schnuffler: posts small blind $0.05
pokerfaceIRL: posts big blind $0.10
*** HOLE CARDS ***
Dealt to Mahu2021 [9h 5d]
Niku644: folds 
MajusBonus94: folds 
Jamie_McPartlin: folds 
Mahu2021: folds 
Schnuffler: folds 
Uncalled bet ($0.05) returned to pokerfaceIRL
pokerfaceIRL collected $0.10 from pot
pokerfaceIRL: doesn't show hand 
*** SUMMARY ***
Total pot $0.10 | Rake $0 
Seat 1: Mahu2021 (button) folded before Flop (didn't bet)
Seat 2: Schnuffler (small blind) folded before Flop
Seat 3: pokerfaceIRL (big blind) collected ($0.10)
Seat 4: Niku644 folded before Flop (didn't bet)
Seat 5: MajusBonus94 folded before Flop (didn't bet)
Seat 6: Jamie_McPartlin folded before Flop (didn't bet)



PokerStars Zoom Hand #254445054381:  Hold'em No Limit ($0.05/$0.10) - 2025/01/19 11:29:54 CET [2025/01/19 5:29:54 ET]
Table 'Aludra' 6-max Seat #1 is the button
Seat 1: Fargo2015 ($10 in chips) 
Seat 2: merlinSmile ($26.23 in chips) 
Seat 3: HaRdd___TRy ($11.37 in chips) 
Seat 4: BReDnaya89 ($9.53 in chips) 
Seat 5: Mahu2021 ($9.36 in chips) 
Seat 6: bartovskii ($12.11 in chips) 
merlinSmile: posts small blind $0.05
HaRdd___TRy: posts big blind $0.10
*** HOLE CARDS ***
Dealt to Mahu2021 [Ad Kc]
BReDnaya89: folds 
Mahu2021: raises $0.20 to $0.30
bartovskii: folds 
Fargo2015: folds 
merlinSmile: folds 
HaRdd___TRy: calls $0.20
*** FLOP *** [6s Qd 6c]
HaRdd___TRy: checks 
Mahu2021: checks 
*** TURN *** [6s Qd 6c] [Kh]
HaRdd___TRy: checks 
Mahu2021: bets $0.62
HaRdd___TRy: folds 
Uncalled bet ($0.62) returned to Mahu2021
Mahu2021 collected $0.62 from pot
Mahu2021: doesn't show hand 
*** SUMMARY ***
Total pot $0.65 | Rake $0.03 
Board [6s Qd 6c Kh]
Seat 1: Fargo2015 (button) folded before Flop (didn't bet)
Seat 2: merlinSmile (small blind) folded before Flop
Seat 3: HaRdd___TRy (big blind) folded on the Turn
Seat 4: BReDnaya89 folded before Flop (didn't bet)
Seat 5: Mahu2021 collected ($0.62)
Seat 6: bartovskii folded before Flop (didn't bet)



PokerStars Zoom Hand #254445058656:  Hold'em No Limit ($0.05/$0.10) - 2025/01/19 11:30:28 CET [2025/01/19 5:30:28 ET]
Table 'Aludra' 6-max Seat #1 is the button
Seat 1: bartovskii ($12.21 in chips) 
Seat 2: bombayXIII ($7.21 in chips) 
Seat 3: Schnuffler ($11.63 in chips) 
Seat 4: lost chans ($22.46 in chips) 
Seat 5: Fargo2015 ($10 in chips) 
Seat 6: Mahu2021 ($9.68 in chips) 
bombayXIII: posts small blind $0.05
Schnuffler: posts big blind $0.10
*** HOLE CARDS ***
Dealt to Mahu2021 [As 2d]
lost chans: folds 
Fargo2015: folds 
Mahu2021: folds 
bartovskii: folds 
bombayXIII: folds 
Uncalled bet ($0.05) returned to Schnuffler
Schnuffler collected $0.10 from pot
Schnuffler: doesn't show hand 
*** SUMMARY ***
Total pot $0.10 | Rake $0 
Seat 1: bartovskii (button) folded before Flop (didn't bet)
Seat 2: bombayXIII (small blind) folded before Flop
Seat 3: Schnuffler (big blind) collected ($0.10)
Seat 4: lost chans folded before Flop (didn't bet)
Seat 5: Fargo2015 folded before Flop (didn't bet)
Seat 6: Mahu2021 folded before Flop (didn't bet)



PokerStars Zoom Hand #254445059405:  Hold'em No Limit ($0.05/$0.10) - 2025/01/19 11:30:33 CET [2025/01/19 5:30:33 ET]
Table 'Aludra' 6-max Seat #1 is the button
Seat 1: godgift1980 ($13.13 in chips) 
Seat 2: EdimarPadilha ($18.67 in chips) 
Seat 3: Mahu2021 ($9.68 in chips) 
Seat 4: IEVAL ($15.31 in chips) 
Seat 5: 77irek ($10.27 in chips) 
Seat 6: Fargo2015 ($10.05 in chips) 
EdimarPadilha: posts small blind $0.05
Mahu2021: posts big blind $0.10
*** HOLE CARDS ***
Dealt to Mahu2021 [8h 7h]
IEVAL: folds 
77irek: raises $0.10 to $0.20
Fargo2015: folds 
godgift1980: folds 
EdimarPadilha: folds 
Mahu2021: calls $0.10
*** FLOP *** [4d 5s 3d]
Mahu2021: checks 
77irek: checks 
*** TURN *** [4d 5s 3d] [6s]
Mahu2021: checks 
77irek: checks 
*** RIVER *** [4d 5s 3d 6s] [4s]
Mahu2021: bets $0.43
77irek: folds 
Uncalled bet ($0.43) returned to Mahu2021
Mahu2021 collected $0.43 from pot
Mahu2021: doesn't show hand 
*** SUMMARY ***
Total pot $0.45 | Rake $0.02 
Board [4d 5s 3d 6s 4s]
Seat 1: godgift1980 (button) folded before Flop (didn't bet)
Seat 2: EdimarPadilha (small blind) folded before Flop
Seat 3: Mahu2021 (big blind) collected ($0.43)
Seat 4: IEVAL folded before Flop (didn't bet)
Seat 5: 77irek folded on the River
Seat 6: Fargo2015 folded before Flop (didn't bet)



PokerStars Zoom Hand #254445062846:  Hold'em No Limit ($0.05/$0.10) - 2025/01/19 11:31:00 CET [2025/01/19 5:31:00 ET]
Table 'Aludra' 6-max Seat #1 is the button
Seat 1: ruffhund1 ($10 in chips) 
Seat 2: Mahu2021 ($9.91 in chips) 
Seat 3: Fargo2015 ($10.10 in chips) 
Seat 4: 77irek ($10.07 in chips) 
Seat 5: bartovskii ($12.06 in chips) 
Seat 6: seonghwee ($11.17 in chips) 
Mahu2021: posts small blind $0.05
Fargo2015: posts big blind $0.10
*** HOLE CARDS ***
Dealt to Mahu2021 [Qh Kd]
77irek: folds 
bartovskii: folds 
seonghwee: folds 
ruffhund1: folds 
Mahu2021: raises $0.20 to $0.30
Fargo2015: calls $0.20
*** FLOP *** [Js 6h Ah]
Mahu2021: checks 
Fargo2015: checks 
*** TURN *** [Js 6h Ah] [Kc]
Mahu2021: checks 
Fargo2015: bets $0.20
Mahu2021: calls $0.20
*** RIVER *** [Js 6h Ah Kc] [Ts]
Mahu2021: bets $9.41 and is all-in
Fargo2015: folds 
Uncalled bet ($9.41) returned to Mahu2021
Mahu2021 collected $0.96 from pot
Mahu2021: doesn't show hand 
*** SUMMARY ***
Total pot $1 | Rake $0.04 
Board [Js 6h Ah Kc Ts]
Seat 1: ruffhund1 (button) folded before Flop (didn't bet)
Seat 2: Mahu2021 (small blind) collected ($0.96)
Seat 3: Fargo2015 (big blind) folded on the River
Seat 4: 77irek folded before Flop (didn't bet)
Seat 5: bartovskii folded before Flop (didn't bet)
Seat 6: seonghwee folded before Flop (didn't bet)



PokerStars Zoom Hand #254445058080:  Hold'em No Limit ($0.05/$0.10) - 2025/01/19 11:30:23 CET [2025/01/19 5:30:23 ET]
Table 'Aludra' 6-max Seat #1 is the button
Seat 1: yakkai ($10 in chips) 
Seat 2: R4FuN.II ($12.02 in chips) 
Seat 3: BReDnaya89 ($9.63 in chips) 
Seat 4: Mahu2021 ($9.68 in chips) 
Seat 5: Ironhelt ($10.28 in chips) 
Seat 6: bartovskii ($22.55 in chips) 
R4FuN.II: posts small blind $0.05
BReDnaya89: posts big blind $0.10
*** HOLE CARDS ***
Dealt to Mahu2021 [3s 4s]
Mahu2021: folds 
Ironhelt: raises $0.15 to $0.25
bartovskii: folds 
yakkai: raises $0.50 to $0.75
R4FuN.II: folds 
BReDnaya89: folds 
Ironhelt: raises $1.35 to $2.10
yakkai: calls $1.35
*** FLOP *** [Jd Kc 9s]
Ironhelt: checks 
yakkai: checks 
*** TURN *** [Jd Kc 9s] [9c]
Ironhelt: checks 
yakkai: bets $1.37
Ironhelt: calls $1.37
*** RIVER *** [Jd Kc 9s 9c] [4c]
Ironhelt: checks 
yakkai: checks 
*** SHOW DOWN ***
Ironhelt: shows [Ks Ts] (two pair, Kings and Nines)
yakkai: mucks hand 
Ironhelt collected $6.69 from pot
*** SUMMARY ***
Total pot $7.09 | Rake $0.40 
Board [Jd Kc 9s 9c 4c]
Seat 1: yakkai (button) mucked [Qs Qh]
Seat 2: R4FuN.II (small blind) folded before Flop
Seat 3: BReDnaya89 (big blind) folded before Flop
Seat 4: Mahu2021 folded before Flop (didn't bet)
Seat 5: Ironhelt showed [Ks Ts] and won ($6.69) with two pair, Kings and Nines
Seat 6: bartovskii folded before Flop (didn't bet)



PokerStars Zoom Hand #254445066343:  Hold'em No Limit ($0.05/$0.10) - 2025/01/19 11:31:27 CET [2025/01/19 5:31:27 ET]
Table 'Aludra' 6-max Seat #1 is the button
Seat 1: Mahu2021 ($10.37 in chips) 
Seat 2: bombayXIII ($7.54 in chips) 
Seat 3: HaRdd___TRy ($11.02 in chips) 
Seat 4: gogogo711 ($20.43 in chips) 
Seat 5: PiNe4ppLe ($10.45 in chips) 
Seat 6: Ironhelt ($13.50 in chips) 
bombayXIII: posts small blind $0.05
HaRdd___TRy: posts big blind $0.10
*** HOLE CARDS ***
Dealt to Mahu2021 [9h 5d]
gogogo711: folds 
PiNe4ppLe: folds 
Ironhelt: raises $0.15 to $0.25
Mahu2021: folds 
bombayXIII: folds 
HaRdd___TRy: folds 
Uncalled bet ($0.15) returned to Ironhelt
Ironhelt collected $0.25 from pot
Ironhelt: doesn't show hand 
*** SUMMARY ***
Total pot $0.25 | Rake $0 
Seat 1: Mahu2021 (button) folded before Flop (didn't bet)
Seat 2: bombayXIII (small blind) folded before Flop
Seat 3: HaRdd___TRy (big blind) folded before Flop
Seat 4: gogogo711 folded before Flop (didn't bet)
Seat 5: PiNe4ppLe folded before Flop (didn't bet)
Seat 6: Ironhelt collected ($0.25)



PokerStars Zoom Hand #254445067656:  Hold'em No Limit ($0.05/$0.10) - 2025/01/19 11:31:37 CET [2025/01/19 5:31:37 ET]
Table 'Aludra' 6-max Seat #1 is the button
Seat 1: hawkwind221 ($14.49 in chips) 
Seat 2: looser00091 ($11.79 in chips) 
Seat 3: Fargo2015 ($10.30 in chips) 
Seat 4: Mahu2021 ($10.37 in chips) 
Seat 5: PiNe4ppLe ($10.25 in chips) 
Seat 6: AlexanderSweden ($1.32 in chips) 
looser00091: posts small blind $0.05
Fargo2015: posts big blind $0.10
*** HOLE CARDS ***
Dealt to Mahu2021 [Tc Qc]
Mahu2021: raises $0.14 to $0.24
PiNe4ppLe: folds 
AlexanderSweden: folds 
hawkwind221 is disconnected 
hawkwind221 has timed out while disconnected
hawkwind221: folds 
looser00091: folds 
Fargo2015: folds 
Uncalled bet ($0.14) returned to Mahu2021
Mahu2021 collected $0.25 from pot
Mahu2021: doesn't show hand 
*** SUMMARY ***
Total pot $0.25 | Rake $0 
Seat 1: hawkwind221 (button) folded before Flop (didn't bet)
Seat 2: looser00091 (small blind) folded before Flop
Seat 3: Fargo2015 (big blind) folded before Flop
Seat 4: Mahu2021 collected ($0.25)
Seat 5: PiNe4ppLe folded before Flop (didn't bet)
Seat 6: AlexanderSweden folded before Flop (didn't bet)



PokerStars Zoom Hand #254445066930:  Hold'em No Limit ($0.05/$0.10) - 2025/01/19 11:31:32 CET [2025/01/19 5:31:32 ET]
Table 'Aludra' 6-max Seat #1 is the button
Seat 1: bombayXIII ($7.49 in chips) 
Seat 2: Eula ($19.52 in chips) 
Seat 3: PiNe4ppLe ($10.45 in chips) 
Seat 4: merlinSmile ($26.28 in chips) 
Seat 5: Mahu2021 ($10.37 in chips) 
Seat 6: DJ JORDAN G. ($38.06 in chips) 
Eula: posts small blind $0.05
PiNe4ppLe: posts big blind $0.10
*** HOLE CARDS ***
Dealt to Mahu2021 [7d Kd]
merlinSmile: folds 
Mahu2021: folds 
DJ JORDAN G.: folds 
bombayXIII: raises $0.20 to $0.30
Eula: calls $0.25
PiNe4ppLe: calls $0.20
*** FLOP *** [As Qc 4s]
Eula: bets $0.43
PiNe4ppLe: folds 
bombayXIII: calls $0.43
*** TURN *** [As Qc 4s] [4c]
Eula: bets $1
bombayXIII: folds 
Uncalled bet ($1) returned to Eula
Eula collected $1.68 from pot
Eula: doesn't show hand 
*** SUMMARY ***
Total pot $1.76 | Rake $0.08 
Board [As Qc 4s 4c]
Seat 1: bombayXIII (button) folded on the Turn
Seat 2: Eula (small blind) collected ($1.68)
Seat 3: PiNe4ppLe (big blind) folded on the Flop
Seat 4: merlinSmile folded before Flop (didn't bet)
Seat 5: Mahu2021 folded before Flop (didn't bet)
Seat 6: DJ JORDAN G. folded before Flop (didn't bet)



PokerStars Zoom Hand #254445074306:  Hold'em No Limit ($0.05/$0.10) - 2025/01/19 11:32:30 CET [2025/01/19 5:32:30 ET]
Table 'Aludra' 6-max Seat #1 is the button
Seat 1: Mahu2021 ($10.52 in chips) 
Seat 2: Jamie_McPartlin ($7.67 in chips) 
Seat 3: Jajje7 ($11.52 in chips) 
Seat 4: Nighty1988 ($10 in chips) 
Seat 5: Dastik 5 ($10.83 in chips) 
Seat 6: banamichi809 ($10 in chips) 
Jamie_McPartlin: posts small blind $0.05
Jajje7: posts big blind $0.10
*** HOLE CARDS ***
Dealt to Mahu2021 [9h 8h]
Nighty1988: folds 
Dastik 5: folds 
banamichi809: folds 
Mahu2021: raises $0.20 to $0.30
Jamie_McPartlin: folds 
Jajje7: folds 
Uncalled bet ($0.20) returned to Mahu2021
Mahu2021 collected $0.25 from pot
Mahu2021: doesn't show hand 
*** SUMMARY ***
Total pot $0.25 | Rake $0 
Seat 1: Mahu2021 (button) collected ($0.25)
Seat 2: Jamie_McPartlin (small blind) folded before Flop
Seat 3: Jajje7 (big blind) folded before Flop
Seat 4: Nighty1988 folded before Flop (didn't bet)
Seat 5: Dastik 5 folded before Flop (didn't bet)
Seat 6: banamichi809 folded before Flop (didn't bet)



PokerStars Zoom Hand #254445075857:  Hold'em No Limit ($0.05/$0.10) - 2025/01/19 11:32:42 CET [2025/01/19 5:32:42 ET]
Table 'Aludra' 6-max Seat #1 is the button
Seat 1: lost chans ($21.51 in chips) 
Seat 2: Mahu2021 ($10.67 in chips) 
Seat 3: merlinSmile ($26.08 in chips) 
Seat 4: Fargo2015 ($10 in chips) 
Seat 5: Jamie_McPartlin ($9.14 in chips) 
Seat 6: Jajje7 ($19.66 in chips) 
Mahu2021: posts small blind $0.05
merlinSmile: posts big blind $0.10
*** HOLE CARDS ***
Dealt to Mahu2021 [Th 9d]
Fargo2015: folds 
Jamie_McPartlin: folds 
Jajje7: folds 
lost chans: folds 
Mahu2021: folds 
Uncalled bet ($0.05) returned to merlinSmile
merlinSmile collected $0.10 from pot
merlinSmile: doesn't show hand 
*** SUMMARY ***
Total pot $0.10 | Rake $0 
Seat 1: lost chans (button) folded before Flop (didn't bet)
Seat 2: Mahu2021 (small blind) folded before Flop
Seat 3: merlinSmile (big blind) collected ($0.10)
Seat 4: Fargo2015 folded before Flop (didn't bet)
Seat 5: Jamie_McPartlin folded before Flop (didn't bet)
Seat 6: Jajje7 folded before Flop (didn't bet)



PokerStars Zoom Hand #254445076406:  Hold'em No Limit ($0.05/$0.10) - 2025/01/19 11:32:47 CET [2025/01/19 5:32:47 ET]
Table 'Aludra' 6-max Seat #1 is the button
Seat 1: DecentPlayer777 ($16.27 in chips) 
Seat 2: 77irek ($23.71 in chips) 
Seat 3: MVM77788 ($10 in chips) 
Seat 4: lost chans ($21.51 in chips) 
Seat 5: Mahu2021 ($10.62 in chips) 
Seat 6: MajusBonus94 ($16.86 in chips) 
77irek: posts small blind $0.05
MVM77788: posts big blind $0.10
*** HOLE CARDS ***
Dealt to Mahu2021 [Th 7h]
lost chans: folds 
Mahu2021: folds 
MajusBonus94: raises $0.20 to $0.30
DecentPlayer777: folds 
77irek: folds 
MVM77788: folds 
Uncalled bet ($0.20) returned to MajusBonus94
MajusBonus94 collected $0.25 from pot
MajusBonus94: doesn't show hand 
*** SUMMARY ***
Total pot $0.25 | Rake $0 
Seat 1: DecentPlayer777 (button) folded before Flop (didn't bet)
Seat 2: 77irek (small blind) folded before Flop
Seat 3: MVM77788 (big blind) folded before Flop
Seat 4: lost chans folded before Flop (didn't bet)
Seat 5: Mahu2021 folded before Flop (didn't bet)
Seat 6: MajusBonus94 collected ($0.25)



PokerStars Zoom Hand #254445076803:  Hold'em No Limit ($0.05/$0.10) - 2025/01/19 11:32:50 CET [2025/01/19 5:32:50 ET]
Table 'Aludra' 6-max Seat #1 is the button
Seat 1: HyperBete ($10.50 in chips) 
Seat 2: lost chans ($21.51 in chips) 
Seat 3: Mahu2021 ($10.62 in chips) 
Seat 4: Jajje7 ($19.66 in chips) 
Seat 5: BReDnaya89 ($11.95 in chips) 
Seat 6: yakkai ($10 in chips) 
lost chans: posts small blind $0.05
Mahu2021: posts big blind $0.10
*** HOLE CARDS ***
Dealt to Mahu2021 [2s Qc]
Jajje7: folds 
BReDnaya89: folds 
yakkai: raises $0.15 to $0.25
HyperBete: folds 
lost chans: folds 
Mahu2021: folds 
Uncalled bet ($0.15) returned to yakkai
yakkai collected $0.25 from pot
yakkai: doesn't show hand 
*** SUMMARY ***
Total pot $0.25 | Rake $0 
Seat 1: HyperBete (button) folded before Flop (didn't bet)
Seat 2: lost chans (small blind) folded before Flop
Seat 3: Mahu2021 (big blind) folded before Flop
Seat 4: Jajje7 folded before Flop (didn't bet)
Seat 5: BReDnaya89 folded before Flop (didn't bet)
Seat 6: yakkai collected ($0.25)



PokerStars Zoom Hand #254445078470:  Hold'em No Limit ($0.05/$0.10) - 2025/01/19 11:33:03 CET [2025/01/19 5:33:03 ET]
Table 'Aludra' 6-max Seat #1 is the button
Seat 1: Jajje7 ($19.66 in chips) 
Seat 2: MVM77788 ($9.90 in chips) 
Seat 3: looser00091 ($17.48 in chips) 
Seat 4: Mahu2021 ($10.52 in chips) 
Seat 5: yakkai ($10.15 in chips) 
Seat 6: pokerfaceIRL ($27.14 in chips) 
MVM77788: posts small blind $0.05
looser00091: posts big blind $0.10
*** HOLE CARDS ***
Dealt to Mahu2021 [5c 6d]
Mahu2021: folds 
yakkai: folds 
pokerfaceIRL: folds 
Jajje7: folds 
MVM77788: folds 
Uncalled bet ($0.05) returned to looser00091
looser00091 collected $0.10 from pot
looser00091: doesn't show hand 
*** SUMMARY ***
Total pot $0.10 | Rake $0 
Seat 1: Jajje7 (button) folded before Flop (didn't bet)
Seat 2: MVM77788 (small blind) folded before Flop
Seat 3: looser00091 (big blind) collected ($0.10)
Seat 4: Mahu2021 folded before Flop (didn't bet)
Seat 5: yakkai folded before Flop (didn't bet)
Seat 6: pokerfaceIRL folded before Flop (didn't bet)



PokerStars Zoom Hand #254445079274:  Hold'em No Limit ($0.05/$0.10) - 2025/01/19 11:33:09 CET [2025/01/19 5:33:09 ET]
Table 'Aludra' 6-max Seat #1 is the button
Seat 1: R4FuN.II ($11.07 in chips) 
Seat 2: Jajje7 ($19.66 in chips) 
Seat 3: merlinSmile ($13.73 in chips) 
Seat 4: yakkai ($10.15 in chips) 
Seat 5: Mahu2021 ($10.52 in chips) 
Seat 6: luisotaviora ($2.63 in chips) 
Jajje7: posts small blind $0.05
merlinSmile: posts big blind $0.10
*** HOLE CARDS ***
Dealt to Mahu2021 [9c Js]
yakkai: raises $0.15 to $0.25
Mahu2021: folds 
luisotaviora: calls $0.25
R4FuN.II: folds 
Jajje7: folds 
merlinSmile: folds 
*** FLOP *** [Qh 7h Jh]
yakkai: checks 
luisotaviora: checks 
*** TURN *** [Qh 7h Jh] [2c]
yakkai: bets $0.31
luisotaviora: folds 
Uncalled bet ($0.31) returned to yakkai
yakkai collected $0.62 from pot
yakkai: doesn't show hand 
*** SUMMARY ***
Total pot $0.65 | Rake $0.03 
Board [Qh 7h Jh 2c]
Seat 1: R4FuN.II (button) folded before Flop (didn't bet)
Seat 2: Jajje7 (small blind) folded before Flop
Seat 3: merlinSmile (big blind) folded before Flop
Seat 4: yakkai collected ($0.62)
Seat 5: Mahu2021 folded before Flop (didn't bet)
Seat 6: luisotaviora folded on the Turn



PokerStars Zoom Hand #254445079653:  Hold'em No Limit ($0.05/$0.10) - 2025/01/19 11:33:12 CET [2025/01/19 5:33:12 ET]
Table 'Aludra' 6-max Seat #1 is the button
Seat 1: Ironhelt ($13.30 in chips) 
Seat 2: DirtyShot ($4.73 in chips) 
Seat 3: Mahu2021 ($10.52 in chips) 
Seat 4: Fargo2015 ($10 in chips) 
Seat 5: 77irek ($23.56 in chips) 
Seat 6: PiNe4ppLe ($10.62 in chips) 
DirtyShot: posts small blind $0.05
Mahu2021: posts big blind $0.10
*** HOLE CARDS ***
Dealt to Mahu2021 [9c 7d]
Fargo2015: folds 
77irek: folds 
PiNe4ppLe: folds 
Ironhelt: folds 
DirtyShot: raises $0.10 to $0.20
Mahu2021: calls $0.10
*** FLOP *** [8s Th 4c]
DirtyShot: bets $0.20
Mahu2021: calls $0.20
*** TURN *** [8s Th 4c] [8c]
DirtyShot: bets $0.20
Mahu2021: calls $0.20
*** RIVER *** [8s Th 4c 8c] [5s]
DirtyShot: bets $0.30
Mahu2021: folds 
Uncalled bet ($0.30) returned to DirtyShot
DirtyShot collected $1.15 from pot
DirtyShot: doesn't show hand 
*** SUMMARY ***
Total pot $1.20 | Rake $0.05 
Board [8s Th 4c 8c 5s]
Seat 1: Ironhelt (button) folded before Flop (didn't bet)
Seat 2: DirtyShot (small blind) collected ($1.15)
Seat 3: Mahu2021 (big blind) folded on the River
Seat 4: Fargo2015 folded before Flop (didn't bet)
Seat 5: 77irek folded before Flop (didn't bet)
Seat 6: PiNe4ppLe folded before Flop (didn't bet)



PokerStars Zoom Hand #254445077859:  Hold'em No Limit ($0.05/$0.10) - 2025/01/19 11:32:58 CET [2025/01/19 5:32:58 ET]
Table 'Aludra' 6-max Seat #1 is the button
Seat 1: MVM77788 ($9.90 in chips) 
Seat 2: pougia777 ($10 in chips) 
Seat 3: gogogo711 ($20.70 in chips) 
Seat 4: merlinSmile ($26.13 in chips) 
Seat 5: ruffhund1 ($10.35 in chips) 
Seat 6: Mahu2021 ($10.52 in chips) 
pougia777: posts small blind $0.05
gogogo711: posts big blind $0.10
*** HOLE CARDS ***
Dealt to Mahu2021 [Ac 5d]
merlinSmile: folds 
ruffhund1: raises $0.10 to $0.20
Mahu2021: folds 
MVM77788: folds 
pougia777: raises $0.60 to $0.80
gogogo711: folds 
ruffhund1: raises $1.20 to $2
pougia777: raises $8 to $10 and is all-in
ruffhund1: calls $8
*** FLOP *** [6c 7s Js]
*** TURN *** [6c 7s Js] [9c]
*** RIVER *** [6c 7s Js 9c] [4s]
*** SHOW DOWN ***
pougia777: shows [Ad Ah] (a pair of Aces)
ruffhund1: shows [Kc Kh] (a pair of Kings)
pougia777 cashed out the hand for $15.43 | Cash Out Fee $0.31
*** SUMMARY ***
Total pot $20.10 | Rake $0.90 
Board [6c 7s Js 9c 4s]
Seat 1: MVM77788 (button) folded before Flop (didn't bet)
Seat 2: pougia777 (small blind) showed [Ad Ah] and won ($19.20) with a pair of Aces (pot not awarded as player cashed out)
Seat 3: gogogo711 (big blind) folded before Flop
Seat 4: merlinSmile folded before Flop (didn't bet)
Seat 5: ruffhund1 showed [Kc Kh] and lost with a pair of Kings
Seat 6: Mahu2021 folded before Flop (didn't bet)



PokerStars Zoom Hand #254445082733:  Hold'em No Limit ($0.05/$0.10) - 2025/01/19 11:33:36 CET [2025/01/19 5:33:36 ET]
Table 'Aludra' 6-max Seat #1 is the button
Seat 1: IEVAL ($14.54 in chips) 
Seat 2: dodgydan68 ($5.89 in chips) 
Seat 3: Carlos Ne258 ($9.36 in chips) 
Seat 4: Mahu2021 ($9.92 in chips) 
Seat 5: bombayXIII ($6.56 in chips) 
Seat 6: Dastik 5 ($11.08 in chips) 
dodgydan68: posts small blind $0.05
Carlos Ne258: posts big blind $0.10
*** HOLE CARDS ***
Dealt to Mahu2021 [2s Tc]
Mahu2021: folds 
bombayXIII: folds 
Dastik 5: raises $0.20 to $0.30
IEVAL: folds 
dodgydan68: calls $0.25
Carlos Ne258: calls $0.20
*** FLOP *** [7c 3h 3d]
dodgydan68: checks 
Carlos Ne258: checks 
Dastik 5: bets $0.44
dodgydan68: folds 
Carlos Ne258: calls $0.44
*** TURN *** [7c 3h 3d] [5s]
Carlos Ne258: checks 
Dastik 5: bets $1.92
Carlos Ne258: calls $1.92
*** RIVER *** [7c 3h 3d 5s] [3c]
Carlos Ne258: checks 
Dastik 5: bets $6.07
Carlos Ne258: calls $6.07
*** SHOW DOWN ***
Dastik 5: shows [Ad Ah] (a full house, Threes full of Aces)
Carlos Ne258: mucks hand 
Dastik 5 collected $16.96 from pot
*** SUMMARY ***
Total pot $17.76 | Rake $0.80 
Board [7c 3h 3d 5s 3c]
Seat 1: IEVAL (button) folded before Flop (didn't bet)
Seat 2: dodgydan68 (small blind) folded on the Flop
Seat 3: Carlos Ne258 (big blind) mucked [6h 6s]
Seat 4: Mahu2021 folded before Flop (didn't bet)
Seat 5: bombayXIII folded before Flop (didn't bet)
Seat 6: Dastik 5 showed [Ad Ah] and won ($16.96) with a full house, Threes full of Aces



PokerStars Zoom Hand #254445083157:  Hold'em No Limit ($0.05/$0.10) - 2025/01/19 11:33:39 CET [2025/01/19 5:33:39 ET]
Table 'Aludra' 6-max Seat #1 is the button
Seat 1: Fargo2015 ($10 in chips) 
Seat 2: Mahu2021 ($9.92 in chips) 
Seat 3: looser00091 ($12.26 in chips) 
Seat 4: BReDnaya89 ($12.10 in chips) 
Seat 5: Jajje7 ($10.25 in chips) 
Seat 6: bartovskii ($12.44 in chips) 
Mahu2021: posts small blind $0.05
looser00091: posts big blind $0.10
*** HOLE CARDS ***
Dealt to Mahu2021 [Jd Ac]
BReDnaya89: raises $0.20 to $0.30
Jajje7: folds 
bartovskii: folds 
Fargo2015: folds 
Mahu2021: calls $0.25
looser00091: folds 
*** FLOP *** [Th Ad 8h]
Mahu2021: checks 
BReDnaya89: checks 
*** TURN *** [Th Ad 8h] [5h]
Mahu2021: checks 
BReDnaya89: checks 
*** RIVER *** [Th Ad 8h 5h] [Jc]
Mahu2021: bets $0.67
BReDnaya89: folds 
Uncalled bet ($0.67) returned to Mahu2021
Mahu2021 collected $0.67 from pot
Mahu2021: doesn't show hand 
*** SUMMARY ***
Total pot $0.70 | Rake $0.03 
Board [Th Ad 8h 5h Jc]
Seat 1: Fargo2015 (button) folded before Flop (didn't bet)
Seat 2: Mahu2021 (small blind) collected ($0.67)
Seat 3: looser00091 (big blind) folded before Flop
Seat 4: BReDnaya89 folded on the River
Seat 5: Jajje7 folded before Flop (didn't bet)
Seat 6: bartovskii folded before Flop (didn't bet)



PokerStars Zoom Hand #254445088711:  Hold'em No Limit ($0.05/$0.10) - 2025/01/19 11:34:23 CET [2025/01/19 5:34:23 ET]
Table 'Aludra' 6-max Seat #1 is the button
Seat 1: Mahu2021 ($10.29 in chips) 
Seat 2: gogogo711 ($10.20 in chips) 
Seat 3: IEVAL ($14.29 in chips) 
Seat 4: papargy ($13.27 in chips) 
Seat 5: HyperBete ($10.62 in chips) 
Seat 6: merlinSmile ($13.48 in chips) 
gogogo711: posts small blind $0.05
IEVAL: posts big blind $0.10
*** HOLE CARDS ***
Dealt to Mahu2021 [9s Tc]
papargy: folds 
HyperBete: folds 
merlinSmile: raises $0.15 to $0.25
Mahu2021: folds 
gogogo711: folds 
IEVAL: folds 
Uncalled bet ($0.15) returned to merlinSmile
merlinSmile collected $0.25 from pot
merlinSmile: doesn't show hand 
*** SUMMARY ***
Total pot $0.25 | Rake $0 
Seat 1: Mahu2021 (button) folded before Flop (didn't bet)
Seat 2: gogogo711 (small blind) folded before Flop
Seat 3: IEVAL (big blind) folded before Flop
Seat 4: papargy folded before Flop (didn't bet)
Seat 5: HyperBete folded before Flop (didn't bet)
Seat 6: merlinSmile collected ($0.25)



PokerStars Zoom Hand #254445089199:  Hold'em No Limit ($0.05/$0.10) - 2025/01/19 11:34:27 CET [2025/01/19 5:34:27 ET]
Table 'Aludra' 6-max Seat #1 is the button
Seat 1: kyus83 ($13.69 in chips) 
Seat 2: Fargo2015 ($11.50 in chips) 
Seat 3: yanailove ($10.15 in chips) 
Seat 4: diesel bxl ($6.22 in chips) 
Seat 5: johnyboyjnr ($18.85 in chips) 
Seat 6: Mahu2021 ($10.29 in chips) 
Fargo2015: posts small blind $0.05
yanailove: posts big blind $0.10
*** HOLE CARDS ***
Dealt to Mahu2021 [8d Ks]
diesel bxl: folds 
johnyboyjnr: folds 
Mahu2021: folds 
kyus83: folds 
Fargo2015: raises $0.15 to $0.25
yanailove: folds 
Uncalled bet ($0.15) returned to Fargo2015
Fargo2015 collected $0.20 from pot
Fargo2015: doesn't show hand 
*** SUMMARY ***
Total pot $0.20 | Rake $0 
Seat 1: kyus83 (button) folded before Flop (didn't bet)
Seat 2: Fargo2015 (small blind) collected ($0.20)
Seat 3: yanailove (big blind) folded before Flop
Seat 4: diesel bxl folded before Flop (didn't bet)
Seat 5: johnyboyjnr folded before Flop (didn't bet)
Seat 6: Mahu2021 folded before Flop (didn't bet)



PokerStars Zoom Hand #254445090882:  Hold'em No Limit ($0.05/$0.10) - 2025/01/19 11:34:40 CET [2025/01/19 5:34:40 ET]
Table 'Aludra' 6-max Seat #1 is the button
Seat 1: merlinSmile ($23.88 in chips) 
Seat 2: Mahu2021 ($10.29 in chips) 
Seat 3: PiNe4ppLe ($10.34 in chips) 
Seat 4: diesel bxl ($6.12 in chips) 
Seat 5: Carlos Ne258 ($0.63 in chips) 
Seat 6: johnyboyjnr ($18.80 in chips) 
Mahu2021: posts small blind $0.05
PiNe4ppLe: posts big blind $0.10
*** HOLE CARDS ***
Dealt to Mahu2021 [4d Tc]
diesel bxl: folds 
Carlos Ne258: raises $0.30 to $0.40
johnyboyjnr: folds 
merlinSmile: folds 
Mahu2021: folds 
PiNe4ppLe: folds 
Uncalled bet ($0.30) returned to Carlos Ne258
Carlos Ne258 collected $0.25 from pot
Carlos Ne258: doesn't show hand 
*** SUMMARY ***
Total pot $0.25 | Rake $0 
Seat 1: merlinSmile (button) folded before Flop (didn't bet)
Seat 2: Mahu2021 (small blind) folded before Flop
Seat 3: PiNe4ppLe (big blind) folded before Flop
Seat 4: diesel bxl folded before Flop (didn't bet)
Seat 5: Carlos Ne258 collected ($0.25)
Seat 6: johnyboyjnr folded before Flop (didn't bet)



PokerStars Zoom Hand #254445091298:  Hold'em No Limit ($0.05/$0.10) - 2025/01/19 11:34:43 CET [2025/01/19 5:34:43 ET]
Table 'Aludra' 6-max Seat #1 is the button
Seat 1: MMKing19880903 ($10.44 in chips) 
Seat 2: Jajje7 ($11.39 in chips) 
Seat 3: Mahu2021 ($10.24 in chips) 
Seat 4: pougia777 ($10 in chips) 
Seat 5: Jamie_McPartlin ($10.71 in chips) 
Seat 6: Fargo2015 ($11.60 in chips) 
Jajje7: posts small blind $0.05
Mahu2021: posts big blind $0.10
*** HOLE CARDS ***
Dealt to Mahu2021 [4d 7s]
pougia777: folds 
Jamie_McPartlin is disconnected 
Jamie_McPartlin has timed out while disconnected
Jamie_McPartlin: folds 
Fargo2015: raises $0.15 to $0.25
MMKing19880903: calls $0.25
Jajje7: folds 
Mahu2021: folds 
*** FLOP *** [Ah 3h 5h]
Fargo2015: bets $0.20
MMKing19880903: calls $0.20
*** TURN *** [Ah 3h 5h] [3s]
Fargo2015: checks 
MMKing19880903: bets $0.50
Fargo2015: folds 
Uncalled bet ($0.50) returned to MMKing19880903
MMKing19880903 collected $1 from pot
MMKing19880903: doesn't show hand 
*** SUMMARY ***
Total pot $1.05 | Rake $0.05 
Board [Ah 3h 5h 3s]
Seat 1: MMKing19880903 (button) collected ($1)
Seat 2: Jajje7 (small blind) folded before Flop
Seat 3: Mahu2021 (big blind) folded before Flop
Seat 4: pougia777 folded before Flop (didn't bet)
Seat 5: Jamie_McPartlin folded before Flop (didn't bet)
Seat 6: Fargo2015 folded on the Turn



PokerStars Zoom Hand #254445090136:  Hold'em No Limit ($0.05/$0.10) - 2025/01/19 11:34:34 CET [2025/01/19 5:34:34 ET]
Table 'Aludra' 6-max Seat #1 is the button
Seat 1: Mahu2021 ($10.29 in chips) 
Seat 2: Fargo2015 ($10 in chips) 
Seat 3: DirtyJed ($10 in chips) 
Seat 4: Carlos Ne258 ($0.63 in chips) 
Seat 5: kyus83 ($13.69 in chips) 
Seat 6: Ironhelt ($18.93 in chips) 
Fargo2015: posts small blind $0.05
DirtyJed: posts big blind $0.10
*** HOLE CARDS ***
Dealt to Mahu2021 [3c Jh]
Carlos Ne258: folds 
kyus83: raises $0.15 to $0.25
Ironhelt: folds 
Mahu2021: folds 
Fargo2015: calls $0.20
DirtyJed: folds 
*** FLOP *** [Th Qh Kc]
Fargo2015: checks 
kyus83: checks 
*** TURN *** [Th Qh Kc] [3h]
Fargo2015: bets $0.20
kyus83: raises $0.40 to $0.60
Fargo2015: folds 
Uncalled bet ($0.40) returned to kyus83
kyus83 collected $0.96 from pot
kyus83: doesn't show hand 
*** SUMMARY ***
Total pot $1 | Rake $0.04 
Board [Th Qh Kc 3h]
Seat 1: Mahu2021 (button) folded before Flop (didn't bet)
Seat 2: Fargo2015 (small blind) folded on the Turn
Seat 3: DirtyJed (big blind) folded before Flop
Seat 4: Carlos Ne258 folded before Flop (didn't bet)
Seat 5: kyus83 collected ($0.96)
Seat 6: Ironhelt folded before Flop (didn't bet)



PokerStars Zoom Hand #254445093167:  Hold'em No Limit ($0.05/$0.10) - 2025/01/19 11:34:58 CET [2025/01/19 5:34:58 ET]
Table 'Aludra' 6-max Seat #1 is the button
Seat 1: merlinSmile ($13.58 in chips) 
Seat 2: Langusta1 ($10.09 in chips) 
Seat 3: godgift1980 ($10 in chips) 
Seat 4: lost chans ($18.73 in chips) 
Seat 5: Mahu2021 ($10.14 in chips) 
Seat 6: papargy ($10.70 in chips) 
Langusta1: posts small blind $0.05
godgift1980: posts big blind $0.10
*** HOLE CARDS ***
Dealt to Mahu2021 [6c Qs]
lost chans: folds 
Mahu2021: folds 
papargy: folds 
merlinSmile: raises $0.15 to $0.25
Langusta1: calls $0.20
godgift1980: calls $0.15
*** FLOP *** [9c 2d Ad]
Langusta1: bets $0.40
godgift1980: calls $0.40
merlinSmile: folds 
*** TURN *** [9c 2d Ad] [2h]
Langusta1: bets $0.50
godgift1980: calls $0.50
*** RIVER *** [9c 2d Ad 2h] [Td]
Langusta1: checks 
godgift1980: checks 
*** SHOW DOWN ***
Langusta1: shows [Js Ah] (two pair, Aces and Deuces)
godgift1980: mucks hand 
Langusta1 collected $2.44 from pot
*** SUMMARY ***
Total pot $2.55 | Rake $0.11 
Board [9c 2d Ad 2h Td]
Seat 1: merlinSmile (button) folded on the Flop
Seat 2: Langusta1 (small blind) showed [Js Ah] and won ($2.44) with two pair, Aces and Deuces
Seat 3: godgift1980 (big blind) mucked [Ts 9d]
Seat 4: lost chans folded before Flop (didn't bet)
Seat 5: Mahu2021 folded before Flop (didn't bet)
Seat 6: papargy folded before Flop (didn't bet)



PokerStars Zoom Hand #254445093781:  Hold'em No Limit ($0.05/$0.10) - 2025/01/19 11:35:03 CET [2025/01/19 5:35:03 ET]
Table 'Aludra' 6-max Seat #1 is the button
Seat 1: Ironhelt ($19.03 in chips) 
Seat 2: luisotaviora ($2.98 in chips) 
Seat 3: R4FuN.II ($10.49 in chips) 
Seat 4: RH-DK126 ($9.01 in chips) 
Seat 5: papargy ($10.70 in chips) 
Seat 6: Mahu2021 ($10.14 in chips) 
luisotaviora: posts small blind $0.05
R4FuN.II: posts big blind $0.10
*** HOLE CARDS ***
Dealt to Mahu2021 [Jh Kc]
RH-DK126: folds 
papargy: raises $0.11 to $0.21
Mahu2021: calls $0.21
Ironhelt: folds 
luisotaviora: calls $0.16
R4FuN.II: folds 
*** FLOP *** [3h Js 3s]
luisotaviora: checks 
papargy: checks 
Mahu2021: bets $0.30
luisotaviora: calls $0.30
papargy: folds 
*** TURN *** [3h Js 3s] [Qd]
luisotaviora: checks 
Mahu2021: bets $0.40
luisotaviora: calls $0.40
*** RIVER *** [3h Js 3s Qd] [7h]
luisotaviora: checks 
Mahu2021: checks 
*** SHOW DOWN ***
luisotaviora: shows [4s 4d] (two pair, Fours and Threes)
Mahu2021: shows [Jh Kc] (two pair, Jacks and Threes)
Mahu2021 collected $2.03 from pot
*** SUMMARY ***
Total pot $2.13 | Rake $0.10 
Board [3h Js 3s Qd 7h]
Seat 1: Ironhelt (button) folded before Flop (didn't bet)
Seat 2: luisotaviora (small blind) showed [4s 4d] and lost with two pair, Fours and Threes
Seat 3: R4FuN.II (big blind) folded before Flop
Seat 4: RH-DK126 folded before Flop (didn't bet)
Seat 5: papargy folded on the Flop
Seat 6: Mahu2021 showed [Jh Kc] and won ($2.03) with two pair, Jacks and Threes



PokerStars Zoom Hand #254445099410:  Hold'em No Limit ($0.05/$0.10) - 2025/01/19 11:35:47 CET [2025/01/19 5:35:47 ET]
Table 'Aludra' 6-max Seat #1 is the button
Seat 1: Mahu2021 ($11.26 in chips) 
Seat 2: ruffhund1 ($10 in chips) 
Seat 3: Nighty1988 ($10 in chips) 
Seat 4: kyus83 ($14.15 in chips) 
Seat 5: 77irek ($28.13 in chips) 
Seat 6: Mentozs ($10.58 in chips) 
ruffhund1: posts small blind $0.05
Nighty1988: posts big blind $0.10
*** HOLE CARDS ***
Dealt to Mahu2021 [5c 4d]
kyus83: folds 
77irek: folds 
Mentozs: folds 
Mahu2021: folds 
ruffhund1: raises $0.20 to $0.30
Nighty1988: folds 
Uncalled bet ($0.20) returned to ruffhund1
ruffhund1 collected $0.20 from pot
ruffhund1: doesn't show hand 
*** SUMMARY ***
Total pot $0.20 | Rake $0 
Seat 1: Mahu2021 (button) folded before Flop (didn't bet)
Seat 2: ruffhund1 (small blind) collected ($0.20)
Seat 3: Nighty1988 (big blind) folded before Flop
Seat 4: kyus83 folded before Flop (didn't bet)
Seat 5: 77irek folded before Flop (didn't bet)
Seat 6: Mentozs folded before Flop (didn't bet)



PokerStars Zoom Hand #254445100441:  Hold'em No Limit ($0.05/$0.10) - 2025/01/19 11:35:55 CET [2025/01/19 5:35:55 ET]
Table 'Aludra' 6-max Seat #1 is the button
Seat 1: seonghwee ($13.53 in chips) 
Seat 2: Mahu2021 ($11.26 in chips) 
Seat 3: kyus83 ($14.10 in chips) 
Seat 4: IEVAL ($14.42 in chips) 
Seat 5: Fargo2015 ($10.28 in chips) 
Seat 6: Jajje7 ($11.24 in chips) 
Mahu2021: posts small blind $0.05
kyus83: posts big blind $0.10
*** HOLE CARDS ***
Dealt to Mahu2021 [Jh Ts]
IEVAL: folds 
Fargo2015: folds 
Jajje7: folds 
seonghwee: raises $0.15 to $0.25
Mahu2021: calls $0.20
kyus83: folds 
*** FLOP *** [Qd 7h 9d]
Mahu2021: checks 
seonghwee: checks 
*** TURN *** [Qd 7h 9d] [6s]
Mahu2021: checks 
seonghwee: bets $0.38
Mahu2021: calls $0.38
*** RIVER *** [Qd 7h 9d 6s] [Th]
Mahu2021: checks 
seonghwee: bets $0.87
Mahu2021: folds 
Uncalled bet ($0.87) returned to seonghwee
seonghwee collected $1.30 from pot
seonghwee: doesn't show hand 
*** SUMMARY ***
Total pot $1.36 | Rake $0.06 
Board [Qd 7h 9d 6s Th]
Seat 1: seonghwee (button) collected ($1.30)
Seat 2: Mahu2021 (small blind) folded on the River
Seat 3: kyus83 (big blind) folded before Flop
Seat 4: IEVAL folded before Flop (didn't bet)
Seat 5: Fargo2015 folded before Flop (didn't bet)
Seat 6: Jajje7 folded before Flop (didn't bet)



PokerStars Zoom Hand #254445099913:  Hold'em No Limit ($0.05/$0.10) - 2025/01/19 11:35:51 CET [2025/01/19 5:35:51 ET]
Table 'Aludra' 6-max Seat #1 is the button
Seat 1: merlinSmile ($13.33 in chips) 
Seat 2: kyus83 ($14.15 in chips) 
Seat 3: DirtyJed ($10.10 in chips) 
Seat 4: Mahu2021 ($11.26 in chips) 
Seat 5: looser00091 ($17.53 in chips) 
Seat 6: papargy ($13.42 in chips) 
kyus83: posts small blind $0.05
DirtyJed: posts big blind $0.10
*** HOLE CARDS ***
Dealt to Mahu2021 [Kc 3c]
Mahu2021: folds 
looser00091: folds 
papargy: folds 
merlinSmile: raises $0.15 to $0.25
kyus83: folds 
DirtyJed: calls $0.15
*** FLOP *** [2h 7d Ks]
DirtyJed: checks 
merlinSmile: checks 
*** TURN *** [2h 7d Ks] [Js]
DirtyJed: checks 
merlinSmile: bets $0.37
DirtyJed: folds 
Uncalled bet ($0.37) returned to merlinSmile
merlinSmile collected $0.53 from pot
merlinSmile: doesn't show hand 
*** SUMMARY ***
Total pot $0.55 | Rake $0.02 
Board [2h 7d Ks Js]
Seat 1: merlinSmile (button) collected ($0.53)
Seat 2: kyus83 (small blind) folded before Flop
Seat 3: DirtyJed (big blind) folded on the Turn
Seat 4: Mahu2021 folded before Flop (didn't bet)
Seat 5: looser00091 folded before Flop (didn't bet)
Seat 6: papargy folded before Flop (didn't bet)



PokerStars Zoom Hand #254445103883:  Hold'em No Limit ($0.05/$0.10) - 2025/01/19 11:36:22 CET [2025/01/19 5:36:22 ET]
Table 'Aludra' 6-max Seat #1 is the button
Seat 1: kyus83 ($14 in chips) 
Seat 2: pougia777 ($10 in chips) 
Seat 3: Mahu2021 ($10.63 in chips) 
Seat 4: kiks220272 ($12.18 in chips) 
Seat 5: RH-DK126 ($9.39 in chips) 
Seat 6: arpi1553 ($4.68 in chips) 
pougia777: posts small blind $0.05
Mahu2021: posts big blind $0.10
*** HOLE CARDS ***
Dealt to Mahu2021 [Jh 7h]
kiks220272: folds 
RH-DK126: folds 
arpi1553: folds 
kyus83: raises $0.15 to $0.25
pougia777: folds 
Mahu2021: calls $0.15
*** FLOP *** [2d 6d 6h]
Mahu2021: checks 
kyus83: bets $0.30
Mahu2021: folds 
Uncalled bet ($0.30) returned to kyus83
kyus83 collected $0.53 from pot
kyus83: doesn't show hand 
*** SUMMARY ***
Total pot $0.55 | Rake $0.02 
Board [2d 6d 6h]
Seat 1: kyus83 (button) collected ($0.53)
Seat 2: pougia777 (small blind) folded before Flop
Seat 3: Mahu2021 (big blind) folded on the Flop
Seat 4: kiks220272 folded before Flop (didn't bet)
Seat 5: RH-DK126 folded before Flop (didn't bet)
Seat 6: arpi1553 folded before Flop (didn't bet)



PokerStars Zoom Hand #254445107942:  Hold'em No Limit ($0.05/$0.10) - 2025/01/19 11:36:54 CET [2025/01/19 5:36:54 ET]
Table 'Aludra' 6-max Seat #1 is the button
Seat 1: papargy ($10 in chips) 
Seat 2: bartovskii ($23.09 in chips) 
Seat 3: PiNe4ppLe ($12.80 in chips) 
Seat 4: ruffhund1 ($10 in chips) 
Seat 5: luisotaviora ($3.91 in chips) 
Seat 6: Mahu2021 ($10.38 in chips) 
bartovskii: posts small blind $0.05
PiNe4ppLe: posts big blind $0.10
*** HOLE CARDS ***
Dealt to Mahu2021 [8s Jc]
ruffhund1: folds 
luisotaviora: folds 
Mahu2021: folds 
papargy: raises $0.15 to $0.25
bartovskii: folds 
PiNe4ppLe: folds 
Uncalled bet ($0.15) returned to papargy
papargy collected $0.25 from pot
papargy: doesn't show hand 
*** SUMMARY ***
Total pot $0.25 | Rake $0 
Seat 1: papargy (button) collected ($0.25)
Seat 2: bartovskii (small blind) folded before Flop
Seat 3: PiNe4ppLe (big blind) folded before Flop
Seat 4: ruffhund1 folded before Flop (didn't bet)
Seat 5: luisotaviora folded before Flop (didn't bet)
Seat 6: Mahu2021 folded before Flop (didn't bet)



PokerStars Zoom Hand #254445108506:  Hold'em No Limit ($0.05/$0.10) - 2025/01/19 11:36:58 CET [2025/01/19 5:36:58 ET]
Table 'Aludra' 6-max Seat #1 is the button
Seat 1: Jajje7 ($10 in chips) 
Seat 2: gogogo711 ($23.24 in chips) 
Seat 3: D.shadoww ($10 in chips) 
Seat 4: luisotaviora ($3.91 in chips) 
Seat 5: Mahu2021 ($10.38 in chips) 
Seat 6: PiNe4ppLe ($12.24 in chips) 
gogogo711: posts small blind $0.05
D.shadoww: posts big blind $0.10
*** HOLE CARDS ***
Dealt to Mahu2021 [Js 5s]
luisotaviora: folds 
Mahu2021: folds 
PiNe4ppLe: folds 
Jajje7: folds 
gogogo711: folds 
Uncalled bet ($0.05) returned to D.shadoww
D.shadoww collected $0.10 from pot
D.shadoww: doesn't show hand 
*** SUMMARY ***
Total pot $0.10 | Rake $0 
Seat 1: Jajje7 (button) folded before Flop (didn't bet)
Seat 2: gogogo711 (small blind) folded before Flop
Seat 3: D.shadoww (big blind) collected ($0.10)
Seat 4: luisotaviora folded before Flop (didn't bet)
Seat 5: Mahu2021 folded before Flop (didn't bet)
Seat 6: PiNe4ppLe folded before Flop (didn't bet)



PokerStars Zoom Hand #254445111183:  Hold'em No Limit ($0.05/$0.10) - 2025/01/19 11:37:19 CET [2025/01/19 5:37:19 ET]
Table 'Aludra' 6-max Seat #1 is the button
Seat 1: Mahu2021 ($10.28 in chips) 
Seat 2: seonghwee ($14.50 in chips) 
Seat 3: ruffhund1 ($10 in chips) 
Seat 4: Ironhelt ($19.57 in chips) 
Seat 5: dodgydan68 ($8.27 in chips) 
Seat 6: Jajje7 ($10 in chips) 
seonghwee: posts small blind $0.05
ruffhund1: posts big blind $0.10
*** HOLE CARDS ***
Dealt to Mahu2021 [6d 8c]
Ironhelt: folds 
dodgydan68: raises $0.10 to $0.20
Jajje7: folds 
Mahu2021: folds 
seonghwee: raises $0.70 to $0.90
ruffhund1: folds 
dodgydan68: folds 
Uncalled bet ($0.70) returned to seonghwee
seonghwee collected $0.50 from pot
seonghwee: doesn't show hand 
*** SUMMARY ***
Total pot $0.50 | Rake $0 
Seat 1: Mahu2021 (button) folded before Flop (didn't bet)
Seat 2: seonghwee (small blind) collected ($0.50)
Seat 3: ruffhund1 (big blind) folded before Flop
Seat 4: Ironhelt folded before Flop (didn't bet)
Seat 5: dodgydan68 folded before Flop
Seat 6: Jajje7 folded before Flop (didn't bet)



PokerStars Zoom Hand #254445109040:  Hold'em No Limit ($0.05/$0.10) - 2025/01/19 11:37:02 CET [2025/01/19 5:37:02 ET]
Table 'Aludra' 6-max Seat #1 is the button
Seat 1: merlinSmile ($23.33 in chips) 
Seat 2: PiNe4ppLe ($12.24 in chips) 
Seat 3: Mahu2021 ($10.38 in chips) 
Seat 4: kiks220272 ($12.26 in chips) 
Seat 5: SolitaryDan ($9.83 in chips) 
Seat 6: Dutta666 ($16 in chips) 
PiNe4ppLe: posts small blind $0.05
Mahu2021: posts big blind $0.10
*** HOLE CARDS ***
Dealt to Mahu2021 [9h 6h]
kiks220272: folds 
SolitaryDan: raises $0.15 to $0.25
Dutta666: folds 
merlinSmile: raises $0.65 to $0.90
PiNe4ppLe: folds 
Mahu2021: folds 
SolitaryDan: raises $1.20 to $2.10
merlinSmile: folds 
Uncalled bet ($1.20) returned to SolitaryDan
SolitaryDan collected $1.95 from pot
SolitaryDan: doesn't show hand 
*** SUMMARY ***
Total pot $1.95 | Rake $0 
Seat 1: merlinSmile (button) folded before Flop
Seat 2: PiNe4ppLe (small blind) folded before Flop
Seat 3: Mahu2021 (big blind) folded before Flop
Seat 4: kiks220272 folded before Flop (didn't bet)
Seat 5: SolitaryDan collected ($1.95)
Seat 6: Dutta666 folded before Flop (didn't bet)



PokerStars Zoom Hand #254445106831:  Hold'em No Limit ($0.05/$0.10) - 2025/01/19 11:36:45 CET [2025/01/19 5:36:45 ET]
Table 'Aludra' 6-max Seat #1 is the button
Seat 1: lost chans ($18.96 in chips) 
Seat 2: PiNe4ppLe ($10.30 in chips) 
Seat 3: kyus83 ($14.28 in chips) 
Seat 4: kiks220272 ($13.74 in chips) 
Seat 5: Mahu2021 ($10.38 in chips) 
Seat 6: ruffhund1 ($10 in chips) 
PiNe4ppLe: posts small blind $0.05
kyus83: posts big blind $0.10
*** HOLE CARDS ***
Dealt to Mahu2021 [Jd 8d]
kiks220272: raises $0.20 to $0.30
Mahu2021: folds 
ruffhund1: folds 
lost chans: calls $0.30
PiNe4ppLe: folds 
kyus83: raises $0.90 to $1.20
kiks220272: calls $0.90
lost chans: calls $0.90
*** FLOP *** [2c 3h 6h]
kyus83: bets $0.90
kiks220272: calls $0.90
lost chans: calls $0.90
*** TURN *** [2c 3h 6h] [5h]
kyus83: checks 
kiks220272: bets $3.03
lost chans: calls $3.03
kyus83: calls $3.03
*** RIVER *** [2c 3h 6h 5h] [4h]
kyus83: checks 
kiks220272: checks 
lost chans: checks 
*** SHOW DOWN ***
kyus83: shows [Jc Jh] (a flush, Jack high)
kiks220272: mucks hand 
lost chans: mucks hand 
kyus83 collected $14.75 from pot
*** SUMMARY ***
Total pot $15.44 | Rake $0.69 
Board [2c 3h 6h 5h 4h]
Seat 1: lost chans (button) mucked [Qd Qc]
Seat 2: PiNe4ppLe (small blind) folded before Flop
Seat 3: kyus83 (big blind) showed [Jc Jh] and won ($14.75) with a flush, Jack high
Seat 4: kiks220272 mucked [Ts Td]
Seat 5: Mahu2021 folded before Flop (didn't bet)
Seat 6: ruffhund1 folded before Flop (didn't bet)



PokerStars Zoom Hand #254445111970:  Hold'em No Limit ($0.05/$0.10) - 2025/01/19 11:37:25 CET [2025/01/19 5:37:25 ET]
Table 'Aludra' 6-max Seat #1 is the button
Seat 1: luisotaviora ($3.76 in chips) 
Seat 2: Mahu2021 ($10.28 in chips) 
Seat 3: smifferific ($4.85 in chips) 
Seat 4: Jajje7 ($23.90 in chips) 
Seat 5: yanailove ($15.06 in chips) 
Seat 6: bombayXIII ($7.08 in chips) 
Mahu2021: posts small blind $0.05
smifferific: posts big blind $0.10
*** HOLE CARDS ***
Dealt to Mahu2021 [5c Kc]
Jajje7: folds 
yanailove: folds 
bombayXIII: folds 
luisotaviora: folds 
Mahu2021: raises $0.20 to $0.30
smifferific: calls $0.20
*** FLOP *** [Qc 2s 4c]
Mahu2021: checks 
smifferific: bets $0.29
Mahu2021: calls $0.29
*** TURN *** [Qc 2s 4c] [Kh]
Mahu2021: checks 
smifferific: checks 
*** RIVER *** [Qc 2s 4c Kh] [9h]
Mahu2021: bets $1.13
smifferific: raises $3.13 to $4.26 and is all-in
Mahu2021: folds 
Uncalled bet ($3.13) returned to smifferific
smifferific collected $3.29 from pot
smifferific: doesn't show hand 
*** SUMMARY ***
Total pot $3.44 | Rake $0.15 
Board [Qc 2s 4c Kh 9h]
Seat 1: luisotaviora (button) folded before Flop (didn't bet)
Seat 2: Mahu2021 (small blind) folded on the River
Seat 3: smifferific (big blind) collected ($3.29)
Seat 4: Jajje7 folded before Flop (didn't bet)
Seat 5: yanailove folded before Flop (didn't bet)
Seat 6: bombayXIII folded before Flop (didn't bet)



PokerStars Zoom Hand #254445117292:  Hold'em No Limit ($0.05/$0.10) - 2025/01/19 11:38:07 CET [2025/01/19 5:38:07 ET]
Table 'Aludra' 6-max Seat #1 is the button
Seat 1: Pinkmnn ($12.59 in chips) 
Seat 2: MMKing19880903 ($10.52 in chips) 
Seat 3: kiks220272 ($10 in chips) 
Seat 4: Mahu2021 ($8.56 in chips) 
Seat 5: D.shadoww ($10 in chips) 
Seat 6: papargy ($10.55 in chips) 
MMKing19880903: posts small blind $0.05
kiks220272: posts big blind $0.10
*** HOLE CARDS ***
Dealt to Mahu2021 [Ad 5s]
Mahu2021: folds 
D.shadoww: folds 
papargy: folds 
Pinkmnn: folds 
MMKing19880903: folds 
Uncalled bet ($0.05) returned to kiks220272
kiks220272 collected $0.10 from pot
kiks220272: doesn't show hand 
*** SUMMARY ***
Total pot $0.10 | Rake $0 
Seat 1: Pinkmnn (button) folded before Flop (didn't bet)
Seat 2: MMKing19880903 (small blind) folded before Flop
Seat 3: kiks220272 (big blind) collected ($0.10)
Seat 4: Mahu2021 folded before Flop (didn't bet)
Seat 5: D.shadoww folded before Flop (didn't bet)
Seat 6: papargy folded before Flop (didn't bet)



PokerStars Zoom Hand #254445118142:  Hold'em No Limit ($0.05/$0.10) - 2025/01/19 11:38:14 CET [2025/01/19 5:38:14 ET]
Table 'Aludra' 6-max Seat #1 is the button
Seat 1: smifferific ($6.42 in chips) 
Seat 2: Pinkmnn ($12.59 in chips) 
Seat 3: SolitaryDan ($10.88 in chips) 
Seat 4: merlinSmile ($33.41 in chips) 
Seat 5: Jajje7 ($10.25 in chips) 
Seat 6: Mahu2021 ($8.56 in chips) 
Pinkmnn: posts small blind $0.05
SolitaryDan: posts big blind $0.10
*** HOLE CARDS ***
Dealt to Mahu2021 [Jc Jh]
merlinSmile: raises $0.20 to $0.30
Jajje7: folds 
Mahu2021: calls $0.30
smifferific: calls $0.30
Pinkmnn: folds 
SolitaryDan: folds 
*** FLOP *** [8s 4c 5s]
merlinSmile: checks 
Mahu2021: bets $1
smifferific: calls $1
merlinSmile: folds 
*** TURN *** [8s 4c 5s] [7s]
Mahu2021: checks 
smifferific: bets $1
Mahu2021: raises $6.26 to $7.26 and is all-in
smifferific: calls $4.12 and is all-in
Uncalled bet ($2.14) returned to Mahu2021
*** RIVER *** [8s 4c 5s 7s] [6s]
*** SHOW DOWN ***
Mahu2021: shows [Jc Jh] (a straight, Four to Eight)
smifferific: shows [As Js] (a flush, Ace high)
smifferific collected $12.69 from pot
*** SUMMARY ***
Total pot $13.29 | Rake $0.60 
Board [8s 4c 5s 7s 6s]
Seat 1: smifferific (button) showed [As Js] and won ($12.69) with a flush, Ace high
Seat 2: Pinkmnn (small blind) folded before Flop
Seat 3: SolitaryDan (big blind) folded before Flop
Seat 4: merlinSmile folded on the Flop
Seat 5: Jajje7 folded before Flop (didn't bet)
Seat 6: Mahu2021 showed [Jc Jh] and lost with a straight, Four to Eight



