PokerStars Zoom Hand #255785554740:  Hold'em No Limit ($0.05/$0.10) - 2025/04/18 15:49:04 CET [2025/04/18 9:49:04 ET]
Table 'Aludra' 6-max Seat #1 is the button
Seat 1: Pimpen6996 ($6.13 in chips) 
Seat 2: Mahu2021 ($9.90 in chips) 
Seat 3: BankaiKK ($2.80 in chips) 
Seat 4: dochaaa ($10.15 in chips) 
Seat 5: sebbi1717 ($10.24 in chips) 
Seat 6: thebuilder86 ($13.86 in chips) 
Mahu2021: posts small blind $0.05
BankaiKK: posts big blind $0.10
*** HOLE CARDS ***
Dealt to Mahu2021 [Jc Ts]
dochaaa: folds 
sebbi1717: folds 
thebuilder86: folds 
Pimpen6996: folds 
Mahu2021: raises $0.20 to $0.30
BankaiKK: folds 
Uncalled bet ($0.20) returned to Mahu2021
Mahu2021 collected $0.20 from pot
Mahu2021: doesn't show hand 
*** SUMMARY ***
Total pot $0.20 | Rake $0 
Seat 1: Pimpen6996 (button) folded before Flop (didn't bet)
Seat 2: Mahu2021 (small blind) collected ($0.20)
Seat 3: BankaiKK (big blind) folded before Flop
Seat 4: dochaaa folded before Flop (didn't bet)
Seat 5: sebbi1717 folded before Flop (didn't bet)
Seat 6: thebuilder86 folded before Flop (didn't bet)



PokerStars Zoom Hand #255785558071:  Hold'em No Limit ($0.05/$0.10) - 2025/04/18 15:49:23 CET [2025/04/18 9:49:23 ET]
Table 'Aludra' 6-max Seat #1 is the button
Seat 1: DJC1922 ($6.85 in chips) 
Seat 2: solaia91 ($10.93 in chips) 
Seat 3: steven73263 ($13.96 in chips) 
Seat 4: Bur1k ($5.38 in chips) 
Seat 5: 8¥EUX ($14.45 in chips) 
Seat 6: Mahu2021 ($10 in chips) 
solaia91: posts small blind $0.05
steven73263: posts big blind $0.10
*** HOLE CARDS ***
Dealt to Mahu2021 [7h 2c]
Bur1k: folds 
8¥EUX: folds 
Mahu2021: folds 
DJC1922: folds 
solaia91: folds 
Uncalled bet ($0.05) returned to steven73263
steven73263 collected $0.10 from pot
steven73263: doesn't show hand 
*** SUMMARY ***
Total pot $0.10 | Rake $0 
Seat 1: DJC1922 (button) folded before Flop (didn't bet)
Seat 2: solaia91 (small blind) folded before Flop
Seat 3: steven73263 (big blind) collected ($0.10)
Seat 4: Bur1k folded before Flop (didn't bet)
Seat 5: 8¥EUX folded before Flop (didn't bet)
Seat 6: Mahu2021 folded before Flop (didn't bet)



PokerStars Zoom Hand #255785559203:  Hold'em No Limit ($0.05/$0.10) - 2025/04/18 15:49:29 CET [2025/04/18 9:49:29 ET]
Table 'Aludra' 6-max Seat #1 is the button
Seat 1: SlipperySealion ($10.81 in chips) 
Seat 2: DJC1922 ($6.85 in chips) 
Seat 3: kar4tune ($12.03 in chips) 
Seat 4: Mahu2021 ($10 in chips) 
Seat 5: Alistair4567 ($22.12 in chips) 
Seat 6: giannissapk ($23.07 in chips) 
DJC1922: posts small blind $0.05
kar4tune: posts big blind $0.10
*** HOLE CARDS ***
Dealt to Mahu2021 [7h 5c]
Mahu2021: folds 
Alistair4567: folds 
giannissapk: folds 
SlipperySealion: folds 
DJC1922: folds 
Uncalled bet ($0.05) returned to kar4tune
kar4tune collected $0.10 from pot
kar4tune: doesn't show hand 
*** SUMMARY ***
Total pot $0.10 | Rake $0 
Seat 1: SlipperySealion (button) folded before Flop (didn't bet)
Seat 2: DJC1922 (small blind) folded before Flop
Seat 3: kar4tune (big blind) collected ($0.10)
Seat 4: Mahu2021 folded before Flop (didn't bet)
Seat 5: Alistair4567 folded before Flop (didn't bet)
Seat 6: giannissapk folded before Flop (didn't bet)



PokerStars Zoom Hand #255785557375:  Hold'em No Limit ($0.05/$0.10) - 2025/04/18 15:49:19 CET [2025/04/18 9:49:19 ET]
Table 'Aludra' 6-max Seat #1 is the button
Seat 1: Mahu2021 ($10 in chips) 
Seat 2: BankaiKK ($2.70 in chips) 
Seat 3: ALPHA REBEL ($13.77 in chips) 
Seat 4: Die8 ($15.80 in chips) 
Seat 5: Yuck0811 ($10 in chips) 
Seat 6: mk4298 ($10 in chips) 
BankaiKK: posts small blind $0.05
ALPHA REBEL: posts big blind $0.10
*** HOLE CARDS ***
Dealt to Mahu2021 [4d 6c]
Die8: folds 
Yuck0811: folds 
mk4298: folds 
Mahu2021: folds 
BankaiKK: raises $0.30 to $0.40
ALPHA REBEL: raises $2.30 to $2.70
BankaiKK: calls $2.30 and is all-in
*** FLOP *** [Ts Td Ks]
*** TURN *** [Ts Td Ks] [7h]
*** RIVER *** [Ts Td Ks 7h] [9c]
*** SHOW DOWN ***
BankaiKK: shows [Qs 9s] (two pair, Tens and Nines)
ALPHA REBEL: shows [Ac Qd] (a pair of Tens)
BankaiKK collected $5.16 from pot
*** SUMMARY ***
Total pot $5.40 | Rake $0.24 
Board [Ts Td Ks 7h 9c]
Seat 1: Mahu2021 (button) folded before Flop (didn't bet)
Seat 2: BankaiKK (small blind) showed [Qs 9s] and won ($5.16) with two pair, Tens and Nines
Seat 3: ALPHA REBEL (big blind) showed [Ac Qd] and lost with a pair of Tens
Seat 4: Die8 folded before Flop (didn't bet)
Seat 5: Yuck0811 folded before Flop (didn't bet)
Seat 6: mk4298 folded before Flop (didn't bet)



PokerStars Zoom Hand #255785553270:  Hold'em No Limit ($0.05/$0.10) - 2025/04/18 15:48:55 CET [2025/04/18 9:48:55 ET]
Table 'Aludra' 6-max Seat #1 is the button
Seat 1: respectedD888 ($11.87 in chips) 
Seat 2: TheEye7878 ($5.50 in chips) 
Seat 3: Mahu2021 ($10 in chips) 
Seat 4: shakaa01 ($13.48 in chips) 
Seat 5: ZKostas ($9.90 in chips) 
Seat 6: Die8 ($10 in chips) 
TheEye7878: posts small blind $0.05
Mahu2021: posts big blind $0.10
*** HOLE CARDS ***
Dealt to Mahu2021 [6s 9s]
shakaa01: folds 
ZKostas: raises $0.20 to $0.30
Die8: raises $0.60 to $0.90
respectedD888: folds 
TheEye7878: folds 
Mahu2021: folds 
ZKostas: calls $0.60
*** FLOP *** [Ah 9c As]
ZKostas: checks 
Die8: bets $0.62
ZKostas: calls $0.62
*** TURN *** [Ah 9c As] [Qh]
ZKostas: checks 
Die8: checks 
*** RIVER *** [Ah 9c As Qh] [3c]
ZKostas: bets $1.49
Die8: calls $1.49
*** SHOW DOWN ***
ZKostas: shows [Kh Qc] (two pair, Aces and Queens)
Die8: shows [Qd Ks] (two pair, Aces and Queens)
ZKostas collected $2.95 from pot
Die8 collected $2.94 from pot
*** SUMMARY ***
Total pot $6.17 | Rake $0.28 
Board [Ah 9c As Qh 3c]
Seat 1: respectedD888 (button) folded before Flop (didn't bet)
Seat 2: TheEye7878 (small blind) folded before Flop
Seat 3: Mahu2021 (big blind) folded before Flop
Seat 4: shakaa01 folded before Flop (didn't bet)
Seat 5: ZKostas showed [Kh Qc] and won ($2.95) with two pair, Aces and Queens
Seat 6: Die8 showed [Qd Ks] and won ($2.94) with two pair, Aces and Queens



PokerStars Zoom Hand #255785558747:  Hold'em No Limit ($0.05/$0.10) - 2025/04/18 15:49:27 CET [2025/04/18 9:49:27 ET]
Table 'Aludra' 6-max Seat #1 is the button
Seat 1: Kaybaman708 ($39.04 in chips) 
Seat 2: putzkedudu ($10.05 in chips) 
Seat 3: shakaa01 ($24.10 in chips) 
Seat 4: morethanaverage ($38.70 in chips) 
Seat 5: Mahu2021 ($10 in chips) 
Seat 6: 777zloba777 ($10.10 in chips) 
putzkedudu: posts small blind $0.05
shakaa01: posts big blind $0.10
*** HOLE CARDS ***
Dealt to Mahu2021 [Jh 7c]
morethanaverage: folds 
Mahu2021: folds 
777zloba777: folds 
Kaybaman708: folds 
putzkedudu: raises $0.20 to $0.30
shakaa01: raises $0.60 to $0.90
putzkedudu: raises $1.30 to $2.20
shakaa01: raises $21.90 to $24.10 and is all-in
putzkedudu: calls $7.85 and is all-in
Uncalled bet ($14.05) returned to shakaa01
*** FLOP *** [5c Td 8d]
*** TURN *** [5c Td 8d] [Qh]
*** RIVER *** [5c Td 8d Qh] [2h]
*** SHOW DOWN ***
putzkedudu: shows [Ac Ad] (a pair of Aces)
shakaa01: shows [Ks Kh] (a pair of Kings)
putzkedudu collected $19.20 from pot
*** SUMMARY ***
Total pot $20.10 | Rake $0.90 
Board [5c Td 8d Qh 2h]
Seat 1: Kaybaman708 (button) folded before Flop (didn't bet)
Seat 2: putzkedudu (small blind) showed [Ac Ad] and won ($19.20) with a pair of Aces
Seat 3: shakaa01 (big blind) showed [Ks Kh] and lost with a pair of Kings
Seat 4: morethanaverage folded before Flop (didn't bet)
Seat 5: Mahu2021 folded before Flop (didn't bet)
Seat 6: 777zloba777 folded before Flop (didn't bet)



PokerStars Zoom Hand #255785559885:  Hold'em No Limit ($0.05/$0.10) - 2025/04/18 15:49:33 CET [2025/04/18 9:49:33 ET]
Table 'Aludra' 6-max Seat #1 is the button
Seat 1: TreeTreeTreeAA ($10 in chips) 
Seat 2: seignior ($10.85 in chips) 
Seat 3: Mahu2021 ($10 in chips) 
Seat 4: DJC1922 ($6.80 in chips) 
Seat 5: a4al999 ($12.59 in chips) 
Seat 6: putzkedudu ($10 in chips) 
seignior: posts small blind $0.05
Mahu2021: posts big blind $0.10
*** HOLE CARDS ***
Dealt to Mahu2021 [Ac 5c]
DJC1922: folds 
a4al999: folds 
putzkedudu: raises $0.10 to $0.20
TreeTreeTreeAA: folds 
seignior: folds 
Mahu2021: calls $0.10
*** FLOP *** [Kd Ad 4c]
Mahu2021: bets $0.20
putzkedudu: calls $0.20
*** TURN *** [Kd Ad 4c] [8h]
Mahu2021: checks 
putzkedudu: checks 
*** RIVER *** [Kd Ad 4c 8h] [Qs]
Mahu2021: checks 
putzkedudu: checks 
*** SHOW DOWN ***
Mahu2021: shows [Ac 5c] (a pair of Aces)
putzkedudu: mucks hand 
Mahu2021 collected $0.81 from pot
*** SUMMARY ***
Total pot $0.85 | Rake $0.04 
Board [Kd Ad 4c 8h Qs]
Seat 1: TreeTreeTreeAA (button) folded before Flop (didn't bet)
Seat 2: seignior (small blind) folded before Flop
Seat 3: Mahu2021 (big blind) showed [Ac 5c] and won ($0.81) with a pair of Aces
Seat 4: DJC1922 folded before Flop (didn't bet)
Seat 5: a4al999 folded before Flop (didn't bet)
Seat 6: putzkedudu mucked [Js Kc]



PokerStars Zoom Hand #255785569272:  Hold'em No Limit ($0.05/$0.10) - 2025/04/18 15:50:26 CET [2025/04/18 9:50:26 ET]
Table 'Aludra' 6-max Seat #1 is the button
Seat 1: shakaa01 ($14 in chips) 
Seat 2: Guten3213 ($13.19 in chips) 
Seat 3: kar4tune ($9.60 in chips) 
Seat 4: Mahu2021 ($10.41 in chips) 
Seat 5: giannissapk ($10.15 in chips) 
Seat 6: solaia91 ($10.67 in chips) 
Guten3213: posts small blind $0.05
kar4tune: posts big blind $0.10
*** HOLE CARDS ***
Dealt to Mahu2021 [Qd Kd]
Mahu2021: raises $0.10 to $0.20
giannissapk: folds 
solaia91: calls $0.20
shakaa01: folds 
Guten3213: folds 
kar4tune: folds 
*** FLOP *** [9c Jc Td]
Mahu2021: checks 
solaia91: checks 
*** TURN *** [9c Jc Td] [4d]
Mahu2021: checks 
solaia91: bets $0.30
Mahu2021: raises $0.60 to $0.90
solaia91: calls $0.60
*** RIVER *** [9c Jc Td 4d] [5h]
Mahu2021: checks 
solaia91: bets $1.50
Mahu2021: raises $3.10 to $4.60
solaia91: folds 
Uncalled bet ($3.10) returned to Mahu2021
Mahu2021 collected $5.11 from pot
Mahu2021: doesn't show hand 
*** SUMMARY ***
Total pot $5.35 | Rake $0.24 
Board [9c Jc Td 4d 5h]
Seat 1: shakaa01 (button) folded before Flop (didn't bet)
Seat 2: Guten3213 (small blind) folded before Flop
Seat 3: kar4tune (big blind) folded before Flop
Seat 4: Mahu2021 collected ($5.11)
Seat 5: giannissapk folded before Flop (didn't bet)
Seat 6: solaia91 folded on the River



PokerStars Zoom Hand #255785581361:  Hold'em No Limit ($0.05/$0.10) - 2025/04/18 15:51:34 CET [2025/04/18 9:51:34 ET]
Table 'Aludra' 6-max Seat #1 is the button
Seat 1: Kaybaman708 ($17.69 in chips) 
Seat 2: solaia91 ($10 in chips) 
Seat 3: MagicMasc ($19 in chips) 
Seat 4: TheEye7878 ($4.56 in chips) 
Seat 5: GymStefani ($20.20 in chips) 
Seat 6: Mahu2021 ($12.92 in chips) 
solaia91: posts small blind $0.05
MagicMasc: posts big blind $0.10
*** HOLE CARDS ***
Dealt to Mahu2021 [Qh Qd]
TheEye7878: raises $0.25 to $0.35
GymStefani: folds 
Mahu2021: calls $0.35
Kaybaman708: folds 
solaia91: folds 
MagicMasc: folds 
*** FLOP *** [As 7d 6s]
TheEye7878: checks 
Mahu2021: bets $0.60
TheEye7878: calls $0.60
*** TURN *** [As 7d 6s] [2h]
TheEye7878: checks 
Mahu2021: checks 
*** RIVER *** [As 7d 6s 2h] [4d]
TheEye7878: checks 
Mahu2021: checks 
*** SHOW DOWN ***
TheEye7878: shows [Kh Kc] (a pair of Kings)
Mahu2021: mucks hand 
TheEye7878 collected $1.96 from pot
*** SUMMARY ***
Total pot $2.05 | Rake $0.09 
Board [As 7d 6s 2h 4d]
Seat 1: Kaybaman708 (button) folded before Flop (didn't bet)
Seat 2: solaia91 (small blind) folded before Flop
Seat 3: MagicMasc (big blind) folded before Flop
Seat 4: TheEye7878 showed [Kh Kc] and won ($1.96) with a pair of Kings
Seat 5: GymStefani folded before Flop (didn't bet)
Seat 6: Mahu2021 mucked [Qh Qd]



PokerStars Zoom Hand #255785589385:  Hold'em No Limit ($0.05/$0.10) - 2025/04/18 15:52:19 CET [2025/04/18 9:52:19 ET]
Table 'Aludra' 6-max Seat #1 is the button
Seat 1: 777zloba777 ($14.39 in chips) 
Seat 2: Mahu2021 ($11.97 in chips) 
Seat 3: 8¥EUX ($14.25 in chips) 
Seat 4: kimjw800 ($12.41 in chips) 
Seat 5: gamma720 ($14.64 in chips) 
Seat 6: putzkedudu ($10.18 in chips) 
Mahu2021: posts small blind $0.05
8¥EUX: posts big blind $0.10
*** HOLE CARDS ***
Dealt to Mahu2021 [7c 4d]
kimjw800: folds 
gamma720: folds 
putzkedudu: folds 
777zloba777: folds 
Mahu2021: folds 
Uncalled bet ($0.05) returned to 8¥EUX
8¥EUX collected $0.10 from pot
8¥EUX: doesn't show hand 
*** SUMMARY ***
Total pot $0.10 | Rake $0 
Seat 1: 777zloba777 (button) folded before Flop (didn't bet)
Seat 2: Mahu2021 (small blind) folded before Flop
Seat 3: 8¥EUX (big blind) collected ($0.10)
Seat 4: kimjw800 folded before Flop (didn't bet)
Seat 5: gamma720 folded before Flop (didn't bet)
Seat 6: putzkedudu folded before Flop (didn't bet)



PokerStars Zoom Hand #255785591093:  Hold'em No Limit ($0.05/$0.10) - 2025/04/18 15:52:29 CET [2025/04/18 9:52:29 ET]
Table 'Aludra' 6-max Seat #1 is the button
Seat 1: dochaaa ($10.15 in chips) 
Seat 2: 777zloba777 ($14.39 in chips) 
Seat 3: van6ka89 ($10 in chips) 
Seat 4: giannissapk ($16.11 in chips) 
Seat 5: Mahu2021 ($11.92 in chips) 
Seat 6: humo97 ($20.70 in chips) 
777zloba777: posts small blind $0.05
van6ka89: posts big blind $0.10
*** HOLE CARDS ***
Dealt to Mahu2021 [8c Tc]
giannissapk: folds 
Mahu2021: folds 
humo97: folds 
dochaaa: folds 
777zloba777: folds 
Uncalled bet ($0.05) returned to van6ka89
van6ka89 collected $0.10 from pot
van6ka89: doesn't show hand 
*** SUMMARY ***
Total pot $0.10 | Rake $0 
Seat 1: dochaaa (button) folded before Flop (didn't bet)
Seat 2: 777zloba777 (small blind) folded before Flop
Seat 3: van6ka89 (big blind) collected ($0.10)
Seat 4: giannissapk folded before Flop (didn't bet)
Seat 5: Mahu2021 folded before Flop (didn't bet)
Seat 6: humo97 folded before Flop (didn't bet)



PokerStars Zoom Hand #255785592512:  Hold'em No Limit ($0.05/$0.10) - 2025/04/18 15:52:37 CET [2025/04/18 9:52:37 ET]
Table 'Aludra' 6-max Seat #1 is the button
Seat 1: giannissapk ($16.11 in chips) 
Seat 2: thebuilder86 ($15.39 in chips) 
Seat 3: Mahu2021 ($11.92 in chips) 
Seat 4: putzkedudu ($19.18 in chips) 
Seat 5: 777zloba777 ($14.34 in chips) 
Seat 6: Zutuzutu_90 ($11.76 in chips) 
thebuilder86: posts small blind $0.05
Mahu2021: posts big blind $0.10
*** HOLE CARDS ***
Dealt to Mahu2021 [Jh 9d]
putzkedudu: folds 
777zloba777: folds 
Zutuzutu_90: folds 
giannissapk: folds 
thebuilder86: folds 
Uncalled bet ($0.05) returned to Mahu2021
Mahu2021 collected $0.10 from pot
Mahu2021: doesn't show hand 
*** SUMMARY ***
Total pot $0.10 | Rake $0 
Seat 1: giannissapk (button) folded before Flop (didn't bet)
Seat 2: thebuilder86 (small blind) folded before Flop
Seat 3: Mahu2021 (big blind) collected ($0.10)
Seat 4: putzkedudu folded before Flop (didn't bet)
Seat 5: 777zloba777 folded before Flop (didn't bet)
Seat 6: Zutuzutu_90 folded before Flop (didn't bet)



PokerStars Zoom Hand #255785590379:  Hold'em No Limit ($0.05/$0.10) - 2025/04/18 15:52:25 CET [2025/04/18 9:52:25 ET]
Table 'Aludra' 6-max Seat #1 is the button
Seat 1: Mahu2021 ($11.92 in chips) 
Seat 2: Guten3213 ($12.89 in chips) 
Seat 3: BMWR651982 ($7.88 in chips) 
Seat 4: marcioadrs ($10 in chips) 
Seat 5: thebuilder86 ($15.39 in chips) 
Seat 6: mk4298 ($11.75 in chips) 
Guten3213: posts small blind $0.05
BMWR651982: posts big blind $0.10
*** HOLE CARDS ***
Dealt to Mahu2021 [Ks 5c]
marcioadrs: folds 
thebuilder86: folds 
mk4298: folds 
Mahu2021: folds 
Guten3213: raises $0.20 to $0.30
BMWR651982: calls $0.20
*** FLOP *** [Kh Qh Kd]
Guten3213: bets $0.30
BMWR651982: folds 
Uncalled bet ($0.30) returned to Guten3213
Guten3213 collected $0.57 from pot
Guten3213: doesn't show hand 
*** SUMMARY ***
Total pot $0.60 | Rake $0.03 
Board [Kh Qh Kd]
Seat 1: Mahu2021 (button) folded before Flop (didn't bet)
Seat 2: Guten3213 (small blind) collected ($0.57)
Seat 3: BMWR651982 (big blind) folded on the Flop
Seat 4: marcioadrs folded before Flop (didn't bet)
Seat 5: thebuilder86 folded before Flop (didn't bet)
Seat 6: mk4298 folded before Flop (didn't bet)



PokerStars Zoom Hand #255785594732:  Hold'em No Limit ($0.05/$0.10) - 2025/04/18 15:52:50 CET [2025/04/18 9:52:50 ET]
Table 'Aludra' 6-max Seat #1 is the button
Seat 1: Mahu2021 ($11.97 in chips) 
Seat 2: strashilisht ($10.15 in chips) 
Seat 3: jonathanaray ($12.29 in chips) 
Seat 4: humo97 ($21.47 in chips) 
Seat 5: SlipperySealion ($10 in chips) 
Seat 6: respectedD888 ($14.34 in chips) 
strashilisht: posts small blind $0.05
jonathanaray: posts big blind $0.10
*** HOLE CARDS ***
Dealt to Mahu2021 [4s Qc]
humo97: folds 
SlipperySealion: folds 
respectedD888: folds 
Mahu2021: folds 
strashilisht: folds 
Uncalled bet ($0.05) returned to jonathanaray
jonathanaray collected $0.10 from pot
jonathanaray: doesn't show hand 
*** SUMMARY ***
Total pot $0.10 | Rake $0 
Seat 1: Mahu2021 (button) folded before Flop (didn't bet)
Seat 2: strashilisht (small blind) folded before Flop
Seat 3: jonathanaray (big blind) collected ($0.10)
Seat 4: humo97 folded before Flop (didn't bet)
Seat 5: SlipperySealion folded before Flop (didn't bet)
Seat 6: respectedD888 folded before Flop (didn't bet)



PokerStars Zoom Hand #255785591721:  Hold'em No Limit ($0.05/$0.10) - 2025/04/18 15:52:33 CET [2025/04/18 9:52:33 ET]
Table 'Aludra' 6-max Seat #1 is the button
Seat 1: 8¥EUX ($14.30 in chips) 
Seat 2: 777zloba777 ($15.05 in chips) 
Seat 3: Strong122 ($18.72 in chips) 
Seat 4: DanCoxell05 ($9.10 in chips) 
Seat 5: Mahu2021 ($11.92 in chips) 
Seat 6: Die8 ($18.61 in chips) 
777zloba777: posts small blind $0.05
Strong122: posts big blind $0.10
*** HOLE CARDS ***
Dealt to Mahu2021 [3d 2s]
DanCoxell05: folds 
Mahu2021: folds 
Die8: folds 
8¥EUX: raises $0.10 to $0.20
777zloba777: folds 
Strong122: calls $0.10
*** FLOP *** [9c Jc 4d]
Strong122: checks 
8¥EUX: bets $0.32
Strong122: calls $0.32
*** TURN *** [9c Jc 4d] [6d]
Strong122: checks 
8¥EUX: bets $0.72
Strong122: calls $0.72
*** RIVER *** [9c Jc 4d 6d] [4c]
Strong122: checks 
8¥EUX: checks 
*** SHOW DOWN ***
Strong122: shows [9s Kc] (two pair, Nines and Fours)
8¥EUX: shows [Ad Ah] (two pair, Aces and Fours)
8¥EUX collected $2.42 from pot
*** SUMMARY ***
Total pot $2.53 | Rake $0.11 
Board [9c Jc 4d 6d 4c]
Seat 1: 8¥EUX (button) showed [Ad Ah] and won ($2.42) with two pair, Aces and Fours
Seat 2: 777zloba777 (small blind) folded before Flop
Seat 3: Strong122 (big blind) showed [9s Kc] and lost with two pair, Nines and Fours
Seat 4: DanCoxell05 folded before Flop (didn't bet)
Seat 5: Mahu2021 folded before Flop (didn't bet)
Seat 6: Die8 folded before Flop (didn't bet)



PokerStars Zoom Hand #255785595720:  Hold'em No Limit ($0.05/$0.10) - 2025/04/18 15:52:56 CET [2025/04/18 9:52:56 ET]
Table 'Aludra' 6-max Seat #1 is the button
Seat 1: XXXXX466 ($10.88 in chips) 
Seat 2: Mahu2021 ($11.97 in chips) 
Seat 3: jivko7171 ($10 in chips) 
Seat 4: thebuilder86 ($10.64 in chips) 
Seat 5: Guten3213 ($13.16 in chips) 
Seat 6: pokerstar671 ($6.61 in chips) 
Mahu2021: posts small blind $0.05
jivko7171: posts big blind $0.10
*** HOLE CARDS ***
Dealt to Mahu2021 [Qc Ah]
thebuilder86: raises $0.10 to $0.20
Guten3213: folds 
pokerstar671: folds 
XXXXX466: folds 
Mahu2021: raises $0.90 to $1.10
jivko7171: folds 
thebuilder86: folds 
Uncalled bet ($0.90) returned to Mahu2021
Mahu2021 collected $0.50 from pot
Mahu2021: doesn't show hand 
*** SUMMARY ***
Total pot $0.50 | Rake $0 
Seat 1: XXXXX466 (button) folded before Flop (didn't bet)
Seat 2: Mahu2021 (small blind) collected ($0.50)
Seat 3: jivko7171 (big blind) folded before Flop
Seat 4: thebuilder86 folded before Flop
Seat 5: Guten3213 folded before Flop (didn't bet)
Seat 6: pokerstar671 folded before Flop (didn't bet)



PokerStars Zoom Hand #255785600156:  Hold'em No Limit ($0.05/$0.10) - 2025/04/18 15:53:20 CET [2025/04/18 9:53:20 ET]
Table 'Aludra' 6-max Seat #1 is the button
Seat 1: MagicMasc ($11.20 in chips) 
Seat 2: jivko7171 ($9.90 in chips) 
Seat 3: cal9091 ($8.15 in chips) 
Seat 4: pokerstar671 ($9.32 in chips) 
Seat 5: ScousePro ($13.90 in chips) 
Seat 6: Mahu2021 ($12.27 in chips) 
jivko7171: posts small blind $0.05
cal9091: posts big blind $0.10
*** HOLE CARDS ***
Dealt to Mahu2021 [Td Ks]
pokerstar671: folds 
ScousePro: folds 
Mahu2021: folds 
MagicMasc: folds 
jivko7171: raises $0.20 to $0.30
cal9091: calls $0.20
*** FLOP *** [4s Jd Ah]
jivko7171: bets $0.19
cal9091: raises $0.48 to $0.67
jivko7171: folds 
Uncalled bet ($0.48) returned to cal9091
cal9091 collected $0.94 from pot
cal9091: doesn't show hand 
*** SUMMARY ***
Total pot $0.98 | Rake $0.04 
Board [4s Jd Ah]
Seat 1: MagicMasc (button) folded before Flop (didn't bet)
Seat 2: jivko7171 (small blind) folded on the Flop
Seat 3: cal9091 (big blind) collected ($0.94)
Seat 4: pokerstar671 folded before Flop (didn't bet)
Seat 5: ScousePro folded before Flop (didn't bet)
Seat 6: Mahu2021 folded before Flop (didn't bet)



PokerStars Zoom Hand #255785601046:  Hold'em No Limit ($0.05/$0.10) - 2025/04/18 15:53:26 CET [2025/04/18 9:53:26 ET]
Table 'Aludra' 6-max Seat #1 is the button
Seat 1: pokerstar671 ($9.32 in chips) 
Seat 2: kar4tune ($12.02 in chips) 
Seat 3: 8¥EUX ($15.48 in chips) 
Seat 4: ScousePro ($13.90 in chips) 
Seat 5: Spawn490 ($10.53 in chips) 
Seat 6: Mahu2021 ($12.27 in chips) 
kar4tune: posts small blind $0.05
8¥EUX: posts big blind $0.10
*** HOLE CARDS ***
Dealt to Mahu2021 [7s 9d]
ScousePro: folds 
Spawn490: folds 
Mahu2021: folds 
pokerstar671: raises $0.10 to $0.20
kar4tune: folds 
8¥EUX: folds 
Uncalled bet ($0.10) returned to pokerstar671
pokerstar671 collected $0.25 from pot
pokerstar671: doesn't show hand 
*** SUMMARY ***
Total pot $0.25 | Rake $0 
Seat 1: pokerstar671 (button) collected ($0.25)
Seat 2: kar4tune (small blind) folded before Flop
Seat 3: 8¥EUX (big blind) folded before Flop
Seat 4: ScousePro folded before Flop (didn't bet)
Seat 5: Spawn490 folded before Flop (didn't bet)
Seat 6: Mahu2021 folded before Flop (didn't bet)



PokerStars Zoom Hand #255785601756:  Hold'em No Limit ($0.05/$0.10) - 2025/04/18 15:53:30 CET [2025/04/18 9:53:30 ET]
Table 'Aludra' 6-max Seat #1 is the button
Seat 1: humo97 ($21.32 in chips) 
Seat 2: jivko7171 ($10.05 in chips) 
Seat 3: Mahu2021 ($12.27 in chips) 
Seat 4: Spawn490 ($10.53 in chips) 
Seat 5: ZKostas ($15.77 in chips) 
Seat 6: marcioadrs ($10 in chips) 
jivko7171: posts small blind $0.05
Mahu2021: posts big blind $0.10
*** HOLE CARDS ***
Dealt to Mahu2021 [Qd 4c]
Spawn490: raises $0.10 to $0.20
ZKostas: folds 
marcioadrs: folds 
humo97: folds 
jivko7171: folds 
Mahu2021: folds 
Uncalled bet ($0.10) returned to Spawn490
Spawn490 collected $0.25 from pot
Spawn490: doesn't show hand 
*** SUMMARY ***
Total pot $0.25 | Rake $0 
Seat 1: humo97 (button) folded before Flop (didn't bet)
Seat 2: jivko7171 (small blind) folded before Flop
Seat 3: Mahu2021 (big blind) folded before Flop
Seat 4: Spawn490 collected ($0.25)
Seat 5: ZKostas folded before Flop (didn't bet)
Seat 6: marcioadrs folded before Flop (didn't bet)



PokerStars Zoom Hand #255785603575:  Hold'em No Limit ($0.05/$0.10) - 2025/04/18 15:53:40 CET [2025/04/18 9:53:40 ET]
Table 'Aludra' 6-max Seat #1 is the button
Seat 1: fish1991f ($10 in chips) 
Seat 2: Mahu2021 ($12.17 in chips) 
Seat 3: g.h101 ($7.45 in chips) 
Seat 4: VDADARIO ($9.60 in chips) 
Seat 5: jivko7171 ($9.41 in chips) 
Seat 6: _mauser_658 ($6.54 in chips) 
Mahu2021: posts small blind $0.05
g.h101: posts big blind $0.10
*** HOLE CARDS ***
Dealt to Mahu2021 [2d 6c]
VDADARIO: folds 
jivko7171: folds 
_mauser_658: folds 
fish1991f: folds 
Mahu2021: folds 
Uncalled bet ($0.05) returned to g.h101
g.h101 collected $0.10 from pot
g.h101: doesn't show hand 
*** SUMMARY ***
Total pot $0.10 | Rake $0 
Seat 1: fish1991f (button) folded before Flop (didn't bet)
Seat 2: Mahu2021 (small blind) folded before Flop
Seat 3: g.h101 (big blind) collected ($0.10)
Seat 4: VDADARIO folded before Flop (didn't bet)
Seat 5: jivko7171 folded before Flop (didn't bet)
Seat 6: _mauser_658 folded before Flop (didn't bet)



PokerStars Zoom Hand #255785604295:  Hold'em No Limit ($0.05/$0.10) - 2025/04/18 15:53:44 CET [2025/04/18 9:53:44 ET]
Table 'Aludra' 6-max Seat #1 is the button
Seat 1: SlipperySealion ($14.58 in chips) 
Seat 2: cal9091 ($8.60 in chips) 
Seat 3: ScousePro ($11.42 in chips) 
Seat 4: Mahu2021 ($12.12 in chips) 
Seat 5: JustmyMoment ($7.84 in chips) 
Seat 6: Kaybaman708 ($18.13 in chips) 
cal9091: posts small blind $0.05
ScousePro: posts big blind $0.10
*** HOLE CARDS ***
Dealt to Mahu2021 [6s Ah]
Mahu2021: folds 
JustmyMoment: raises $0.25 to $0.35
Kaybaman708: folds 
SlipperySealion: folds 
cal9091: calls $0.30
ScousePro: folds 
*** FLOP *** [Ad 5d 6d]
cal9091: checks 
JustmyMoment: bets $0.45
cal9091: folds 
Uncalled bet ($0.45) returned to JustmyMoment
JustmyMoment collected $0.76 from pot
JustmyMoment: doesn't show hand 
*** SUMMARY ***
Total pot $0.80 | Rake $0.04 
Board [Ad 5d 6d]
Seat 1: SlipperySealion (button) folded before Flop (didn't bet)
Seat 2: cal9091 (small blind) folded on the Flop
Seat 3: ScousePro (big blind) folded before Flop
Seat 4: Mahu2021 folded before Flop (didn't bet)
Seat 5: JustmyMoment collected ($0.76)
Seat 6: Kaybaman708 folded before Flop (didn't bet)



PokerStars Zoom Hand #255785604995:  Hold'em No Limit ($0.05/$0.10) - 2025/04/18 15:53:48 CET [2025/04/18 9:53:48 ET]
Table 'Aludra' 6-max Seat #1 is the button
Seat 1: Mahu2021 ($12.12 in chips) 
Seat 2: seignior ($10.64 in chips) 
Seat 3: morethanaverage ($24.56 in chips) 
Seat 4: marcioadrs ($12.56 in chips) 
Seat 5: Kaybaman708 ($18.13 in chips) 
Seat 6: giannissapk ($11.80 in chips) 
seignior: posts small blind $0.05
morethanaverage: posts big blind $0.10
*** HOLE CARDS ***
Dealt to Mahu2021 [Ad 8s]
marcioadrs: folds 
Kaybaman708: folds 
giannissapk: folds 
Mahu2021: raises $0.20 to $0.30
seignior: folds 
morethanaverage: folds 
Uncalled bet ($0.20) returned to Mahu2021
Mahu2021 collected $0.25 from pot
Mahu2021: doesn't show hand 
*** SUMMARY ***
Total pot $0.25 | Rake $0 
Seat 1: Mahu2021 (button) collected ($0.25)
Seat 2: seignior (small blind) folded before Flop
Seat 3: morethanaverage (big blind) folded before Flop
Seat 4: marcioadrs folded before Flop (didn't bet)
Seat 5: Kaybaman708 folded before Flop (didn't bet)
Seat 6: giannissapk folded before Flop (didn't bet)



PokerStars Zoom Hand #255785608386:  Hold'em No Limit ($0.05/$0.10) - 2025/04/18 15:54:07 CET [2025/04/18 9:54:07 ET]
Table 'Aludra' 6-max Seat #1 is the button
Seat 1: morethanaverage ($38.32 in chips) 
Seat 2: Zutuzutu_90 ($10.79 in chips) 
Seat 3: Kaybaman708 ($34.42 in chips) 
Seat 4: dauria333 ($7.55 in chips) 
Seat 5: Mahu2021 ($12.27 in chips) 
Seat 6: pokerstar671 ($6.26 in chips) 
Zutuzutu_90: posts small blind $0.05
Kaybaman708: posts big blind $0.10
*** HOLE CARDS ***
Dealt to Mahu2021 [8d Kc]
dauria333: folds 
Mahu2021: folds 
pokerstar671: folds 
morethanaverage: folds 
Zutuzutu_90: raises $0.20 to $0.30
Kaybaman708: folds 
Uncalled bet ($0.20) returned to Zutuzutu_90
Zutuzutu_90 collected $0.20 from pot
Zutuzutu_90: doesn't show hand 
*** SUMMARY ***
Total pot $0.20 | Rake $0 
Seat 1: morethanaverage (button) folded before Flop (didn't bet)
Seat 2: Zutuzutu_90 (small blind) collected ($0.20)
Seat 3: Kaybaman708 (big blind) folded before Flop
Seat 4: dauria333 folded before Flop (didn't bet)
Seat 5: Mahu2021 folded before Flop (didn't bet)
Seat 6: pokerstar671 folded before Flop (didn't bet)



PokerStars Zoom Hand #255785609628:  Hold'em No Limit ($0.05/$0.10) - 2025/04/18 15:54:13 CET [2025/04/18 9:54:13 ET]
Table 'Aludra' 6-max Seat #1 is the button
Seat 1: jivko7171 ($9.90 in chips) 
Seat 2: Che_Koarl ($13.79 in chips) 
Seat 3: Mahu2021 ($12.27 in chips) 
Seat 4: honEybOOx ($18.15 in chips) 
Seat 5: giannissapk ($11.80 in chips) 
Seat 6: kar4tune ($11.87 in chips) 
Che_Koarl: posts small blind $0.05
Mahu2021: posts big blind $0.10
*** HOLE CARDS ***
Dealt to Mahu2021 [6c 3c]
honEybOOx: raises $0.12 to $0.22
giannissapk: folds 
kar4tune: folds 
jivko7171: folds 
Che_Koarl: folds 
Mahu2021: calls $0.12
*** FLOP *** [Td Qh Ks]
Mahu2021: checks 
honEybOOx: bets $0.10
Mahu2021: folds 
Uncalled bet ($0.10) returned to honEybOOx
honEybOOx collected $0.47 from pot
honEybOOx: doesn't show hand 
*** SUMMARY ***
Total pot $0.49 | Rake $0.02 
Board [Td Qh Ks]
Seat 1: jivko7171 (button) folded before Flop (didn't bet)
Seat 2: Che_Koarl (small blind) folded before Flop
Seat 3: Mahu2021 (big blind) folded on the Flop
Seat 4: honEybOOx collected ($0.47)
Seat 5: giannissapk folded before Flop (didn't bet)
Seat 6: kar4tune folded before Flop (didn't bet)



PokerStars Zoom Hand #255785614823:  Hold'em No Limit ($0.05/$0.10) - 2025/04/18 15:54:43 CET [2025/04/18 9:54:43 ET]
Table 'Aludra' 6-max Seat #1 is the button
Seat 1: Thiguin9 ($11.62 in chips) 
Seat 2: PaDenV ($10.41 in chips) 
Seat 3: Kaybaman708 ($34.27 in chips) 
Seat 4: a4al999 ($15.21 in chips) 
Seat 5: putzkedudu ($19.03 in chips) 
Seat 6: Mahu2021 ($12.05 in chips) 
PaDenV: posts small blind $0.05
Kaybaman708: posts big blind $0.10
*** HOLE CARDS ***
Dealt to Mahu2021 [2c 9d]
a4al999: raises $0.12 to $0.22
putzkedudu: folds 
Mahu2021: folds 
Thiguin9: folds 
PaDenV: folds 
Kaybaman708: folds 
Uncalled bet ($0.12) returned to a4al999
a4al999 collected $0.25 from pot
a4al999: doesn't show hand 
*** SUMMARY ***
Total pot $0.25 | Rake $0 
Seat 1: Thiguin9 (button) folded before Flop (didn't bet)
Seat 2: PaDenV (small blind) folded before Flop
Seat 3: Kaybaman708 (big blind) folded before Flop
Seat 4: a4al999 collected ($0.25)
Seat 5: putzkedudu folded before Flop (didn't bet)
Seat 6: Mahu2021 folded before Flop (didn't bet)



PokerStars Zoom Hand #255785612634:  Hold'em No Limit ($0.05/$0.10) - 2025/04/18 15:54:31 CET [2025/04/18 9:54:31 ET]
Table 'Aludra' 6-max Seat #1 is the button
Seat 1: JustmyMoment ($8.40 in chips) 
Seat 2: pokerstar671 ($6.16 in chips) 
Seat 3: alex.popina ($9.30 in chips) 
Seat 4: Mahu2021 ($12.05 in chips) 
Seat 5: Pataplan ($5.05 in chips) 
Seat 6: Sorathan ($11.33 in chips) 
pokerstar671: posts small blind $0.05
alex.popina: posts big blind $0.10
*** HOLE CARDS ***
Dealt to Mahu2021 [8c 4s]
Mahu2021: folds 
Pataplan: folds 
Sorathan: calls $0.10
JustmyMoment: raises $0.35 to $0.45
pokerstar671: calls $0.40
alex.popina: folds 
Sorathan: folds 
*** FLOP *** [As Ac 5s]
pokerstar671: bets $0.53
JustmyMoment: folds 
Uncalled bet ($0.53) returned to pokerstar671
pokerstar671 collected $1.05 from pot
pokerstar671: doesn't show hand 
*** SUMMARY ***
Total pot $1.10 | Rake $0.05 
Board [As Ac 5s]
Seat 1: JustmyMoment (button) folded on the Flop
Seat 2: pokerstar671 (small blind) collected ($1.05)
Seat 3: alex.popina (big blind) folded before Flop
Seat 4: Mahu2021 folded before Flop (didn't bet)
Seat 5: Pataplan folded before Flop (didn't bet)
Seat 6: Sorathan folded before Flop



PokerStars Zoom Hand #255785616323:  Hold'em No Limit ($0.05/$0.10) - 2025/04/18 15:54:51 CET [2025/04/18 9:54:51 ET]
Table 'Aludra' 6-max Seat #1 is the button
Seat 1: Zutuzutu_90 ($11 in chips) 
Seat 2: humo97 ($20.15 in chips) 
Seat 3: Pataplan ($5 in chips) 
Seat 4: s1307616 ($5.67 in chips) 
Seat 5: Mahu2021 ($12 in chips) 
Seat 6: ScousePro ($11.17 in chips) 
humo97: posts small blind $0.05
Pataplan: posts big blind $0.10
*** HOLE CARDS ***
Dealt to Mahu2021 [Kc 3h]
s1307616: folds 
Mahu2021: raises $0.20 to $0.30
ScousePro: folds 
Zutuzutu_90: folds 
humo97: raises $0.70 to $1
Pataplan: folds 
Mahu2021: folds 
Uncalled bet ($0.70) returned to humo97
humo97 collected $0.70 from pot
humo97: doesn't show hand 
*** SUMMARY ***
Total pot $0.70 | Rake $0 
Seat 1: Zutuzutu_90 (button) folded before Flop (didn't bet)
Seat 2: humo97 (small blind) collected ($0.70)
Seat 3: Pataplan (big blind) folded before Flop
Seat 4: s1307616 folded before Flop (didn't bet)
Seat 5: Mahu2021 folded before Flop
Seat 6: ScousePro folded before Flop (didn't bet)



PokerStars Zoom Hand #255785614146:  Hold'em No Limit ($0.05/$0.10) - 2025/04/18 15:54:39 CET [2025/04/18 9:54:39 ET]
Table 'Aludra' 6-max Seat #1 is the button
Seat 1: Mahu2021 ($12.05 in chips) 
Seat 2: giannissapk ($22.19 in chips) 
Seat 3: Guten3213 ($13.16 in chips) 
Seat 4: kar4tune ($11.87 in chips) 
Seat 5: stefen_mat ($9.90 in chips) 
Seat 6: bulliere ($20.61 in chips) 
giannissapk: posts small blind $0.05
Guten3213: posts big blind $0.10
*** HOLE CARDS ***
Dealt to Mahu2021 [7h 2c]
kar4tune has timed out
kar4tune: folds 
stefen_mat: raises $0.20 to $0.30
bulliere: folds 
Mahu2021: folds 
giannissapk: folds 
Guten3213: folds 
Uncalled bet ($0.20) returned to stefen_mat
stefen_mat collected $0.25 from pot
stefen_mat: doesn't show hand 
*** SUMMARY ***
Total pot $0.25 | Rake $0 
Seat 1: Mahu2021 (button) folded before Flop (didn't bet)
Seat 2: giannissapk (small blind) folded before Flop
Seat 3: Guten3213 (big blind) folded before Flop
Seat 4: kar4tune folded before Flop (didn't bet)
Seat 5: stefen_mat collected ($0.25)
Seat 6: bulliere folded before Flop (didn't bet)



PokerStars Zoom Hand #255785613546:  Hold'em No Limit ($0.05/$0.10) - 2025/04/18 15:54:36 CET [2025/04/18 9:54:36 ET]
Table 'Aludra' 6-max Seat #1 is the button
Seat 1: solaia91 ($12.83 in chips) 
Seat 2: jim.gr450 ($12.96 in chips) 
Seat 3: Strong122 ($17.29 in chips) 
Seat 4: Mahu2021 ($12.05 in chips) 
Seat 5: Thiguin9 ($19.99 in chips) 
Seat 6: kimjw800 ($10.05 in chips) 
jim.gr450: posts small blind $0.05
Strong122: posts big blind $0.10
*** HOLE CARDS ***
Dealt to Mahu2021 [Ac 7d]
Mahu2021: folds 
Thiguin9: folds 
kimjw800: raises $0.13 to $0.23
solaia91: folds 
jim.gr450: folds 
Strong122: calls $0.13
*** FLOP *** [4h 8c Kd]
Strong122: checks 
kimjw800: bets $0.25
Strong122: folds 
Uncalled bet ($0.25) returned to kimjw800
kimjw800 collected $0.49 from pot
kimjw800: doesn't show hand 
*** SUMMARY ***
Total pot $0.51 | Rake $0.02 
Board [4h 8c Kd]
Seat 1: solaia91 (button) folded before Flop (didn't bet)
Seat 2: jim.gr450 (small blind) folded before Flop
Seat 3: Strong122 (big blind) folded on the Flop
Seat 4: Mahu2021 folded before Flop (didn't bet)
Seat 5: Thiguin9 folded before Flop (didn't bet)
Seat 6: kimjw800 collected ($0.49)



PokerStars Zoom Hand #255785620661:  Hold'em No Limit ($0.05/$0.10) - 2025/04/18 15:55:18 CET [2025/04/18 9:55:18 ET]
Table 'Aludra' 6-max Seat #1 is the button
Seat 1: Spawn490 ($12.33 in chips) 
Seat 2: Zutuzutu_90 ($10.94 in chips) 
Seat 3: pokerstar671 ($9.42 in chips) 
Seat 4: SlipperySealion ($14.48 in chips) 
Seat 5: thebuilder86 ($10 in chips) 
Seat 6: Mahu2021 ($11.60 in chips) 
Zutuzutu_90: posts small blind $0.05
pokerstar671: posts big blind $0.10
*** HOLE CARDS ***
Dealt to Mahu2021 [6h 5d]
SlipperySealion: folds 
thebuilder86: folds 
Mahu2021: folds 
Spawn490: folds 
Zutuzutu_90: raises $0.20 to $0.30
pokerstar671: raises $0.60 to $0.90
Zutuzutu_90: folds 
Uncalled bet ($0.60) returned to pokerstar671
pokerstar671 collected $0.60 from pot
pokerstar671: doesn't show hand 
*** SUMMARY ***
Total pot $0.60 | Rake $0 
Seat 1: Spawn490 (button) folded before Flop (didn't bet)
Seat 2: Zutuzutu_90 (small blind) folded before Flop
Seat 3: pokerstar671 (big blind) collected ($0.60)
Seat 4: SlipperySealion folded before Flop (didn't bet)
Seat 5: thebuilder86 folded before Flop (didn't bet)
Seat 6: Mahu2021 folded before Flop (didn't bet)



PokerStars Zoom Hand #255785619804:  Hold'em No Limit ($0.05/$0.10) - 2025/04/18 15:55:12 CET [2025/04/18 9:55:12 ET]
Table 'Aludra' 6-max Seat #1 is the button
Seat 1: giannissapk ($22.14 in chips) 
Seat 2: kar4tune ($11.77 in chips) 
Seat 3: Die8 ($10 in chips) 
Seat 4: Kaybaman708 ($34.12 in chips) 
Seat 5: Mahu2021 ($11.60 in chips) 
Seat 6: Gegê Lima ($11.01 in chips) 
kar4tune: posts small blind $0.05
Die8: posts big blind $0.10
*** HOLE CARDS ***
Dealt to Mahu2021 [Qd 6s]
Kaybaman708: folds 
Mahu2021: folds 
Gegê Lima: folds 
giannissapk: folds 
kar4tune: raises $0.10 to $0.20
Die8: folds 
Uncalled bet ($0.10) returned to kar4tune
kar4tune collected $0.20 from pot
kar4tune: doesn't show hand 
*** SUMMARY ***
Total pot $0.20 | Rake $0 
Seat 1: giannissapk (button) folded before Flop (didn't bet)
Seat 2: kar4tune (small blind) collected ($0.20)
Seat 3: Die8 (big blind) folded before Flop
Seat 4: Kaybaman708 folded before Flop (didn't bet)
Seat 5: Mahu2021 folded before Flop (didn't bet)
Seat 6: Gegê Lima folded before Flop (didn't bet)



PokerStars Zoom Hand #255785618947:  Hold'em No Limit ($0.05/$0.10) - 2025/04/18 15:55:06 CET [2025/04/18 9:55:06 ET]
Table 'Aludra' 6-max Seat #1 is the button
Seat 1: putzkedudu ($10.30 in chips) 
Seat 2: Guten3213 ($13.06 in chips) 
Seat 3: Mahu2021 ($11.70 in chips) 
Seat 4: morethanaverage ($25.78 in chips) 
Seat 5: Che_Koarl ($12.63 in chips) 
Seat 6: humo97 ($21.02 in chips) 
Guten3213: posts small blind $0.05
Mahu2021: posts big blind $0.10
*** HOLE CARDS ***
Dealt to Mahu2021 [9s 5d]
morethanaverage: folds 
Che_Koarl: raises $0.30 to $0.40
humo97: calls $0.40
putzkedudu: folds 
Guten3213: folds 
Mahu2021: folds 
*** FLOP *** [2h Tc 8s]
Che_Koarl: bets $0.60
humo97: calls $0.60
*** TURN *** [2h Tc 8s] [Kh]
Che_Koarl: bets $1.35
humo97: calls $1.35
*** RIVER *** [2h Tc 8s Kh] [3s]
Che_Koarl: bets $2.56
humo97: folds 
Uncalled bet ($2.56) returned to Che_Koarl
Che_Koarl collected $4.63 from pot
Che_Koarl: doesn't show hand 
*** SUMMARY ***
Total pot $4.85 | Rake $0.22 
Board [2h Tc 8s Kh 3s]
Seat 1: putzkedudu (button) folded before Flop (didn't bet)
Seat 2: Guten3213 (small blind) folded before Flop
Seat 3: Mahu2021 (big blind) folded before Flop
Seat 4: morethanaverage folded before Flop (didn't bet)
Seat 5: Che_Koarl collected ($4.63)
Seat 6: humo97 folded on the River



PokerStars Zoom Hand #255785621139:  Hold'em No Limit ($0.05/$0.10) - 2025/04/18 15:55:21 CET [2025/04/18 9:55:21 ET]
Table 'Aludra' 6-max Seat #1 is the button
Seat 1: SlipperySealion ($14.48 in chips) 
Seat 2: Mahu2021 ($11.60 in chips) 
Seat 3: Kaybaman708 ($34.12 in chips) 
Seat 4: ALPHA REBEL ($11.44 in chips) 
Seat 5: a4al999 ($15.45 in chips) 
Seat 6: Guten3213 ($13.01 in chips) 
Mahu2021: posts small blind $0.05
Kaybaman708: posts big blind $0.10
*** HOLE CARDS ***
Dealt to Mahu2021 [9s Ks]
ALPHA REBEL: folds 
a4al999: folds 
Guten3213: folds 
SlipperySealion: raises $0.15 to $0.25
Mahu2021: calls $0.20
Kaybaman708: folds 
*** FLOP *** [Td 5c 4s]
Mahu2021: checks 
SlipperySealion: bets $0.38
Mahu2021: folds 
Uncalled bet ($0.38) returned to SlipperySealion
SlipperySealion collected $0.57 from pot
SlipperySealion: doesn't show hand 
*** SUMMARY ***
Total pot $0.60 | Rake $0.03 
Board [Td 5c 4s]
Seat 1: SlipperySealion (button) collected ($0.57)
Seat 2: Mahu2021 (small blind) folded on the Flop
Seat 3: Kaybaman708 (big blind) folded before Flop
Seat 4: ALPHA REBEL folded before Flop (didn't bet)
Seat 5: a4al999 folded before Flop (didn't bet)
Seat 6: Guten3213 folded before Flop (didn't bet)



PokerStars Zoom Hand #255785615737:  Hold'em No Limit ($0.05/$0.10) - 2025/04/18 15:54:48 CET [2025/04/18 9:54:48 ET]
Table 'Aludra' 6-max Seat #1 is the button
Seat 1: kimjw800 ($11.78 in chips) 
Seat 2: Mahu2021 ($12.05 in chips) 
Seat 3: honEybOOx ($13.17 in chips) 
Seat 4: Bestology ($11.49 in chips) 
Seat 5: s1307616 ($5.67 in chips) 
Seat 6: Alistair4567 ($25.88 in chips) 
Mahu2021: posts small blind $0.05
honEybOOx: posts big blind $0.10
*** HOLE CARDS ***
Dealt to Mahu2021 [Jh 2s]
Bestology: raises $0.10 to $0.20
s1307616: folds 
Alistair4567: calls $0.20
kimjw800: folds 
Mahu2021: folds 
honEybOOx: calls $0.10
*** FLOP *** [3d 2c 4h]
honEybOOx: checks 
Bestology: bets $0.62
Alistair4567: folds 
honEybOOx: raises $1.18 to $1.80
Bestology: calls $1.18
*** TURN *** [3d 2c 4h] [As]
honEybOOx: bets $2.20
Bestology: raises $7.20 to $9.40
honEybOOx: raises $1.77 to $11.17 and is all-in
Bestology: calls $0.09 and is all-in
Uncalled bet ($1.68) returned to honEybOOx
*** RIVER *** [3d 2c 4h As] [4s]
*** SHOW DOWN ***
honEybOOx: shows [6c 5d] (a straight, Deuce to Six)
Bestology: shows [2d Ad] (two pair, Aces and Fours)
honEybOOx collected $21.92 from pot
*** SUMMARY ***
Total pot $23.23 | Rake $1.31 
Board [3d 2c 4h As 4s]
Seat 1: kimjw800 (button) folded before Flop (didn't bet)
Seat 2: Mahu2021 (small blind) folded before Flop
Seat 3: honEybOOx (big blind) showed [6c 5d] and won ($21.92) with a straight, Deuce to Six
Seat 4: Bestology showed [2d Ad] and lost with two pair, Aces and Fours
Seat 5: s1307616 folded before Flop (didn't bet)
Seat 6: Alistair4567 folded on the Flop



PokerStars Zoom Hand #255785627672:  Hold'em No Limit ($0.05/$0.10) - 2025/04/18 15:56:07 CET [2025/04/18 9:56:07 ET]
Table 'Aludra' 6-max Seat #1 is the button
Seat 1: seignior ($10 in chips) 
Seat 2: giannissapk ($12.77 in chips) 
Seat 3: kar4tune ($11.87 in chips) 
Seat 4: Mahu2021 ($11.35 in chips) 
Seat 5: stefen_mat ($9.90 in chips) 
Seat 6: TreeTreeTreeAA ($10 in chips) 
giannissapk: posts small blind $0.05
kar4tune: posts big blind $0.10
*** HOLE CARDS ***
Dealt to Mahu2021 [4h 4s]
Mahu2021: raises $0.20 to $0.30
stefen_mat: folds 
TreeTreeTreeAA: folds 
seignior: folds 
giannissapk: folds 
kar4tune: folds 
Uncalled bet ($0.20) returned to Mahu2021
Mahu2021 collected $0.25 from pot
Mahu2021: doesn't show hand 
*** SUMMARY ***
Total pot $0.25 | Rake $0 
Seat 1: seignior (button) folded before Flop (didn't bet)
Seat 2: giannissapk (small blind) folded before Flop
Seat 3: kar4tune (big blind) folded before Flop
Seat 4: Mahu2021 collected ($0.25)
Seat 5: stefen_mat folded before Flop (didn't bet)
Seat 6: TreeTreeTreeAA folded before Flop (didn't bet)



PokerStars Zoom Hand #255785627082:  Hold'em No Limit ($0.05/$0.10) - 2025/04/18 15:56:03 CET [2025/04/18 9:56:03 ET]
Table 'Aludra' 6-max Seat #1 is the button
Seat 1: Mahu2021 ($11.35 in chips) 
Seat 2: pokerstar671 ($9.42 in chips) 
Seat 3: ScousePro ($11.42 in chips) 
Seat 4: Kaybaman708 ($33.97 in chips) 
Seat 5: 3rdguess ($10 in chips) 
Seat 6: putzkedudu ($19.26 in chips) 
pokerstar671: posts small blind $0.05
ScousePro: posts big blind $0.10
*** HOLE CARDS ***
Dealt to Mahu2021 [8s Qc]
Kaybaman708: folds 
3rdguess: folds 
putzkedudu: raises $0.10 to $0.20
Mahu2021: folds 
pokerstar671: folds 
ScousePro: calls $0.10
*** FLOP *** [2c 6s 7s]
ScousePro: checks 
putzkedudu: bets $0.11
ScousePro: folds 
Uncalled bet ($0.11) returned to putzkedudu
putzkedudu collected $0.43 from pot
putzkedudu: doesn't show hand 
*** SUMMARY ***
Total pot $0.45 | Rake $0.02 
Board [2c 6s 7s]
Seat 1: Mahu2021 (button) folded before Flop (didn't bet)
Seat 2: pokerstar671 (small blind) folded before Flop
Seat 3: ScousePro (big blind) folded on the Flop
Seat 4: Kaybaman708 folded before Flop (didn't bet)
Seat 5: 3rdguess folded before Flop (didn't bet)
Seat 6: putzkedudu collected ($0.43)



PokerStars Zoom Hand #255785629942:  Hold'em No Limit ($0.05/$0.10) - 2025/04/18 15:56:23 CET [2025/04/18 9:56:23 ET]
Table 'Aludra' 6-max Seat #1 is the button
Seat 1: Kaybaman708 ($44.53 in chips) 
Seat 2: lucas-fmtm ($20.48 in chips) 
Seat 3: Dungwish ($10 in chips) 
Seat 4: dochaaa ($10.05 in chips) 
Seat 5: morethanaverage ($25.63 in chips) 
Seat 6: Mahu2021 ($11.50 in chips) 
lucas-fmtm: posts small blind $0.05
Dungwish: posts big blind $0.10
*** HOLE CARDS ***
Dealt to Mahu2021 [9h 2s]
dochaaa: folds 
morethanaverage: folds 
Mahu2021: folds 
Kaybaman708: raises $0.15 to $0.25
lucas-fmtm: folds 
Dungwish: folds 
Uncalled bet ($0.15) returned to Kaybaman708
Kaybaman708 collected $0.25 from pot
Kaybaman708: doesn't show hand 
*** SUMMARY ***
Total pot $0.25 | Rake $0 
Seat 1: Kaybaman708 (button) collected ($0.25)
Seat 2: lucas-fmtm (small blind) folded before Flop
Seat 3: Dungwish (big blind) folded before Flop
Seat 4: dochaaa folded before Flop (didn't bet)
Seat 5: morethanaverage folded before Flop (didn't bet)
Seat 6: Mahu2021 folded before Flop (didn't bet)



PokerStars Zoom Hand #255785632338:  Hold'em No Limit ($0.05/$0.10) - 2025/04/18 15:56:39 CET [2025/04/18 9:56:39 ET]
Table 'Aludra' 6-max Seat #1 is the button
Seat 1: GymStefani ($9.22 in chips) 
Seat 2: morethanaverage ($25.63 in chips) 
Seat 3: BilaTserkva00 ($10 in chips) 
Seat 4: Mahu2021 ($11.50 in chips) 
Seat 5: bulliere ($20.90 in chips) 
Seat 6: Die8 ($10.17 in chips) 
morethanaverage: posts small blind $0.05
BilaTserkva00: posts big blind $0.10
*** HOLE CARDS ***
Dealt to Mahu2021 [Jd 6c]
Mahu2021: folds 
bulliere: folds 
Die8: raises $0.16 to $0.26
GymStefani: folds 
morethanaverage: folds 
BilaTserkva00: folds 
Uncalled bet ($0.16) returned to Die8
Die8 collected $0.25 from pot
Die8: doesn't show hand 
*** SUMMARY ***
Total pot $0.25 | Rake $0 
Seat 1: GymStefani (button) folded before Flop (didn't bet)
Seat 2: morethanaverage (small blind) folded before Flop
Seat 3: BilaTserkva00 (big blind) folded before Flop
Seat 4: Mahu2021 folded before Flop (didn't bet)
Seat 5: bulliere folded before Flop (didn't bet)
Seat 6: Die8 collected ($0.25)



PokerStars Zoom Hand #255785632850:  Hold'em No Limit ($0.05/$0.10) - 2025/04/18 15:56:43 CET [2025/04/18 9:56:43 ET]
Table 'Aludra' 6-max Seat #1 is the button
Seat 1: Luca1234m146 ($14.12 in chips) 
Seat 2: lucas-fmtm ($13.19 in chips) 
Seat 3: Mahu2021 ($11.50 in chips) 
Seat 4: chueko148 ($4.37 in chips) 
Seat 5: putzkedudu ($10.32 in chips) 
Seat 6: Guten3213 ($10 in chips) 
lucas-fmtm: posts small blind $0.05
Mahu2021: posts big blind $0.10
*** HOLE CARDS ***
Dealt to Mahu2021 [Ks Ts]
chueko148: folds 
putzkedudu: folds 
Guten3213: folds 
Luca1234m146: raises $0.15 to $0.25
lucas-fmtm: folds 
Mahu2021: calls $0.15
*** FLOP *** [7d 8d 6c]
Mahu2021: checks 
Luca1234m146: checks 
*** TURN *** [7d 8d 6c] [4c]
Mahu2021: bets $0.30
Luca1234m146: raises $0.50 to $0.80
Mahu2021: folds 
Uncalled bet ($0.50) returned to Luca1234m146
Luca1234m146 collected $1.10 from pot
Luca1234m146: doesn't show hand 
*** SUMMARY ***
Total pot $1.15 | Rake $0.05 
Board [7d 8d 6c 4c]
Seat 1: Luca1234m146 (button) collected ($1.10)
Seat 2: lucas-fmtm (small blind) folded before Flop
Seat 3: Mahu2021 (big blind) folded on the Turn
Seat 4: chueko148 folded before Flop (didn't bet)
Seat 5: putzkedudu folded before Flop (didn't bet)
Seat 6: Guten3213 folded before Flop (didn't bet)



PokerStars Zoom Hand #255785640585:  Hold'em No Limit ($0.05/$0.10) - 2025/04/18 15:57:37 CET [2025/04/18 9:57:37 ET]
Table 'Aludra' 6-max Seat #1 is the button
Seat 1: putzkedudu ($10.17 in chips) 
Seat 2: giannissapk ($13.95 in chips) 
Seat 3: ALPHA REBEL ($13.37 in chips) 
Seat 4: Dungwish ($10 in chips) 
Seat 5: Mahu2021 ($10.90 in chips) 
Seat 6: ScousePro ($12.44 in chips) 
giannissapk: posts small blind $0.05
ALPHA REBEL: posts big blind $0.10
*** HOLE CARDS ***
Dealt to Mahu2021 [Ah 6h]
Dungwish: folds 
Mahu2021: raises $0.20 to $0.30
ScousePro: folds 
putzkedudu: folds 
giannissapk: raises $0.90 to $1.20
ALPHA REBEL: folds 
Mahu2021: folds 
Uncalled bet ($0.90) returned to giannissapk
giannissapk collected $0.70 from pot
giannissapk: doesn't show hand 
*** SUMMARY ***
Total pot $0.70 | Rake $0 
Seat 1: putzkedudu (button) folded before Flop (didn't bet)
Seat 2: giannissapk (small blind) collected ($0.70)
Seat 3: ALPHA REBEL (big blind) folded before Flop
Seat 4: Dungwish folded before Flop (didn't bet)
Seat 5: Mahu2021 folded before Flop
Seat 6: ScousePro folded before Flop (didn't bet)



PokerStars Zoom Hand #255785639712:  Hold'em No Limit ($0.05/$0.10) - 2025/04/18 15:57:31 CET [2025/04/18 9:57:31 ET]
Table 'Aludra' 6-max Seat #1 is the button
Seat 1: Mahu2021 ($10.90 in chips) 
Seat 2: Gegê Lima ($15.33 in chips) 
Seat 3: Zutuzutu_90 ($9.34 in chips) 
Seat 4: putzkedudu ($10.17 in chips) 
Seat 5: giannissapk ($13.95 in chips) 
Seat 6: JustmyMoment ($8.39 in chips) 
Gegê Lima: posts small blind $0.05
Zutuzutu_90: posts big blind $0.10
*** HOLE CARDS ***
Dealt to Mahu2021 [4s Jh]
putzkedudu: folds 
giannissapk: folds 
JustmyMoment: raises $0.25 to $0.35
Mahu2021: folds 
Gegê Lima: folds 
Zutuzutu_90: raises $0.65 to $1
JustmyMoment: calls $0.65
*** FLOP *** [9s 8d Jc]
Zutuzutu_90: bets $1.29
JustmyMoment: folds 
Uncalled bet ($1.29) returned to Zutuzutu_90
Zutuzutu_90 collected $1.94 from pot
Zutuzutu_90: doesn't show hand 
*** SUMMARY ***
Total pot $2.05 | Rake $0.11 
Board [9s 8d Jc]
Seat 1: Mahu2021 (button) folded before Flop (didn't bet)
Seat 2: Gegê Lima (small blind) folded before Flop
Seat 3: Zutuzutu_90 (big blind) collected ($1.94)
Seat 4: putzkedudu folded before Flop (didn't bet)
Seat 5: giannissapk folded before Flop (didn't bet)
Seat 6: JustmyMoment folded on the Flop



PokerStars Zoom Hand #255785642690:  Hold'em No Limit ($0.05/$0.10) - 2025/04/18 15:57:52 CET [2025/04/18 9:57:52 ET]
Table 'Aludra' 6-max Seat #1 is the button
Seat 1: ScousePro ($10 in chips) 
Seat 2: jim.gr450 ($29.13 in chips) 
Seat 3: Mahu2021 ($10.60 in chips) 
Seat 4: Pimpen6996 ($8.01 in chips) 
Seat 5: 777zloba777 ($13.54 in chips) 
Seat 6: ALPHA REBEL ($13.22 in chips) 
jim.gr450: posts small blind $0.05
Mahu2021: posts big blind $0.10
*** HOLE CARDS ***
Dealt to Mahu2021 [3h 8c]
Pimpen6996: folds 
777zloba777: folds 
ALPHA REBEL: raises $0.15 to $0.25
ScousePro: folds 
jim.gr450: raises $0.75 to $1
Mahu2021: folds 
ALPHA REBEL: folds 
Uncalled bet ($0.75) returned to jim.gr450
jim.gr450 collected $0.60 from pot
jim.gr450: doesn't show hand 
*** SUMMARY ***
Total pot $0.60 | Rake $0 
Seat 1: ScousePro (button) folded before Flop (didn't bet)
Seat 2: jim.gr450 (small blind) collected ($0.60)
Seat 3: Mahu2021 (big blind) folded before Flop
Seat 4: Pimpen6996 folded before Flop (didn't bet)
Seat 5: 777zloba777 folded before Flop (didn't bet)
Seat 6: ALPHA REBEL folded before Flop



PokerStars Zoom Hand #255785643501:  Hold'em No Limit ($0.05/$0.10) - 2025/04/18 15:57:57 CET [2025/04/18 9:57:57 ET]
Table 'Aludra' 6-max Seat #1 is the button
Seat 1: giannissapk ($10.25 in chips) 
Seat 2: DanCoxell05 ($8.20 in chips) 
Seat 3: putzkedudu ($10.12 in chips) 
Seat 4: jivko7171 ($13.22 in chips) 
Seat 5: Mahu2021 ($10.50 in chips) 
Seat 6: UNKNOWN_x_13 ($4.65 in chips) 
DanCoxell05: posts small blind $0.05
putzkedudu: posts big blind $0.10
*** HOLE CARDS ***
Dealt to Mahu2021 [Kd 9h]
jivko7171: folds 
Mahu2021: folds 
UNKNOWN_x_13: folds 
giannissapk: folds 
DanCoxell05: raises $0.15 to $0.25
putzkedudu: folds 
Uncalled bet ($0.15) returned to DanCoxell05
DanCoxell05 collected $0.20 from pot
DanCoxell05: doesn't show hand 
*** SUMMARY ***
Total pot $0.20 | Rake $0 
Seat 1: giannissapk (button) folded before Flop (didn't bet)
Seat 2: DanCoxell05 (small blind) collected ($0.20)
Seat 3: putzkedudu (big blind) folded before Flop
Seat 4: jivko7171 folded before Flop (didn't bet)
Seat 5: Mahu2021 folded before Flop (didn't bet)
Seat 6: UNKNOWN_x_13 folded before Flop (didn't bet)



PokerStars Zoom Hand #255785644032:  Hold'em No Limit ($0.05/$0.10) - 2025/04/18 15:58:01 CET [2025/04/18 9:58:01 ET]
Table 'Aludra' 6-max Seat #1 is the button
Seat 1: dochaaa ($10.23 in chips) 
Seat 2: UNKNOWN_x_13 ($5 in chips) 
Seat 3: Alistair4567 ($12.12 in chips) 
Seat 4: MagicMasc ($9.95 in chips) 
Seat 5: giannissapk ($11.92 in chips) 
Seat 6: Mahu2021 ($10.50 in chips) 
UNKNOWN_x_13: posts small blind $0.05
Alistair4567: posts big blind $0.10
*** HOLE CARDS ***
Dealt to Mahu2021 [Kd Ad]
MagicMasc: raises $0.18 to $0.28
giannissapk: folds 
Mahu2021: raises $0.82 to $1.10
dochaaa: folds 
UNKNOWN_x_13: folds 
Alistair4567: folds 
MagicMasc: folds 
Uncalled bet ($0.82) returned to Mahu2021
Mahu2021 collected $0.71 from pot
Mahu2021: doesn't show hand 
*** SUMMARY ***
Total pot $0.71 | Rake $0 
Seat 1: dochaaa (button) folded before Flop (didn't bet)
Seat 2: UNKNOWN_x_13 (small blind) folded before Flop
Seat 3: Alistair4567 (big blind) folded before Flop
Seat 4: MagicMasc folded before Flop
Seat 5: giannissapk folded before Flop (didn't bet)
Seat 6: Mahu2021 collected ($0.71)



PokerStars Zoom Hand #255785639002:  Hold'em No Limit ($0.05/$0.10) - 2025/04/18 15:57:26 CET [2025/04/18 9:57:26 ET]
Table 'Aludra' 6-max Seat #1 is the button
Seat 1: kakaroto249 ($10 in chips) 
Seat 2: Mahu2021 ($10.95 in chips) 
Seat 3: thebuilder86 ($15.67 in chips) 
Seat 4: strashilisht ($11.43 in chips) 
Seat 5: kar4tune ($15.07 in chips) 
Seat 6: Luca1234m146 ($14.67 in chips) 
Mahu2021: posts small blind $0.05
thebuilder86: posts big blind $0.10
*** HOLE CARDS ***
Dealt to Mahu2021 [4h 9c]
strashilisht: folds 
kar4tune: raises $0.10 to $0.20
Luca1234m146: calls $0.20
kakaroto249: calls $0.20
Mahu2021: folds 
thebuilder86: folds 
*** FLOP *** [5c Ts Jh]
kar4tune: checks 
Luca1234m146: checks 
kakaroto249: checks 
*** TURN *** [5c Ts Jh] [4s]
kar4tune: checks 
Luca1234m146: checks 
kakaroto249: checks 
*** RIVER *** [5c Ts Jh 4s] [Qd]
kar4tune: checks 
Luca1234m146: checks 
kakaroto249: checks 
*** SHOW DOWN ***
kar4tune: shows [9d Jd] (a pair of Jacks)
Luca1234m146: mucks hand 
kakaroto249: mucks hand 
kar4tune collected $0.72 from pot
*** SUMMARY ***
Total pot $0.75 | Rake $0.03 
Board [5c Ts Jh 4s Qd]
Seat 1: kakaroto249 (button) mucked [7h Ah]
Seat 2: Mahu2021 (small blind) folded before Flop
Seat 3: thebuilder86 (big blind) folded before Flop
Seat 4: strashilisht folded before Flop (didn't bet)
Seat 5: kar4tune showed [9d Jd] and won ($0.72) with a pair of Jacks
Seat 6: Luca1234m146 mucked [3c 3d]



PokerStars Zoom Hand #255785647070:  Hold'em No Limit ($0.05/$0.10) - 2025/04/18 15:58:22 CET [2025/04/18 9:58:22 ET]
Table 'Aludra' 6-max Seat #1 is the button
Seat 1: BilaTserkva00 ($10 in chips) 
Seat 2: Mahu2021 ($10.93 in chips) 
Seat 3: Kaybaman708 ($14.55 in chips) 
Seat 4: bulliere ($20.78 in chips) 
Seat 5: Pataplan ($4.45 in chips) 
Seat 6: van6ka89 ($13.55 in chips) 
Mahu2021: posts small blind $0.05
Kaybaman708: posts big blind $0.10
*** HOLE CARDS ***
Dealt to Mahu2021 [8c 7s]
bulliere: folds 
Pataplan: folds 
van6ka89: folds 
BilaTserkva00: raises $0.15 to $0.25
Mahu2021: folds 
Kaybaman708: folds 
Uncalled bet ($0.15) returned to BilaTserkva00
BilaTserkva00 collected $0.25 from pot
BilaTserkva00: doesn't show hand 
*** SUMMARY ***
Total pot $0.25 | Rake $0 
Seat 1: BilaTserkva00 (button) collected ($0.25)
Seat 2: Mahu2021 (small blind) folded before Flop
Seat 3: Kaybaman708 (big blind) folded before Flop
Seat 4: bulliere folded before Flop (didn't bet)
Seat 5: Pataplan folded before Flop (didn't bet)
Seat 6: van6ka89 folded before Flop (didn't bet)



PokerStars Zoom Hand #255785647959:  Hold'em No Limit ($0.05/$0.10) - 2025/04/18 15:58:29 CET [2025/04/18 9:58:29 ET]
Table 'Aludra' 6-max Seat #1 is the button
Seat 1: van6ka89 ($13.55 in chips) 
Seat 2: seignior ($10.15 in chips) 
Seat 3: Mahu2021 ($10.88 in chips) 
Seat 4: 777zloba777 ($10.12 in chips) 
Seat 5: Alistair4567 ($24.60 in chips) 
Seat 6: Die8 ($11.11 in chips) 
seignior: posts small blind $0.05
Mahu2021: posts big blind $0.10
*** HOLE CARDS ***
Dealt to Mahu2021 [4s 2d]
777zloba777: folds 
Alistair4567: folds 
Die8: raises $0.16 to $0.26
van6ka89: folds 
seignior: folds 
Mahu2021: folds 
Uncalled bet ($0.16) returned to Die8
Die8 collected $0.25 from pot
Die8: doesn't show hand 
*** SUMMARY ***
Total pot $0.25 | Rake $0 
Seat 1: van6ka89 (button) folded before Flop (didn't bet)
Seat 2: seignior (small blind) folded before Flop
Seat 3: Mahu2021 (big blind) folded before Flop
Seat 4: 777zloba777 folded before Flop (didn't bet)
Seat 5: Alistair4567 folded before Flop (didn't bet)
Seat 6: Die8 collected ($0.25)



PokerStars Zoom Hand #255785649688:  Hold'em No Limit ($0.05/$0.10) - 2025/04/18 15:58:40 CET [2025/04/18 9:58:40 ET]
Table 'Aludra' 6-max Seat #1 is the button
Seat 1: Die8 ($16.67 in chips) 
Seat 2: cal9091 ($9.78 in chips) 
Seat 3: dochaaa ($10 in chips) 
Seat 4: Mahu2021 ($10.78 in chips) 
Seat 5: TreeTreeTreeAA ($11.08 in chips) 
Seat 6: RD27MR ($19.38 in chips) 
cal9091: posts small blind $0.05
dochaaa: posts big blind $0.10
*** HOLE CARDS ***
Dealt to Mahu2021 [Jc Qc]
Mahu2021: raises $0.10 to $0.20
TreeTreeTreeAA: folds 
RD27MR: calls $0.20
Die8: raises $0.75 to $0.95
cal9091: folds 
dochaaa: folds 
Mahu2021: calls $0.75
RD27MR: calls $0.75
*** FLOP *** [2s Ks Qd]
Mahu2021: checks 
RD27MR: checks 
Die8: checks 
*** TURN *** [2s Ks Qd] [Ac]
Mahu2021: checks 
RD27MR: checks 
Die8: bets $1.91
Mahu2021: folds 
RD27MR: calls $1.91
*** RIVER *** [2s Ks Qd Ac] [9h]
RD27MR: checks 
Die8: checks 
*** SHOW DOWN ***
RD27MR: shows [As Td] (a pair of Aces)
Die8: mucks hand 
RD27MR collected $6.51 from pot
*** SUMMARY ***
Total pot $6.82 | Rake $0.31 
Board [2s Ks Qd Ac 9h]
Seat 1: Die8 (button) mucked [Tc Th]
Seat 2: cal9091 (small blind) folded before Flop
Seat 3: dochaaa (big blind) folded before Flop
Seat 4: Mahu2021 folded on the Turn
Seat 5: TreeTreeTreeAA folded before Flop (didn't bet)
Seat 6: RD27MR showed [As Td] and won ($6.51) with a pair of Aces



PokerStars Zoom Hand #255785655148:  Hold'em No Limit ($0.05/$0.10) - 2025/04/18 15:59:18 CET [2025/04/18 9:59:18 ET]
Table 'Aludra' 6-max Seat #1 is the button
Seat 1: steveroo ($9.70 in chips) 
Seat 2: GymStefani ($9.54 in chips) 
Seat 3: BilaTserkva00 ($10 in chips) 
Seat 4: Mahu2021 ($9.83 in chips) 
Seat 5: thebuilder86 ($16.09 in chips) 
Seat 6: ninugaf ($27.85 in chips) 
GymStefani: posts small blind $0.05
BilaTserkva00: posts big blind $0.10
*** HOLE CARDS ***
Dealt to Mahu2021 [4c 6c]
Mahu2021: folds 
thebuilder86: folds 
ninugaf: folds 
steveroo: folds 
GymStefani: raises $0.20 to $0.30
BilaTserkva00: folds 
Uncalled bet ($0.20) returned to GymStefani
GymStefani collected $0.20 from pot
GymStefani: doesn't show hand 
*** SUMMARY ***
Total pot $0.20 | Rake $0 
Seat 1: steveroo (button) folded before Flop (didn't bet)
Seat 2: GymStefani (small blind) collected ($0.20)
Seat 3: BilaTserkva00 (big blind) folded before Flop
Seat 4: Mahu2021 folded before Flop (didn't bet)
Seat 5: thebuilder86 folded before Flop (didn't bet)
Seat 6: ninugaf folded before Flop (didn't bet)



PokerStars Zoom Hand #255785657081:  Hold'em No Limit ($0.05/$0.10) - 2025/04/18 15:59:31 CET [2025/04/18 9:59:31 ET]
Table 'Aludra' 6-max Seat #1 is the button
Seat 1: DJC1922 ($3.95 in chips) 
Seat 2: Mahu2021 ($9.83 in chips) 
Seat 3: respectedD888 ($10 in chips) 
Seat 4: Thiguin9 ($11.74 in chips) 
Seat 5: 777zloba777 ($10.15 in chips) 
Seat 6: Dungwish ($10 in chips) 
Mahu2021: posts small blind $0.05
respectedD888: posts big blind $0.10
*** HOLE CARDS ***
Dealt to Mahu2021 [9d Tc]
Thiguin9: folds 
777zloba777: raises $0.15 to $0.25
Dungwish: folds 
DJC1922: folds 
Mahu2021: folds 
respectedD888: folds 
Uncalled bet ($0.15) returned to 777zloba777
777zloba777 collected $0.25 from pot
777zloba777: doesn't show hand 
*** SUMMARY ***
Total pot $0.25 | Rake $0 
Seat 1: DJC1922 (button) folded before Flop (didn't bet)
Seat 2: Mahu2021 (small blind) folded before Flop
Seat 3: respectedD888 (big blind) folded before Flop
Seat 4: Thiguin9 folded before Flop (didn't bet)
Seat 5: 777zloba777 collected ($0.25)
Seat 6: Dungwish folded before Flop (didn't bet)



PokerStars Zoom Hand #255785649120:  Hold'em No Limit ($0.05/$0.10) - 2025/04/18 15:58:36 CET [2025/04/18 9:58:36 ET]
Table 'Aludra' 6-max Seat #1 is the button
Seat 1: Mahu2021 ($10.78 in chips) 
Seat 2: a4al999 ($18.57 in chips) 
Seat 3: Thiguin9 ($20.21 in chips) 
Seat 4: thebuilder86 ($10.17 in chips) 
Seat 5: seignior ($10.10 in chips) 
Seat 6: Hazooka ($10.84 in chips) 
a4al999: posts small blind $0.05
Thiguin9: posts big blind $0.10
*** HOLE CARDS ***
Dealt to Mahu2021 [2s Qh]
thebuilder86: raises $0.20 to $0.30
seignior: folds 
Hazooka: raises $0.50 to $0.80
Mahu2021: folds 
a4al999: folds 
Thiguin9: folds 
thebuilder86: calls $0.50
*** FLOP *** [2d 2c 5h]
thebuilder86: checks 
Hazooka: checks 
*** TURN *** [2d 2c 5h] [6s]
thebuilder86: bets $0.84
Hazooka: calls $0.84
*** RIVER *** [2d 2c 5h 6s] [6d]
thebuilder86: checks 
Hazooka: checks 
*** SHOW DOWN ***
thebuilder86: shows [9h 9d] (two pair, Nines and Sixes)
Hazooka: mucks hand 
thebuilder86 collected $3.28 from pot
*** SUMMARY ***
Total pot $3.43 | Rake $0.15 
Board [2d 2c 5h 6s 6d]
Seat 1: Mahu2021 (button) folded before Flop (didn't bet)
Seat 2: a4al999 (small blind) folded before Flop
Seat 3: Thiguin9 (big blind) folded before Flop
Seat 4: thebuilder86 showed [9h 9d] and won ($3.28) with two pair, Nines and Sixes
Seat 5: seignior folded before Flop (didn't bet)
Seat 6: Hazooka mucked [Ad Qs]



PokerStars Zoom Hand #255785658606:  Hold'em No Limit ($0.05/$0.10) - 2025/04/18 15:59:42 CET [2025/04/18 9:59:42 ET]
Table 'Aludra' 6-max Seat #1 is the button
Seat 1: UNKNOWN_x_13 ($6.71 in chips) 
Seat 2: humo97 ($19.86 in chips) 
Seat 3: giannissapk ($14.20 in chips) 
Seat 4: katiazai12 ($5.53 in chips) 
Seat 5: Mahu2021 ($9.78 in chips) 
Seat 6: Kaybaman708 ($28.76 in chips) 
humo97: posts small blind $0.05
giannissapk: posts big blind $0.10
*** HOLE CARDS ***
Dealt to Mahu2021 [6h Qd]
katiazai12: raises $0.10 to $0.20
Mahu2021: folds 
Kaybaman708: folds 
UNKNOWN_x_13: folds 
humo97: folds 
giannissapk: folds 
Uncalled bet ($0.10) returned to katiazai12
katiazai12 collected $0.25 from pot
katiazai12: doesn't show hand 
*** SUMMARY ***
Total pot $0.25 | Rake $0 
Seat 1: UNKNOWN_x_13 (button) folded before Flop (didn't bet)
Seat 2: humo97 (small blind) folded before Flop
Seat 3: giannissapk (big blind) folded before Flop
Seat 4: katiazai12 collected ($0.25)
Seat 5: Mahu2021 folded before Flop (didn't bet)
Seat 6: Kaybaman708 folded before Flop (didn't bet)



PokerStars Zoom Hand #255785659812:  Hold'em No Limit ($0.05/$0.10) - 2025/04/18 15:59:50 CET [2025/04/18 9:59:50 ET]
Table 'Aludra' 6-max Seat #1 is the button
Seat 1: Mahu2021 ($9.78 in chips) 
Seat 2: Kaybaman708 ($44.23 in chips) 
Seat 3: tattoodtom12 ($13.90 in chips) 
Seat 4: giannissapk ($14.10 in chips) 
Seat 5: BilaTserkva00 ($10 in chips) 
Seat 6: bulliere ($20.33 in chips) 
Kaybaman708: posts small blind $0.05
tattoodtom12: posts big blind $0.10
*** HOLE CARDS ***
Dealt to Mahu2021 [4h Kd]
giannissapk: folds 
BilaTserkva00: folds 
bulliere: folds 
Mahu2021: folds 
Kaybaman708: folds 
Uncalled bet ($0.05) returned to tattoodtom12
tattoodtom12 collected $0.10 from pot
tattoodtom12: doesn't show hand 
*** SUMMARY ***
Total pot $0.10 | Rake $0 
Seat 1: Mahu2021 (button) folded before Flop (didn't bet)
Seat 2: Kaybaman708 (small blind) folded before Flop
Seat 3: tattoodtom12 (big blind) collected ($0.10)
Seat 4: giannissapk folded before Flop (didn't bet)
Seat 5: BilaTserkva00 folded before Flop (didn't bet)
Seat 6: bulliere folded before Flop (didn't bet)



PokerStars Zoom Hand #255785660369:  Hold'em No Limit ($0.05/$0.10) - 2025/04/18 15:59:54 CET [2025/04/18 9:59:54 ET]
Table 'Aludra' 6-max Seat #1 is the button
Seat 1: Kaybaman708 ($44.18 in chips) 
Seat 2: 777zloba777 ($10.20 in chips) 
Seat 3: Dungwish ($13.99 in chips) 
Seat 4: katiazai12 ($5.68 in chips) 
Seat 5: strashilisht ($13.13 in chips) 
Seat 6: Mahu2021 ($9.78 in chips) 
777zloba777: posts small blind $0.05
Dungwish: posts big blind $0.10
*** HOLE CARDS ***
Dealt to Mahu2021 [5c 4d]
katiazai12: folds 
strashilisht: folds 
Mahu2021: folds 
Kaybaman708: raises $0.15 to $0.25
777zloba777: folds 
Dungwish: folds 
Uncalled bet ($0.15) returned to Kaybaman708
Kaybaman708 collected $0.25 from pot
Kaybaman708: doesn't show hand 
*** SUMMARY ***
Total pot $0.25 | Rake $0 
Seat 1: Kaybaman708 (button) collected ($0.25)
Seat 2: 777zloba777 (small blind) folded before Flop
Seat 3: Dungwish (big blind) folded before Flop
Seat 4: katiazai12 folded before Flop (didn't bet)
Seat 5: strashilisht folded before Flop (didn't bet)
Seat 6: Mahu2021 folded before Flop (didn't bet)



PokerStars Zoom Hand #255785655807:  Hold'em No Limit ($0.05/$0.10) - 2025/04/18 15:59:22 CET [2025/04/18 9:59:22 ET]
Table 'Aludra' 6-max Seat #1 is the button
Seat 1: kakaroto249 ($9.85 in chips) 
Seat 2: respectedD888 ($13.99 in chips) 
Seat 3: BlueLway ($10 in chips) 
Seat 4: kar4tune ($15.49 in chips) 
Seat 5: steveroo ($9.70 in chips) 
Seat 6: Mahu2021 ($9.83 in chips) 
respectedD888: posts small blind $0.05
BlueLway: posts big blind $0.10
*** HOLE CARDS ***
Dealt to Mahu2021 [7d 9h]
kar4tune: raises $0.10 to $0.20
steveroo: folds 
Mahu2021: folds 
kakaroto249: folds 
respectedD888: raises $0.60 to $0.80
BlueLway: folds 
kar4tune: calls $0.60
*** FLOP *** [Jh Jc Kc]
respectedD888: bets $0.59
kar4tune: calls $0.59
*** TURN *** [Jh Jc Kc] [5d]
respectedD888: checks 
kar4tune: bets $1.38
respectedD888: calls $1.38
*** RIVER *** [Jh Jc Kc 5d] [Qh]
respectedD888: checks 
kar4tune: checks 
*** SHOW DOWN ***
respectedD888: shows [Ts Ks] (two pair, Kings and Jacks)
kar4tune: mucks hand 
respectedD888 collected $5.39 from pot
*** SUMMARY ***
Total pot $5.64 | Rake $0.25 
Board [Jh Jc Kc 5d Qh]
Seat 1: kakaroto249 (button) folded before Flop (didn't bet)
Seat 2: respectedD888 (small blind) showed [Ts Ks] and won ($5.39) with two pair, Kings and Jacks
Seat 3: BlueLway (big blind) folded before Flop
Seat 4: kar4tune mucked [9c Qc]
Seat 5: steveroo folded before Flop (didn't bet)
Seat 6: Mahu2021 folded before Flop (didn't bet)



PokerStars Zoom Hand #255785660835:  Hold'em No Limit ($0.05/$0.10) - 2025/04/18 15:59:57 CET [2025/04/18 9:59:57 ET]
Table 'Aludra' 6-max Seat #1 is the button
Seat 1: 777zloba777 ($10.15 in chips) 
Seat 2: morethanaverage ($39.35 in chips) 
Seat 3: Mahu2021 ($9.78 in chips) 
Seat 4: jivko7171 ($9.85 in chips) 
Seat 5: BilaTserkva00 ($10.78 in chips) 
Seat 6: BlueLway ($10 in chips) 
morethanaverage: posts small blind $0.05
Mahu2021: posts big blind $0.10
*** HOLE CARDS ***
Dealt to Mahu2021 [8d Kh]
jivko7171: folds 
BilaTserkva00: folds 
BlueLway: raises $0.15 to $0.25
777zloba777: folds 
morethanaverage: folds 
Mahu2021: calls $0.15
*** FLOP *** [8h 4c 3d]
Mahu2021: bets $0.30
BlueLway: calls $0.30
*** TURN *** [8h 4c 3d] [Jh]
Mahu2021: bets $0.60
BlueLway: folds 
Uncalled bet ($0.60) returned to Mahu2021
Mahu2021 collected $1.10 from pot
Mahu2021: doesn't show hand 
*** SUMMARY ***
Total pot $1.15 | Rake $0.05 
Board [8h 4c 3d Jh]
Seat 1: 777zloba777 (button) folded before Flop (didn't bet)
Seat 2: morethanaverage (small blind) folded before Flop
Seat 3: Mahu2021 (big blind) collected ($1.10)
Seat 4: jivko7171 folded before Flop (didn't bet)
Seat 5: BilaTserkva00 folded before Flop (didn't bet)
Seat 6: BlueLway folded on the Turn



PokerStars Zoom Hand #255785666291:  Hold'em No Limit ($0.05/$0.10) - 2025/04/18 16:00:34 CET [2025/04/18 10:00:34 ET]
Table 'Aludra' 6-max Seat #1 is the button
Seat 1: Kaybaman708 ($18.79 in chips) 
Seat 2: BlueLway ($10 in chips) 
Seat 3: ScousePro ($14.28 in chips) 
Seat 4: kar4tune ($12.72 in chips) 
Seat 5: Mahu2021 ($10.28 in chips) 
Seat 6: VDADARIO ($10.31 in chips) 
BlueLway: posts small blind $0.05
ScousePro: posts big blind $0.10
*** HOLE CARDS ***
Dealt to Mahu2021 [Ks Qs]
kar4tune: folds 
Mahu2021: raises $0.20 to $0.30
VDADARIO: folds 
Kaybaman708: folds 
BlueLway: folds 
ScousePro: folds 
Uncalled bet ($0.20) returned to Mahu2021
Mahu2021 collected $0.25 from pot
Mahu2021: doesn't show hand 
*** SUMMARY ***
Total pot $0.25 | Rake $0 
Seat 1: Kaybaman708 (button) folded before Flop (didn't bet)
Seat 2: BlueLway (small blind) folded before Flop
Seat 3: ScousePro (big blind) folded before Flop
Seat 4: kar4tune folded before Flop (didn't bet)
Seat 5: Mahu2021 collected ($0.25)
Seat 6: VDADARIO folded before Flop (didn't bet)



PokerStars Zoom Hand #255785665677:  Hold'em No Limit ($0.05/$0.10) - 2025/04/18 16:00:30 CET [2025/04/18 10:00:30 ET]
Table 'Aludra' 6-max Seat #1 is the button
Seat 1: marcioadrs ($12.04 in chips) 
Seat 2: Mahu2021 ($10.33 in chips) 
Seat 3: Guten3213 ($10.28 in chips) 
Seat 4: solaia91 ($14.61 in chips) 
Seat 5: BlueLway ($10 in chips) 
Seat 6: TreeTreeTreeAA ($10 in chips) 
Mahu2021: posts small blind $0.05
Guten3213: posts big blind $0.10
*** HOLE CARDS ***
Dealt to Mahu2021 [8s 5h]
solaia91: raises $0.20 to $0.30
BlueLway: folds 
TreeTreeTreeAA: raises $0.65 to $0.95
marcioadrs: folds 
Mahu2021: folds 
Guten3213: folds 
solaia91: folds 
Uncalled bet ($0.65) returned to TreeTreeTreeAA
TreeTreeTreeAA collected $0.75 from pot
TreeTreeTreeAA: doesn't show hand 
*** SUMMARY ***
Total pot $0.75 | Rake $0 
Seat 1: marcioadrs (button) folded before Flop (didn't bet)
Seat 2: Mahu2021 (small blind) folded before Flop
Seat 3: Guten3213 (big blind) folded before Flop
Seat 4: solaia91 folded before Flop
Seat 5: BlueLway folded before Flop (didn't bet)
Seat 6: TreeTreeTreeAA collected ($0.75)



PokerStars Zoom Hand #255785669937:  Hold'em No Limit ($0.05/$0.10) - 2025/04/18 16:00:57 CET [2025/04/18 10:00:57 ET]
Table 'Aludra' 6-max Seat #1 is the button
Seat 1: pokerstar671 ($5.53 in chips) 
Seat 2: steven73263 ($11.47 in chips) 
Seat 3: chueko148 ($2.44 in chips) 
Seat 4: UNKNOWN_x_13 ($6.71 in chips) 
Seat 5: giannissapk ($10.10 in chips) 
Seat 6: Mahu2021 ($10.33 in chips) 
steven73263: posts small blind $0.05
chueko148: posts big blind $0.10
*** HOLE CARDS ***
Dealt to Mahu2021 [Jc 5d]
UNKNOWN_x_13: folds 
giannissapk: folds 
Mahu2021: folds 
pokerstar671: folds 
steven73263: folds 
Uncalled bet ($0.05) returned to chueko148
chueko148 collected $0.10 from pot
chueko148: doesn't show hand 
*** SUMMARY ***
Total pot $0.10 | Rake $0 
Seat 1: pokerstar671 (button) folded before Flop (didn't bet)
Seat 2: steven73263 (small blind) folded before Flop
Seat 3: chueko148 (big blind) collected ($0.10)
Seat 4: UNKNOWN_x_13 folded before Flop (didn't bet)
Seat 5: giannissapk folded before Flop (didn't bet)
Seat 6: Mahu2021 folded before Flop (didn't bet)



PokerStars Zoom Hand #255785669328:  Hold'em No Limit ($0.05/$0.10) - 2025/04/18 16:00:53 CET [2025/04/18 10:00:53 ET]
Table 'Aludra' 6-max Seat #1 is the button
Seat 1: Mahu2021 ($10.33 in chips) 
Seat 2: chueko148 ($2.49 in chips) 
Seat 3: Gegê Lima ($14.90 in chips) 
Seat 4: putzkedudu ($10 in chips) 
Seat 5: marcioadrs ($10.55 in chips) 
Seat 6: pokerstar671 ($5.53 in chips) 
chueko148: posts small blind $0.05
Gegê Lima: posts big blind $0.10
*** HOLE CARDS ***
Dealt to Mahu2021 [4s 3c]
putzkedudu: raises $0.10 to $0.20
marcioadrs: folds 
pokerstar671: folds 
Mahu2021: folds 
chueko148: folds 
Gegê Lima: raises $0.30 to $0.50
putzkedudu: calls $0.30
*** FLOP *** [5c 6h Kd]
Gegê Lima: bets $0.50
putzkedudu: folds 
Uncalled bet ($0.50) returned to Gegê Lima
Gegê Lima collected $1 from pot
Gegê Lima: doesn't show hand 
*** SUMMARY ***
Total pot $1.05 | Rake $0.05 
Board [5c 6h Kd]
Seat 1: Mahu2021 (button) folded before Flop (didn't bet)
Seat 2: chueko148 (small blind) folded before Flop
Seat 3: Gegê Lima (big blind) collected ($1)
Seat 4: putzkedudu folded on the Flop
Seat 5: marcioadrs folded before Flop (didn't bet)
Seat 6: pokerstar671 folded before Flop (didn't bet)



PokerStars Zoom Hand #255785667708:  Hold'em No Limit ($0.05/$0.10) - 2025/04/18 16:00:43 CET [2025/04/18 10:00:43 ET]
Table 'Aludra' 6-max Seat #1 is the button
Seat 1: jim.gr450 ($14.76 in chips) 
Seat 2: Ethan1132 ($9.55 in chips) 
Seat 3: Mahu2021 ($10.43 in chips) 
Seat 4: jivko7171 ($9.90 in chips) 
Seat 5: thebuilder86 ($11.29 in chips) 
Seat 6: Alistair4567 ($24.44 in chips) 
Ethan1132: posts small blind $0.05
Mahu2021: posts big blind $0.10
*** HOLE CARDS ***
Dealt to Mahu2021 [6h 9h]
jivko7171: raises $0.15 to $0.25
thebuilder86: folds 
Alistair4567: folds 
jim.gr450: folds 
Ethan1132: calls $0.20
Mahu2021: folds 
*** FLOP *** [8s 9c Td]
Ethan1132: checks 
jivko7171: bets $0.43
Ethan1132: raises $0.53 to $0.96
jivko7171: calls $0.53
*** TURN *** [8s 9c Td] [Th]
Ethan1132: checks 
jivko7171: bets $2.89
Ethan1132: folds 
Uncalled bet ($2.89) returned to jivko7171
jivko7171 collected $2.41 from pot
jivko7171: doesn't show hand 
*** SUMMARY ***
Total pot $2.52 | Rake $0.11 
Board [8s 9c Td Th]
Seat 1: jim.gr450 (button) folded before Flop (didn't bet)
Seat 2: Ethan1132 (small blind) folded on the Turn
Seat 3: Mahu2021 (big blind) folded before Flop
Seat 4: jivko7171 collected ($2.41)
Seat 5: thebuilder86 folded before Flop (didn't bet)
Seat 6: Alistair4567 folded before Flop (didn't bet)



PokerStars Zoom Hand #255785670607:  Hold'em No Limit ($0.05/$0.10) - 2025/04/18 16:01:01 CET [2025/04/18 10:01:01 ET]
Table 'Aludra' 6-max Seat #1 is the button
Seat 1: RD27MR ($21.13 in chips) 
Seat 2: BlueLway ($10.15 in chips) 
Seat 3: Pataplan ($3.63 in chips) 
Seat 4: Mahu2021 ($10.33 in chips) 
Seat 5: thebuilder86 ($11.24 in chips) 
Seat 6: dochaaa ($10.15 in chips) 
BlueLway: posts small blind $0.05
Pataplan: posts big blind $0.10
*** HOLE CARDS ***
Dealt to Mahu2021 [6h 7h]
Mahu2021: raises $0.10 to $0.20
thebuilder86: folds 
dochaaa: raises $0.50 to $0.70
RD27MR: folds 
BlueLway: folds 
Pataplan: raises $2.93 to $3.63 and is all-in
Mahu2021: folds 
dochaaa: folds 
Uncalled bet ($2.93) returned to Pataplan
Pataplan collected $1.65 from pot
Pataplan: doesn't show hand 
*** SUMMARY ***
Total pot $1.65 | Rake $0 
Seat 1: RD27MR (button) folded before Flop (didn't bet)
Seat 2: BlueLway (small blind) folded before Flop
Seat 3: Pataplan (big blind) collected ($1.65)
Seat 4: Mahu2021 folded before Flop
Seat 5: thebuilder86 folded before Flop (didn't bet)
Seat 6: dochaaa folded before Flop



PokerStars Zoom Hand #255785675532:  Hold'em No Limit ($0.05/$0.10) - 2025/04/18 16:01:30 CET [2025/04/18 10:01:30 ET]
Table 'Aludra' 6-max Seat #1 is the button
Seat 1: MagicMasc ($10.15 in chips) 
Seat 2: Mahu2021 ($10.13 in chips) 
Seat 3: numbergirl27 ($10 in chips) 
Seat 4: Kaybaman708 ($28.46 in chips) 
Seat 5: steven73263 ($11.75 in chips) 
Seat 6: Dungwish ($14.22 in chips) 
Mahu2021: posts small blind $0.05
numbergirl27: posts big blind $0.10
*** HOLE CARDS ***
Dealt to Mahu2021 [Jh 7d]
Kaybaman708: folds 
steven73263: folds 
Dungwish: folds 
MagicMasc: folds 
Mahu2021: folds 
Uncalled bet ($0.05) returned to numbergirl27
numbergirl27 collected $0.10 from pot
numbergirl27: doesn't show hand 
*** SUMMARY ***
Total pot $0.10 | Rake $0 
Seat 1: MagicMasc (button) folded before Flop (didn't bet)
Seat 2: Mahu2021 (small blind) folded before Flop
Seat 3: numbergirl27 (big blind) collected ($0.10)
Seat 4: Kaybaman708 folded before Flop (didn't bet)
Seat 5: steven73263 folded before Flop (didn't bet)
Seat 6: Dungwish folded before Flop (didn't bet)



PokerStars Zoom Hand #255785676191:  Hold'em No Limit ($0.05/$0.10) - 2025/04/18 16:01:34 CET [2025/04/18 10:01:34 ET]
Table 'Aludra' 6-max Seat #1 is the button
Seat 1: putzkedudu ($11.21 in chips) 
Seat 2: UNKNOWN_x_13 ($5 in chips) 
Seat 3: restecalm ($8.59 in chips) 
Seat 4: Mahu2021 ($10.08 in chips) 
Seat 5: kar4tune ($12.57 in chips) 
Seat 6: steven73263 ($11.75 in chips) 
UNKNOWN_x_13: posts small blind $0.05
restecalm: posts big blind $0.10
*** HOLE CARDS ***
Dealt to Mahu2021 [4d 7c]
Mahu2021: folds 
kar4tune: folds 
steven73263: folds 
putzkedudu: folds 
UNKNOWN_x_13: folds 
Uncalled bet ($0.05) returned to restecalm
restecalm collected $0.10 from pot
restecalm: doesn't show hand 
*** SUMMARY ***
Total pot $0.10 | Rake $0 
Seat 1: putzkedudu (button) folded before Flop (didn't bet)
Seat 2: UNKNOWN_x_13 (small blind) folded before Flop
Seat 3: restecalm (big blind) collected ($0.10)
Seat 4: Mahu2021 folded before Flop (didn't bet)
Seat 5: kar4tune folded before Flop (didn't bet)
Seat 6: steven73263 folded before Flop (didn't bet)



PokerStars Zoom Hand #255785676710:  Hold'em No Limit ($0.05/$0.10) - 2025/04/18 16:01:37 CET [2025/04/18 10:01:37 ET]
Table 'Aludra' 6-max Seat #1 is the button
Seat 1: TreeTreeTreeAA ($10.30 in chips) 
Seat 2: ScousePro ($12.04 in chips) 
Seat 3: Kaybaman708 ($28.46 in chips) 
Seat 4: kakaroto249 ($9.10 in chips) 
Seat 5: Mahu2021 ($10.08 in chips) 
Seat 6: giannissapk ($18.49 in chips) 
ScousePro: posts small blind $0.05
Kaybaman708: posts big blind $0.10
*** HOLE CARDS ***
Dealt to Mahu2021 [4s Qd]
kakaroto249: folds 
Mahu2021: folds 
giannissapk: folds 
TreeTreeTreeAA: folds 
ScousePro: folds 
Uncalled bet ($0.05) returned to Kaybaman708
Kaybaman708 collected $0.10 from pot
Kaybaman708: doesn't show hand 
*** SUMMARY ***
Total pot $0.10 | Rake $0 
Seat 1: TreeTreeTreeAA (button) folded before Flop (didn't bet)
Seat 2: ScousePro (small blind) folded before Flop
Seat 3: Kaybaman708 (big blind) collected ($0.10)
Seat 4: kakaroto249 folded before Flop (didn't bet)
Seat 5: Mahu2021 folded before Flop (didn't bet)
Seat 6: giannissapk folded before Flop (didn't bet)



PokerStars Zoom Hand #255785677910:  Hold'em No Limit ($0.05/$0.10) - 2025/04/18 16:01:44 CET [2025/04/18 10:01:44 ET]
Table 'Aludra' 6-max Seat #1 is the button
Seat 1: Die8 ($12.64 in chips) 
Seat 2: restecalm ($8.64 in chips) 
Seat 3: giannissapk ($10.30 in chips) 
Seat 4: morethanaverage ($37.05 in chips) 
Seat 5: BilaTserkva00 ($11.05 in chips) 
Seat 6: Mahu2021 ($10.08 in chips) 
restecalm: posts small blind $0.05
giannissapk: posts big blind $0.10
*** HOLE CARDS ***
Dealt to Mahu2021 [7h Jc]
morethanaverage: raises $0.10 to $0.20
BilaTserkva00: folds 
Mahu2021: folds 
Die8: folds 
restecalm: folds 
giannissapk: folds 
Uncalled bet ($0.10) returned to morethanaverage
morethanaverage collected $0.25 from pot
morethanaverage: doesn't show hand 
*** SUMMARY ***
Total pot $0.25 | Rake $0 
Seat 1: Die8 (button) folded before Flop (didn't bet)
Seat 2: restecalm (small blind) folded before Flop
Seat 3: giannissapk (big blind) folded before Flop
Seat 4: morethanaverage collected ($0.25)
Seat 5: BilaTserkva00 folded before Flop (didn't bet)
Seat 6: Mahu2021 folded before Flop (didn't bet)



PokerStars Zoom Hand #255785677376:  Hold'em No Limit ($0.05/$0.10) - 2025/04/18 16:01:41 CET [2025/04/18 10:01:41 ET]
Table 'Aludra' 6-max Seat #1 is the button
Seat 1: Mahu2021 ($10.08 in chips) 
Seat 2: jivko7171 ($11.10 in chips) 
Seat 3: dochaaa ($10.15 in chips) 
Seat 4: ScousePro ($11.99 in chips) 
Seat 5: kar4tune ($15.33 in chips) 
Seat 6: cal9091 ($7.61 in chips) 
jivko7171: posts small blind $0.05
dochaaa: posts big blind $0.10
*** HOLE CARDS ***
Dealt to Mahu2021 [3s 9c]
ScousePro: raises $0.12 to $0.22
kar4tune: folds 
cal9091: calls $0.22
Mahu2021: folds 
jivko7171: folds 
dochaaa: folds 
*** FLOP *** [6h 2c 4s]
ScousePro: bets $0.30
cal9091: folds 
Uncalled bet ($0.30) returned to ScousePro
ScousePro collected $0.56 from pot
ScousePro: doesn't show hand 
*** SUMMARY ***
Total pot $0.59 | Rake $0.03 
Board [6h 2c 4s]
Seat 1: Mahu2021 (button) folded before Flop (didn't bet)
Seat 2: jivko7171 (small blind) folded before Flop
Seat 3: dochaaa (big blind) folded before Flop
Seat 4: ScousePro collected ($0.56)
Seat 5: kar4tune folded before Flop (didn't bet)
Seat 6: cal9091 folded on the Flop



PokerStars Zoom Hand #255785678702:  Hold'em No Limit ($0.05/$0.10) - 2025/04/18 16:01:49 CET [2025/04/18 10:01:49 ET]
Table 'Aludra' 6-max Seat #1 is the button
Seat 1: steven73263 ($11.65 in chips) 
Seat 2: ScousePro ($14.03 in chips) 
Seat 3: Mahu2021 ($10.08 in chips) 
Seat 4: VDADARIO ($0.85 in chips) 
Seat 5: Pataplan ($4.58 in chips) 
Seat 6: jivko7171 ($9.90 in chips) 
ScousePro: posts small blind $0.05
Mahu2021: posts big blind $0.10
*** HOLE CARDS ***
Dealt to Mahu2021 [6d Kd]
VDADARIO: folds 
Pataplan: folds 
jivko7171: folds 
steven73263: raises $0.16 to $0.26
ScousePro: folds 
Mahu2021: calls $0.16
*** FLOP *** [Ks Jh 4h]
Mahu2021: checks 
steven73263: bets $0.30
Mahu2021: raises $0.80 to $1.10
steven73263: folds 
Uncalled bet ($0.80) returned to Mahu2021
Mahu2021 collected $1.12 from pot
Mahu2021: doesn't show hand 
*** SUMMARY ***
Total pot $1.17 | Rake $0.05 
Board [Ks Jh 4h]
Seat 1: steven73263 (button) folded on the Flop
Seat 2: ScousePro (small blind) folded before Flop
Seat 3: Mahu2021 (big blind) collected ($1.12)
Seat 4: VDADARIO folded before Flop (didn't bet)
Seat 5: Pataplan folded before Flop (didn't bet)
Seat 6: jivko7171 folded before Flop (didn't bet)



PokerStars Zoom Hand #255785686588:  Hold'em No Limit ($0.05/$0.10) - 2025/04/18 16:02:34 CET [2025/04/18 10:02:34 ET]
Table 'Aludra' 6-max Seat #1 is the button
Seat 1: Mahu2021 ($10.64 in chips) 
Seat 2: Spawn490 ($13.14 in chips) 
Seat 3: BlueLway ($12.01 in chips) 
Seat 4: Hazooka ($9.08 in chips) 
Seat 5: putzkedudu ($11.81 in chips) 
Seat 6: Strong122 ($17.56 in chips) 
Spawn490: posts small blind $0.05
BlueLway: posts big blind $0.10
*** HOLE CARDS ***
Dealt to Mahu2021 [8d Jd]
Hazooka: raises $0.20 to $0.30
putzkedudu: folds 
Strong122 has timed out
Strong122: folds 
Mahu2021: calls $0.30
Spawn490: folds 
BlueLway: folds 
*** FLOP *** [6d Qh Jh]
Hazooka: checks 
Mahu2021: bets $0.40
Hazooka: calls $0.40
*** TURN *** [6d Qh Jh] [3h]
Hazooka: checks 
Mahu2021: bets $0.90
Hazooka: folds 
Uncalled bet ($0.90) returned to Mahu2021
Mahu2021 collected $1.48 from pot
Mahu2021: doesn't show hand 
*** SUMMARY ***
Total pot $1.55 | Rake $0.07 
Board [6d Qh Jh 3h]
Seat 1: Mahu2021 (button) collected ($1.48)
Seat 2: Spawn490 (small blind) folded before Flop
Seat 3: BlueLway (big blind) folded before Flop
Seat 4: Hazooka folded on the Turn
Seat 5: putzkedudu folded before Flop (didn't bet)
Seat 6: Strong122 folded before Flop (didn't bet)



PokerStars Zoom Hand #255785696939:  Hold'em No Limit ($0.05/$0.10) - 2025/04/18 16:03:33 CET [2025/04/18 10:03:33 ET]
Table 'Aludra' 6-max Seat #1 is the button
Seat 1: Alistair4567 ($10.62 in chips) 
Seat 2: numbergirl27 ($10.20 in chips) 
Seat 3: GymStefani ($9.31 in chips) 
Seat 4: 8¥EUX ($12.93 in chips) 
Seat 5: 777zloba777 ($10.02 in chips) 
Seat 6: Mahu2021 ($11.37 in chips) 
numbergirl27: posts small blind $0.05
GymStefani: posts big blind $0.10
*** HOLE CARDS ***
Dealt to Mahu2021 [Kh 3c]
8¥EUX: folds 
777zloba777: folds 
Mahu2021: folds 
Alistair4567: folds 
numbergirl27: folds 
Uncalled bet ($0.05) returned to GymStefani
GymStefani collected $0.10 from pot
GymStefani: doesn't show hand 
*** SUMMARY ***
Total pot $0.10 | Rake $0 
Seat 1: Alistair4567 (button) folded before Flop (didn't bet)
Seat 2: numbergirl27 (small blind) folded before Flop
Seat 3: GymStefani (big blind) collected ($0.10)
Seat 4: 8¥EUX folded before Flop (didn't bet)
Seat 5: 777zloba777 folded before Flop (didn't bet)
Seat 6: Mahu2021 folded before Flop (didn't bet)



PokerStars Zoom Hand #255785698334:  Hold'em No Limit ($0.05/$0.10) - 2025/04/18 16:03:41 CET [2025/04/18 10:03:41 ET]
Table 'Aludra' 6-max Seat #1 is the button
Seat 1: Alistair4567 ($22.34 in chips) 
Seat 2: cal9091 ($6.81 in chips) 
Seat 3: Mahu2021 ($11.37 in chips) 
Seat 4: ecgalazio ($12.61 in chips) 
Seat 5: Pataplan ($4.40 in chips) 
Seat 6: BlueLway ($10 in chips) 
cal9091: posts small blind $0.05
Mahu2021: posts big blind $0.10
*** HOLE CARDS ***
Dealt to Mahu2021 [8c Kd]
ecgalazio: folds 
Pataplan: folds 
BlueLway: folds 
Alistair4567: folds 
cal9091: folds 
Uncalled bet ($0.05) returned to Mahu2021
Mahu2021 collected $0.10 from pot
Mahu2021: doesn't show hand 
*** SUMMARY ***
Total pot $0.10 | Rake $0 
Seat 1: Alistair4567 (button) folded before Flop (didn't bet)
Seat 2: cal9091 (small blind) folded before Flop
Seat 3: Mahu2021 (big blind) collected ($0.10)
Seat 4: ecgalazio folded before Flop (didn't bet)
Seat 5: Pataplan folded before Flop (didn't bet)
Seat 6: BlueLway folded before Flop (didn't bet)



PokerStars Zoom Hand #255785696091:  Hold'em No Limit ($0.05/$0.10) - 2025/04/18 16:03:28 CET [2025/04/18 10:03:28 ET]
Table 'Aludra' 6-max Seat #1 is the button
Seat 1: honEybOOx ($10 in chips) 
Seat 2: thebuilder86 ($15.59 in chips) 
Seat 3: ALPHA REBEL ($10 in chips) 
Seat 4: 777zloba777 ($11.58 in chips) 
Seat 5: Mahu2021 ($11.37 in chips) 
Seat 6: BlueLway ($11.76 in chips) 
thebuilder86: posts small blind $0.05
ALPHA REBEL: posts big blind $0.10
*** HOLE CARDS ***
Dealt to Mahu2021 [8s 2d]
777zloba777: folds 
Mahu2021: folds 
BlueLway: folds 
honEybOOx: raises $0.12 to $0.22
thebuilder86: folds 
ALPHA REBEL: calls $0.12
*** FLOP *** [2h 5h Td]
ALPHA REBEL: checks 
honEybOOx: bets $0.14
ALPHA REBEL: raises $0.41 to $0.55
honEybOOx: folds 
Uncalled bet ($0.41) returned to ALPHA REBEL
ALPHA REBEL collected $0.74 from pot
ALPHA REBEL: doesn't show hand 
*** SUMMARY ***
Total pot $0.77 | Rake $0.03 
Board [2h 5h Td]
Seat 1: honEybOOx (button) folded on the Flop
Seat 2: thebuilder86 (small blind) folded before Flop
Seat 3: ALPHA REBEL (big blind) collected ($0.74)
Seat 4: 777zloba777 folded before Flop (didn't bet)
Seat 5: Mahu2021 folded before Flop (didn't bet)
Seat 6: BlueLway folded before Flop (didn't bet)



PokerStars Zoom Hand #255785699807:  Hold'em No Limit ($0.05/$0.10) - 2025/04/18 16:03:50 CET [2025/04/18 10:03:50 ET]
Table 'Aludra' 6-max Seat #1 is the button
Seat 1: Heathfield_Bad ($27.09 in chips) 
Seat 2: Mahu2021 ($11.42 in chips) 
Seat 3: Pataplan ($4.40 in chips) 
Seat 4: Alistair4567 ($10.57 in chips) 
Seat 5: Baratrum777 ($10 in chips) 
Seat 6: Thiguin9 ($20.41 in chips) 
Mahu2021: posts small blind $0.05
Pataplan: posts big blind $0.10
*** HOLE CARDS ***
Dealt to Mahu2021 [3d Kh]
Alistair4567: folds 
Baratrum777: raises $0.18 to $0.28
Thiguin9: folds 
Heathfield_Bad: folds 
Mahu2021: folds 
Pataplan: folds 
Uncalled bet ($0.18) returned to Baratrum777
Baratrum777 collected $0.25 from pot
Baratrum777: doesn't show hand 
*** SUMMARY ***
Total pot $0.25 | Rake $0 
Seat 1: Heathfield_Bad (button) folded before Flop (didn't bet)
Seat 2: Mahu2021 (small blind) folded before Flop
Seat 3: Pataplan (big blind) folded before Flop
Seat 4: Alistair4567 folded before Flop (didn't bet)
Seat 5: Baratrum777 collected ($0.25)
Seat 6: Thiguin9 folded before Flop (didn't bet)



PokerStars Zoom Hand #255785701688:  Hold'em No Limit ($0.05/$0.10) - 2025/04/18 16:04:00 CET [2025/04/18 10:04:00 ET]
Table 'Aludra' 6-max Seat #1 is the button
Seat 1: steven73263 ($10.14 in chips) 
Seat 2: pipa2270 ($11.52 in chips) 
Seat 3: strashilisht ($13.45 in chips) 
Seat 4: Mahu2021 ($11.37 in chips) 
Seat 5: BilaTserkva00 ($10.20 in chips) 
Seat 6: lucas-fmtm ($19.84 in chips) 
pipa2270: posts small blind $0.05
strashilisht: posts big blind $0.10
*** HOLE CARDS ***
Dealt to Mahu2021 [7c 3h]
Mahu2021: folds 
BilaTserkva00: folds 
lucas-fmtm: folds 
steven73263: raises $0.20 to $0.30
pipa2270: folds 
strashilisht: folds 
Uncalled bet ($0.20) returned to steven73263
steven73263 collected $0.25 from pot
steven73263: doesn't show hand 
*** SUMMARY ***
Total pot $0.25 | Rake $0 
Seat 1: steven73263 (button) collected ($0.25)
Seat 2: pipa2270 (small blind) folded before Flop
Seat 3: strashilisht (big blind) folded before Flop
Seat 4: Mahu2021 folded before Flop (didn't bet)
Seat 5: BilaTserkva00 folded before Flop (didn't bet)
Seat 6: lucas-fmtm folded before Flop (didn't bet)



PokerStars Zoom Hand #255785702769:  Hold'em No Limit ($0.05/$0.10) - 2025/04/18 16:04:06 CET [2025/04/18 10:04:06 ET]
Table 'Aludra' 6-max Seat #1 is the button
Seat 1: pipa2270 ($11.47 in chips) 
Seat 2: BilaTserkva00 ($10.28 in chips) 
Seat 3: kakaroto249 ($13.11 in chips) 
Seat 4: ScousePro ($12.32 in chips) 
Seat 5: GymStefani ($9.46 in chips) 
Seat 6: Mahu2021 ($11.37 in chips) 
BilaTserkva00: posts small blind $0.05
kakaroto249: posts big blind $0.10
*** HOLE CARDS ***
Dealt to Mahu2021 [4c Kd]
ScousePro: folds 
GymStefani: folds 
Mahu2021: folds 
pipa2270: folds 
BilaTserkva00: folds 
Uncalled bet ($0.05) returned to kakaroto249
kakaroto249 collected $0.10 from pot
kakaroto249: doesn't show hand 
*** SUMMARY ***
Total pot $0.10 | Rake $0 
Seat 1: pipa2270 (button) folded before Flop (didn't bet)
Seat 2: BilaTserkva00 (small blind) folded before Flop
Seat 3: kakaroto249 (big blind) collected ($0.10)
Seat 4: ScousePro folded before Flop (didn't bet)
Seat 5: GymStefani folded before Flop (didn't bet)
Seat 6: Mahu2021 folded before Flop (didn't bet)



PokerStars Zoom Hand #255785700996:  Hold'em No Limit ($0.05/$0.10) - 2025/04/18 16:03:56 CET [2025/04/18 10:03:56 ET]
Table 'Aludra' 6-max Seat #1 is the button
Seat 1: strashilisht ($13.45 in chips) 
Seat 2: kar4tune ($10.82 in chips) 
Seat 3: chueko148 ($2.54 in chips) 
Seat 4: Mahu2021 ($11.37 in chips) 
Seat 5: Die8 ($10.32 in chips) 
Seat 6: Zutuzutu_90 ($15.39 in chips) 
kar4tune: posts small blind $0.05
chueko148: posts big blind $0.10
*** HOLE CARDS ***
Dealt to Mahu2021 [2c Ks]
Mahu2021: folds 
Die8: raises $0.13 to $0.23
Zutuzutu_90: folds 
strashilisht: folds 
kar4tune: folds 
chueko148: calls $0.13
*** FLOP *** [5h 4c Th]
chueko148: checks 
Die8: bets $0.39
chueko148: folds 
Uncalled bet ($0.39) returned to Die8
Die8 collected $0.49 from pot
Die8: doesn't show hand 
*** SUMMARY ***
Total pot $0.51 | Rake $0.02 
Board [5h 4c Th]
Seat 1: strashilisht (button) folded before Flop (didn't bet)
Seat 2: kar4tune (small blind) folded before Flop
Seat 3: chueko148 (big blind) folded on the Flop
Seat 4: Mahu2021 folded before Flop (didn't bet)
Seat 5: Die8 collected ($0.49)
Seat 6: Zutuzutu_90 folded before Flop (didn't bet)



PokerStars Zoom Hand #255785704662:  Hold'em No Limit ($0.05/$0.10) - 2025/04/18 16:04:17 CET [2025/04/18 10:04:17 ET]
Table 'Aludra' 6-max Seat #1 is the button
Seat 1: humo97 ($19.45 in chips) 
Seat 2: steven73263 ($10.29 in chips) 
Seat 3: gamma720 ($18.32 in chips) 
Seat 4: alexbuzatu ($10.63 in chips) 
Seat 5: Mahu2021 ($11.27 in chips) 
Seat 6: strashilisht ($13.35 in chips) 
steven73263: posts small blind $0.05
gamma720: posts big blind $0.10
*** HOLE CARDS ***
Dealt to Mahu2021 [Jh Td]
alexbuzatu: folds 
Mahu2021: raises $0.20 to $0.30
strashilisht: folds 
humo97: folds 
steven73263: folds 
gamma720: folds 
Uncalled bet ($0.20) returned to Mahu2021
Mahu2021 collected $0.25 from pot
Mahu2021: doesn't show hand 
*** SUMMARY ***
Total pot $0.25 | Rake $0 
Seat 1: humo97 (button) folded before Flop (didn't bet)
Seat 2: steven73263 (small blind) folded before Flop
Seat 3: gamma720 (big blind) folded before Flop
Seat 4: alexbuzatu folded before Flop (didn't bet)
Seat 5: Mahu2021 collected ($0.25)
Seat 6: strashilisht folded before Flop (didn't bet)



PokerStars Zoom Hand #255785706525:  Hold'em No Limit ($0.05/$0.10) - 2025/04/18 16:04:27 CET [2025/04/18 10:04:27 ET]
Table 'Aludra' 6-max Seat #1 is the button
Seat 1: Mahu2021 ($11.42 in chips) 
Seat 2: giannissapk ($10 in chips) 
Seat 3: FabOliveira9 ($11.80 in chips) 
Seat 4: Spawn490 ($12.64 in chips) 
Seat 5: Thiguin9 ($20.30 in chips) 
Seat 6: thebuilder86 ($10 in chips) 
giannissapk: posts small blind $0.05
FabOliveira9: posts big blind $0.10
*** HOLE CARDS ***
Dealt to Mahu2021 [4s Jc]
Spawn490: raises $0.10 to $0.20
Thiguin9: folds 
thebuilder86: folds 
Mahu2021: folds 
giannissapk: folds 
FabOliveira9: folds 
Uncalled bet ($0.10) returned to Spawn490
Spawn490 collected $0.25 from pot
Spawn490: doesn't show hand 
*** SUMMARY ***
Total pot $0.25 | Rake $0 
Seat 1: Mahu2021 (button) folded before Flop (didn't bet)
Seat 2: giannissapk (small blind) folded before Flop
Seat 3: FabOliveira9 (big blind) folded before Flop
Seat 4: Spawn490 collected ($0.25)
Seat 5: Thiguin9 folded before Flop (didn't bet)
Seat 6: thebuilder86 folded before Flop (didn't bet)



PokerStars Zoom Hand #255785695300:  Hold'em No Limit ($0.05/$0.10) - 2025/04/18 16:03:24 CET [2025/04/18 10:03:24 ET]
Table 'Aludra' 6-max Seat #1 is the button
Seat 1: putzkedudu ($24.17 in chips) 
Seat 2: Mahu2021 ($11.42 in chips) 
Seat 3: Dungwish ($14.02 in chips) 
Seat 4: solaia91 ($14.80 in chips) 
Seat 5: strashilisht ($13.60 in chips) 
Seat 6: Heathfield_Bad ($27.09 in chips) 
Mahu2021: posts small blind $0.05
Dungwish: posts big blind $0.10
*** HOLE CARDS ***
Dealt to Mahu2021 [3c Qd]
solaia91: folds 
strashilisht: folds 
Heathfield_Bad: folds 
putzkedudu: raises $0.10 to $0.20
Mahu2021: folds 
Dungwish: calls $0.10
*** FLOP *** [5s Td Th]
Dungwish: checks 
putzkedudu: bets $0.11
Dungwish: calls $0.11
*** TURN *** [5s Td Th] [Ks]
Dungwish: checks 
putzkedudu: checks 
*** RIVER *** [5s Td Th Ks] [4s]
Dungwish: checks 
putzkedudu: bets $0.32
Dungwish: folds 
Uncalled bet ($0.32) returned to putzkedudu
putzkedudu collected $0.64 from pot
putzkedudu: doesn't show hand 
*** SUMMARY ***
Total pot $0.67 | Rake $0.03 
Board [5s Td Th Ks 4s]
Seat 1: putzkedudu (button) collected ($0.64)
Seat 2: Mahu2021 (small blind) folded before Flop
Seat 3: Dungwish (big blind) folded on the River
Seat 4: solaia91 folded before Flop (didn't bet)
Seat 5: strashilisht folded before Flop (didn't bet)
Seat 6: Heathfield_Bad folded before Flop (didn't bet)



PokerStars Zoom Hand #255785708112:  Hold'em No Limit ($0.05/$0.10) - 2025/04/18 16:04:36 CET [2025/04/18 10:04:36 ET]
Table 'Aludra' 6-max Seat #1 is the button
Seat 1: gamma720 ($18.22 in chips) 
Seat 2: Mahu2021 ($11.42 in chips) 
Seat 3: redcarcodhed ($10.40 in chips) 
Seat 4: Thiguin9 ($20.30 in chips) 
Seat 5: putzkedudu ($11.21 in chips) 
Seat 6: Die8 ($14.01 in chips) 
Mahu2021: posts small blind $0.05
redcarcodhed: posts big blind $0.10
*** HOLE CARDS ***
Dealt to Mahu2021 [8s Ks]
Thiguin9: folds 
putzkedudu: raises $0.10 to $0.20
Die8: folds 
gamma720: folds 
Mahu2021: folds 
redcarcodhed: folds 
Uncalled bet ($0.10) returned to putzkedudu
putzkedudu collected $0.25 from pot
putzkedudu: doesn't show hand 
*** SUMMARY ***
Total pot $0.25 | Rake $0 
Seat 1: gamma720 (button) folded before Flop (didn't bet)
Seat 2: Mahu2021 (small blind) folded before Flop
Seat 3: redcarcodhed (big blind) folded before Flop
Seat 4: Thiguin9 folded before Flop (didn't bet)
Seat 5: putzkedudu collected ($0.25)
Seat 6: Die8 folded before Flop (didn't bet)



PokerStars Zoom Hand #255785709693:  Hold'em No Limit ($0.05/$0.10) - 2025/04/18 16:04:45 CET [2025/04/18 10:04:45 ET]
Table 'Aludra' 6-max Seat #1 is the button
Seat 1: Dungwish ($13.71 in chips) 
Seat 2: giannissapk ($10 in chips) 
Seat 3: dochaaa ($10 in chips) 
Seat 4: restecalm ($16.25 in chips) 
Seat 5: BlueLway ($11.61 in chips) 
Seat 6: Mahu2021 ($11.37 in chips) 
giannissapk: posts small blind $0.05
dochaaa: posts big blind $0.10
*** HOLE CARDS ***
Dealt to Mahu2021 [3h 5s]
restecalm: folds 
BlueLway: folds 
Mahu2021: folds 
Dungwish: folds 
giannissapk: raises $0.20 to $0.30
dochaaa: folds 
Uncalled bet ($0.20) returned to giannissapk
giannissapk collected $0.20 from pot
giannissapk: doesn't show hand 
*** SUMMARY ***
Total pot $0.20 | Rake $0 
Seat 1: Dungwish (button) folded before Flop (didn't bet)
Seat 2: giannissapk (small blind) collected ($0.20)
Seat 3: dochaaa (big blind) folded before Flop
Seat 4: restecalm folded before Flop (didn't bet)
Seat 5: BlueLway folded before Flop (didn't bet)
Seat 6: Mahu2021 folded before Flop (didn't bet)



PokerStars Zoom Hand #255785710377:  Hold'em No Limit ($0.05/$0.10) - 2025/04/18 16:04:49 CET [2025/04/18 10:04:49 ET]
Table 'Aludra' 6-max Seat #1 is the button
Seat 1: Baratrum777 ($10 in chips) 
Seat 2: Mahu2021 ($11.37 in chips) 
Seat 3: kakaroto249 ($13.11 in chips) 
Seat 4: Pataplan ($4.10 in chips) 
Seat 5: jim.gr450 ($11.40 in chips) 
Seat 6: GymStefani ($9.31 in chips) 
Mahu2021: posts small blind $0.05
kakaroto249: posts big blind $0.10
*** HOLE CARDS ***
Dealt to Mahu2021 [4d 2s]
Pataplan: raises $0.10 to $0.20
jim.gr450: raises $0.50 to $0.70
GymStefani: folds 
Baratrum777: folds 
Mahu2021: folds 
kakaroto249: folds 
Pataplan: folds 
Uncalled bet ($0.50) returned to jim.gr450
jim.gr450 collected $0.55 from pot
jim.gr450: doesn't show hand 
*** SUMMARY ***
Total pot $0.55 | Rake $0 
Seat 1: Baratrum777 (button) folded before Flop (didn't bet)
Seat 2: Mahu2021 (small blind) folded before Flop
Seat 3: kakaroto249 (big blind) folded before Flop
Seat 4: Pataplan folded before Flop
Seat 5: jim.gr450 collected ($0.55)
Seat 6: GymStefani folded before Flop (didn't bet)



PokerStars Zoom Hand #255785711069:  Hold'em No Limit ($0.05/$0.10) - 2025/04/18 16:04:53 CET [2025/04/18 10:04:53 ET]
Table 'Aludra' 6-max Seat #1 is the button
Seat 1: Thiguin9 ($20.20 in chips) 
Seat 2: BlueLway ($10 in chips) 
Seat 3: Mahu2021 ($11.32 in chips) 
Seat 4: Die8 ($11.98 in chips) 
Seat 5: DanCoxell05 ($5.96 in chips) 
Seat 6: putzkedudu ($10 in chips) 
BlueLway: posts small blind $0.05
Mahu2021: posts big blind $0.10
*** HOLE CARDS ***
Dealt to Mahu2021 [5s Ac]
Die8: folds 
DanCoxell05: folds 
putzkedudu: folds 
Thiguin9: folds 
BlueLway: folds 
Uncalled bet ($0.05) returned to Mahu2021
Mahu2021 collected $0.10 from pot
Mahu2021: doesn't show hand 
*** SUMMARY ***
Total pot $0.10 | Rake $0 
Seat 1: Thiguin9 (button) folded before Flop (didn't bet)
Seat 2: BlueLway (small blind) folded before Flop
Seat 3: Mahu2021 (big blind) collected ($0.10)
Seat 4: Die8 folded before Flop (didn't bet)
Seat 5: DanCoxell05 folded before Flop (didn't bet)
Seat 6: putzkedudu folded before Flop (didn't bet)



PokerStars Zoom Hand #255785714757:  Hold'em No Limit ($0.05/$0.10) - 2025/04/18 16:05:14 CET [2025/04/18 10:05:14 ET]
Table 'Aludra' 6-max Seat #1 is the button
Seat 1: cal9091 ($5.94 in chips) 
Seat 2: jim.gr450 ($29.64 in chips) 
Seat 3: putzkedudu ($24.30 in chips) 
Seat 4: RD27MR ($19.75 in chips) 
Seat 5: thebuilder86 ($11.63 in chips) 
Seat 6: Mahu2021 ($11.37 in chips) 
jim.gr450: posts small blind $0.05
putzkedudu: posts big blind $0.10
*** HOLE CARDS ***
Dealt to Mahu2021 [2d 7c]
RD27MR: folds 
thebuilder86: folds 
Mahu2021: folds 
cal9091: raises $0.25 to $0.35
jim.gr450: folds 
putzkedudu: folds 
Uncalled bet ($0.25) returned to cal9091
cal9091 collected $0.25 from pot
cal9091: doesn't show hand 
*** SUMMARY ***
Total pot $0.25 | Rake $0 
Seat 1: cal9091 (button) collected ($0.25)
Seat 2: jim.gr450 (small blind) folded before Flop
Seat 3: putzkedudu (big blind) folded before Flop
Seat 4: RD27MR folded before Flop (didn't bet)
Seat 5: thebuilder86 folded before Flop (didn't bet)
Seat 6: Mahu2021 folded before Flop (didn't bet)



PokerStars Zoom Hand #255785715983:  Hold'em No Limit ($0.05/$0.10) - 2025/04/18 16:05:20 CET [2025/04/18 10:05:20 ET]
Table 'Aludra' 6-max Seat #1 is the button
Seat 1: restecalm ($15.80 in chips) 
Seat 2: Die8 ($13.91 in chips) 
Seat 3: giannissapk ($17.79 in chips) 
Seat 4: thebuilder86 ($11.63 in chips) 
Seat 5: Mahu2021 ($11.37 in chips) 
Seat 6: humo97 ($19.06 in chips) 
Die8: posts small blind $0.05
giannissapk: posts big blind $0.10
*** HOLE CARDS ***
Dealt to Mahu2021 [Jc 5s]
thebuilder86: folds 
Mahu2021: folds 
humo97: folds 
restecalm: folds 
Die8: folds 
Uncalled bet ($0.05) returned to giannissapk
giannissapk collected $0.10 from pot
giannissapk: doesn't show hand 
*** SUMMARY ***
Total pot $0.10 | Rake $0 
Seat 1: restecalm (button) folded before Flop (didn't bet)
Seat 2: Die8 (small blind) folded before Flop
Seat 3: giannissapk (big blind) collected ($0.10)
Seat 4: thebuilder86 folded before Flop (didn't bet)
Seat 5: Mahu2021 folded before Flop (didn't bet)
Seat 6: humo97 folded before Flop (didn't bet)



PokerStars Zoom Hand #255785715380:  Hold'em No Limit ($0.05/$0.10) - 2025/04/18 16:05:17 CET [2025/04/18 10:05:17 ET]
Table 'Aludra' 6-max Seat #1 is the button
Seat 1: DanCoxell05 ($5.71 in chips) 
Seat 2: Kaybaman708 ($11.55 in chips) 
Seat 3: Alistair4567 ($19.56 in chips) 
Seat 4: chueko148 ($2.41 in chips) 
Seat 5: Mahu2021 ($11.37 in chips) 
Seat 6: pipa2270 ($12.04 in chips) 
Kaybaman708: posts small blind $0.05
Alistair4567: posts big blind $0.10
*** HOLE CARDS ***
Dealt to Mahu2021 [Ad 6c]
chueko148: raises $0.10 to $0.20
Mahu2021: folds 
pipa2270: folds 
DanCoxell05: folds 
Kaybaman708: folds 
Alistair4567: folds 
Uncalled bet ($0.10) returned to chueko148
chueko148 collected $0.25 from pot
chueko148: doesn't show hand 
*** SUMMARY ***
Total pot $0.25 | Rake $0 
Seat 1: DanCoxell05 (button) folded before Flop (didn't bet)
Seat 2: Kaybaman708 (small blind) folded before Flop
Seat 3: Alistair4567 (big blind) folded before Flop
Seat 4: chueko148 collected ($0.25)
Seat 5: Mahu2021 folded before Flop (didn't bet)
Seat 6: pipa2270 folded before Flop (didn't bet)



PokerStars Zoom Hand #255785703358:  Hold'em No Limit ($0.05/$0.10) - 2025/04/18 16:04:09 CET [2025/04/18 10:04:09 ET]
Table 'Aludra' 6-max Seat #1 is the button
Seat 1: Toffee9478 ($12.96 in chips) 
Seat 2: DJC1922 ($3.70 in chips) 
Seat 3: Mahu2021 ($11.37 in chips) 
Seat 4: GymStefani ($9.46 in chips) 
Seat 5: Die8 ($10.76 in chips) 
Seat 6: giannissapk ($10 in chips) 
DJC1922: posts small blind $0.05
Mahu2021: posts big blind $0.10
*** HOLE CARDS ***
Dealt to Mahu2021 [5d 7s]
GymStefani: folds 
Die8: folds 
giannissapk: folds 
Toffee9478: raises $0.20 to $0.30
DJC1922: calls $0.25
Mahu2021: folds 
*** FLOP *** [8c 3d Qc]
DJC1922: checks 
Toffee9478: bets $0.67
DJC1922 has timed out
DJC1922: folds 
Uncalled bet ($0.67) returned to Toffee9478
Toffee9478 collected $0.67 from pot
Toffee9478: doesn't show hand 
*** SUMMARY ***
Total pot $0.70 | Rake $0.03 
Board [8c 3d Qc]
Seat 1: Toffee9478 (button) collected ($0.67)
Seat 2: DJC1922 (small blind) folded on the Flop
Seat 3: Mahu2021 (big blind) folded before Flop
Seat 4: GymStefani folded before Flop (didn't bet)
Seat 5: Die8 folded before Flop (didn't bet)
Seat 6: giannissapk folded before Flop (didn't bet)



PokerStars Zoom Hand #255785717199:  Hold'em No Limit ($0.05/$0.10) - 2025/04/18 16:05:27 CET [2025/04/18 10:05:27 ET]
Table 'Aludra' 6-max Seat #1 is the button
Seat 1: Ethan1132 ($7.36 in chips) 
Seat 2: ScousePro ($12.37 in chips) 
Seat 3: Mahu2021 ($11.37 in chips) 
Seat 4: jim.gr450 ($29.59 in chips) 
Seat 5: kar4tune ($11.28 in chips) 
Seat 6: kakaroto249 ($12.96 in chips) 
ScousePro: posts small blind $0.05
Mahu2021: posts big blind $0.10
*** HOLE CARDS ***
Dealt to Mahu2021 [5s Jc]
jim.gr450: raises $0.12 to $0.22
kar4tune: folds 
kakaroto249: folds 
Ethan1132: folds 
ScousePro: folds 
Mahu2021: folds 
Uncalled bet ($0.12) returned to jim.gr450
jim.gr450 collected $0.25 from pot
jim.gr450: doesn't show hand 
*** SUMMARY ***
Total pot $0.25 | Rake $0 
Seat 1: Ethan1132 (button) folded before Flop (didn't bet)
Seat 2: ScousePro (small blind) folded before Flop
Seat 3: Mahu2021 (big blind) folded before Flop
Seat 4: jim.gr450 collected ($0.25)
Seat 5: kar4tune folded before Flop (didn't bet)
Seat 6: kakaroto249 folded before Flop (didn't bet)



PokerStars Zoom Hand #255785718223:  Hold'em No Limit ($0.05/$0.10) - 2025/04/18 16:05:33 CET [2025/04/18 10:05:33 ET]
Table 'Aludra' 6-max Seat #1 is the button
Seat 1: Mahu2021 ($11.27 in chips) 
Seat 2: Toffee9478 ($13.33 in chips) 
Seat 3: giannissapk ($10.55 in chips) 
Seat 4: Alistair4567 ($19.46 in chips) 
Seat 5: kakaroto249 ($12.96 in chips) 
Seat 6: ALPHA REBEL ($10.95 in chips) 
Toffee9478: posts small blind $0.05
giannissapk: posts big blind $0.10
*** HOLE CARDS ***
Dealt to Mahu2021 [Jc 9c]
Alistair4567: folds 
kakaroto249: folds 
ALPHA REBEL: folds 
Mahu2021: raises $0.20 to $0.30
Toffee9478: calls $0.25
giannissapk: calls $0.20
*** FLOP *** [2c Ad 2d]
Toffee9478: checks 
giannissapk: bets $0.28
Mahu2021: folds 
Toffee9478: folds 
Uncalled bet ($0.28) returned to giannissapk
giannissapk collected $0.86 from pot
giannissapk: doesn't show hand 
*** SUMMARY ***
Total pot $0.90 | Rake $0.04 
Board [2c Ad 2d]
Seat 1: Mahu2021 (button) folded on the Flop
Seat 2: Toffee9478 (small blind) folded on the Flop
Seat 3: giannissapk (big blind) collected ($0.86)
Seat 4: Alistair4567 folded before Flop (didn't bet)
Seat 5: kakaroto249 folded before Flop (didn't bet)
Seat 6: ALPHA REBEL folded before Flop (didn't bet)



PokerStars Zoom Hand #255785713975:  Hold'em No Limit ($0.05/$0.10) - 2025/04/18 16:05:09 CET [2025/04/18 10:05:09 ET]
Table 'Aludra' 6-max Seat #1 is the button
Seat 1: Mahu2021 ($11.37 in chips) 
Seat 2: Valdisney101 ($10.05 in chips) 
Seat 3: albatros9945 ($9.95 in chips) 
Seat 4: putzkedudu ($11.26 in chips) 
Seat 5: honEybOOx ($11.34 in chips) 
Seat 6: Spawn490 ($13.16 in chips) 
Valdisney101: posts small blind $0.05
albatros9945: posts big blind $0.10
*** HOLE CARDS ***
Dealt to Mahu2021 [Jd 2d]
putzkedudu: folds 
honEybOOx: folds 
Spawn490: raises $0.12 to $0.22
Mahu2021: folds 
Valdisney101: folds 
albatros9945: calls $0.12
*** FLOP *** [Th 7d 5c]
albatros9945: bets $0.30
Spawn490: calls $0.30
*** TURN *** [Th 7d 5c] [9h]
albatros9945: bets $0.60
Spawn490: calls $0.60
*** RIVER *** [Th 7d 5c 9h] [2s]
albatros9945: checks 
Spawn490: checks 
*** SHOW DOWN ***
albatros9945: shows [Jh 9s] (a pair of Nines)
Spawn490: mucks hand 
albatros9945 collected $2.19 from pot
*** SUMMARY ***
Total pot $2.29 | Rake $0.10 
Board [Th 7d 5c 9h 2s]
Seat 1: Mahu2021 (button) folded before Flop (didn't bet)
Seat 2: Valdisney101 (small blind) folded before Flop
Seat 3: albatros9945 (big blind) showed [Jh 9s] and won ($2.19) with a pair of Nines
Seat 4: putzkedudu folded before Flop (didn't bet)
Seat 5: honEybOOx folded before Flop (didn't bet)
Seat 6: Spawn490 mucked [Qs Kc]



PokerStars Zoom Hand #255785707417:  Hold'em No Limit ($0.05/$0.10) - 2025/04/18 16:04:32 CET [2025/04/18 10:04:32 ET]
Table 'Aludra' 6-max Seat #1 is the button
Seat 1: katiazai12 ($6.39 in chips) 
Seat 2: numbergirl27 ($10 in chips) 
Seat 3: Pimpen6996 ($7.09 in chips) 
Seat 4: Mahu2021 ($11.42 in chips) 
Seat 5: Heathfield_Bad ($27.24 in chips) 
Seat 6: RD27MR ($19.20 in chips) 
numbergirl27: posts small blind $0.05
Pimpen6996: posts big blind $0.10
*** HOLE CARDS ***
Dealt to Mahu2021 [Tc Qd]
Mahu2021: folds 
Heathfield_Bad: raises $0.15 to $0.25
RD27MR: folds 
katiazai12: calls $0.25
numbergirl27: folds 
Pimpen6996: calls $0.15
*** FLOP *** [Th 2d 8c]
Pimpen6996: checks 
Heathfield_Bad: bets $0.30
katiazai12: calls $0.30
Pimpen6996: folds 
*** TURN *** [Th 2d 8c] [4d]
Heathfield_Bad: bets $0.60
katiazai12: raises $0.60 to $1.20
Heathfield_Bad: calls $0.60
*** RIVER *** [Th 2d 8c 4d] [Ts]
Heathfield_Bad: bets $1.80
katiazai12: raises $2.84 to $4.64 and is all-in
Heathfield_Bad: folds 
Uncalled bet ($2.84) returned to katiazai12
katiazai12 collected $7.07 from pot
katiazai12: doesn't show hand 
*** SUMMARY ***
Total pot $7.40 | Rake $0.33 
Board [Th 2d 8c 4d Ts]
Seat 1: katiazai12 (button) collected ($7.07)
Seat 2: numbergirl27 (small blind) folded before Flop
Seat 3: Pimpen6996 (big blind) folded on the Flop
Seat 4: Mahu2021 folded before Flop (didn't bet)
Seat 5: Heathfield_Bad folded on the River
Seat 6: RD27MR folded before Flop (didn't bet)



PokerStars Zoom Hand #255785722101:  Hold'em No Limit ($0.05/$0.10) - 2025/04/18 16:05:55 CET [2025/04/18 10:05:55 ET]
Table 'Aludra' 6-max Seat #1 is the button
Seat 1: VadnaiG ($10.15 in chips) 
Seat 2: Mahu2021 ($10.97 in chips) 
Seat 3: Kaybaman708 ($11.50 in chips) 
Seat 4: redcarcodhed ($9.28 in chips) 
Seat 5: 777zloba777 ($10.45 in chips) 
Seat 6: ScousePro ($12.32 in chips) 
Mahu2021: posts small blind $0.05
Kaybaman708: posts big blind $0.10
*** HOLE CARDS ***
Dealt to Mahu2021 [4c As]
redcarcodhed: folds 
777zloba777: folds 
ScousePro: folds 
VadnaiG: raises $0.10 to $0.20
Mahu2021: calls $0.15
Kaybaman708: folds 
*** FLOP *** [6c Js 7h]
Mahu2021: checks 
VadnaiG: checks 
*** TURN *** [6c Js 7h] [Jc]
Mahu2021: bets $0.20
VadnaiG: folds 
Uncalled bet ($0.20) returned to Mahu2021
Mahu2021 collected $0.48 from pot
Mahu2021: doesn't show hand 
*** SUMMARY ***
Total pot $0.50 | Rake $0.02 
Board [6c Js 7h Jc]
Seat 1: VadnaiG (button) folded on the Turn
Seat 2: Mahu2021 (small blind) collected ($0.48)
Seat 3: Kaybaman708 (big blind) folded before Flop
Seat 4: redcarcodhed folded before Flop (didn't bet)
Seat 5: 777zloba777 folded before Flop (didn't bet)
Seat 6: ScousePro folded before Flop (didn't bet)



PokerStars Zoom Hand #255785727369:  Hold'em No Limit ($0.05/$0.10) - 2025/04/18 16:06:25 CET [2025/04/18 10:06:25 ET]
Table 'Aludra' 6-max Seat #1 is the button
Seat 1: fish1991f ($10 in chips) 
Seat 2: DJC1922 ($9.90 in chips) 
Seat 3: honEybOOx ($11.86 in chips) 
Seat 4: SlipperySealion ($14.91 in chips) 
Seat 5: Mahu2021 ($11.25 in chips) 
Seat 6: numbergirl27 ($13.53 in chips) 
DJC1922: posts small blind $0.05
honEybOOx: posts big blind $0.10
*** HOLE CARDS ***
Dealt to Mahu2021 [5s 8d]
SlipperySealion has timed out
SlipperySealion: folds 
Mahu2021: folds 
numbergirl27: folds 
fish1991f: folds 
DJC1922: folds 
Uncalled bet ($0.05) returned to honEybOOx
honEybOOx collected $0.10 from pot
honEybOOx: doesn't show hand 
*** SUMMARY ***
Total pot $0.10 | Rake $0 
Seat 1: fish1991f (button) folded before Flop (didn't bet)
Seat 2: DJC1922 (small blind) folded before Flop
Seat 3: honEybOOx (big blind) collected ($0.10)
Seat 4: SlipperySealion folded before Flop (didn't bet)
Seat 5: Mahu2021 folded before Flop (didn't bet)
Seat 6: numbergirl27 folded before Flop (didn't bet)



PokerStars Zoom Hand #255785728787:  Hold'em No Limit ($0.05/$0.10) - 2025/04/18 16:06:33 CET [2025/04/18 10:06:33 ET]
Table 'Aludra' 6-max Seat #1 is the button
Seat 1: 777zloba777 ($10.46 in chips) 
Seat 2: Valdisney101 ($9.90 in chips) 
Seat 3: jonathanaray ($4.29 in chips) 
Seat 4: Mahu2021 ($11.25 in chips) 
Seat 5: grrrama ($16.63 in chips) 
Seat 6: albatros9945 ($11.07 in chips) 
Valdisney101: posts small blind $0.05
jonathanaray: posts big blind $0.10
*** HOLE CARDS ***
Dealt to Mahu2021 [2s 4s]
Mahu2021: folds 
grrrama: folds 
albatros9945: folds 
777zloba777: folds 
Valdisney101: folds 
Uncalled bet ($0.05) returned to jonathanaray
jonathanaray collected $0.10 from pot
jonathanaray: doesn't show hand 
*** SUMMARY ***
Total pot $0.10 | Rake $0 
Seat 1: 777zloba777 (button) folded before Flop (didn't bet)
Seat 2: Valdisney101 (small blind) folded before Flop
Seat 3: jonathanaray (big blind) collected ($0.10)
Seat 4: Mahu2021 folded before Flop (didn't bet)
Seat 5: grrrama folded before Flop (didn't bet)
Seat 6: albatros9945 folded before Flop (didn't bet)



PokerStars Zoom Hand #255785729346:  Hold'em No Limit ($0.05/$0.10) - 2025/04/18 16:06:36 CET [2025/04/18 10:06:36 ET]
Table 'Aludra' 6-max Seat #1 is the button
Seat 1: stefen_mat ($12.86 in chips) 
Seat 2: Spawn490 ($12.14 in chips) 
Seat 3: strashilisht ($13.96 in chips) 
Seat 4: 777zloba777 ($10.60 in chips) 
Seat 5: SwivelSteal ($10.05 in chips) 
Seat 6: Mahu2021 ($11.25 in chips) 
Spawn490: posts small blind $0.05
strashilisht: posts big blind $0.10
*** HOLE CARDS ***
Dealt to Mahu2021 [4d Jc]
777zloba777: folds 
SwivelSteal: folds 
Mahu2021: folds 
stefen_mat: folds 
Spawn490: folds 
Uncalled bet ($0.05) returned to strashilisht
strashilisht collected $0.10 from pot
strashilisht: doesn't show hand 
*** SUMMARY ***
Total pot $0.10 | Rake $0 
Seat 1: stefen_mat (button) folded before Flop (didn't bet)
Seat 2: Spawn490 (small blind) folded before Flop
Seat 3: strashilisht (big blind) collected ($0.10)
Seat 4: 777zloba777 folded before Flop (didn't bet)
Seat 5: SwivelSteal folded before Flop (didn't bet)
Seat 6: Mahu2021 folded before Flop (didn't bet)



PokerStars Zoom Hand #255785730030:  Hold'em No Limit ($0.05/$0.10) - 2025/04/18 16:06:40 CET [2025/04/18 10:06:40 ET]
Table 'Aludra' 6-max Seat #1 is the button
Seat 1: giannissapk ($10.70 in chips) 
Seat 2: dreexxar ($10 in chips) 
Seat 3: jim.gr450 ($29.52 in chips) 
Seat 4: Mahu2021 ($11.25 in chips) 
Seat 5: stefen_mat ($12.86 in chips) 
Seat 6: Pataplan ($3.95 in chips) 
dreexxar: posts small blind $0.05
jim.gr450: posts big blind $0.10
*** HOLE CARDS ***
Dealt to Mahu2021 [9c Kc]
Mahu2021: raises $0.20 to $0.30
stefen_mat: raises $0.40 to $0.70
Pataplan: folds 
giannissapk: folds 
dreexxar: folds 
jim.gr450: folds 
Mahu2021: calls $0.40
*** FLOP *** [Jh 7d Js]
Mahu2021: bets $0.80
stefen_mat: calls $0.80
*** TURN *** [Jh 7d Js] [Jd]
Mahu2021: checks 
stefen_mat: bets $0.70
Mahu2021: calls $0.70
*** RIVER *** [Jh 7d Js Jd] [5d]
Mahu2021: checks 
stefen_mat: checks 
*** SHOW DOWN ***
Mahu2021: shows [9c Kc] (three of a kind, Jacks)
stefen_mat: shows [3h 3c] (a full house, Jacks full of Threes)
stefen_mat collected $4.30 from pot
*** SUMMARY ***
Total pot $4.55 | Rake $0.25 
Board [Jh 7d Js Jd 5d]
Seat 1: giannissapk (button) folded before Flop (didn't bet)
Seat 2: dreexxar (small blind) folded before Flop
Seat 3: jim.gr450 (big blind) folded before Flop
Seat 4: Mahu2021 showed [9c Kc] and lost with three of a kind, Jacks
Seat 5: stefen_mat showed [3h 3c] and won ($4.30) with a full house, Jacks full of Threes
Seat 6: Pataplan folded before Flop (didn't bet)



PokerStars Zoom Hand #255785737464:  Hold'em No Limit ($0.05/$0.10) - 2025/04/18 16:07:23 CET [2025/04/18 10:07:23 ET]
Table 'Aludra' 6-max Seat #1 is the button
Seat 1: SlipperySealion ($10 in chips) 
Seat 2: jim.gr450 ($10.39 in chips) 
Seat 3: BilaTserkva00 ($12.93 in chips) 
Seat 4: Mahu2021 ($9.05 in chips) 
Seat 5: lucas-fmtm ($20.29 in chips) 
Seat 6: giannissapk ($10.12 in chips) 
jim.gr450: posts small blind $0.05
BilaTserkva00: posts big blind $0.10
*** HOLE CARDS ***
Dealt to Mahu2021 [8h Kc]
Mahu2021: raises $0.20 to $0.30
lucas-fmtm: folds 
giannissapk: folds 
SlipperySealion: folds 
jim.gr450: folds 
BilaTserkva00: calls $0.20
*** FLOP *** [Kh 9s Kd]
BilaTserkva00: checks 
Mahu2021: checks 
*** TURN *** [Kh 9s Kd] [4c]
BilaTserkva00: bets $0.43
Mahu2021: raises $0.43 to $0.86
BilaTserkva00: folds 
Uncalled bet ($0.43) returned to Mahu2021
Mahu2021 collected $1.44 from pot
Mahu2021: doesn't show hand 
*** SUMMARY ***
Total pot $1.51 | Rake $0.07 
Board [Kh 9s Kd 4c]
Seat 1: SlipperySealion (button) folded before Flop (didn't bet)
Seat 2: jim.gr450 (small blind) folded before Flop
Seat 3: BilaTserkva00 (big blind) folded on the Turn
Seat 4: Mahu2021 collected ($1.44)
Seat 5: lucas-fmtm folded before Flop (didn't bet)
Seat 6: giannissapk folded before Flop (didn't bet)



PokerStars Zoom Hand #255785743239:  Hold'em No Limit ($0.05/$0.10) - 2025/04/18 16:07:56 CET [2025/04/18 10:07:56 ET]
Table 'Aludra' 6-max Seat #1 is the button
Seat 1: dreexxar ($10 in chips) 
Seat 2: BilaTserkva00 ($12.20 in chips) 
Seat 3: Mahu2021 ($9.76 in chips) 
Seat 4: fastboss358 ($10 in chips) 
Seat 5: FabOliveira9 ($11.30 in chips) 
Seat 6: marcioadrs ($10.15 in chips) 
BilaTserkva00: posts small blind $0.05
Mahu2021: posts big blind $0.10
*** HOLE CARDS ***
Dealt to Mahu2021 [7d Ad]
fastboss358: folds 
FabOliveira9: folds 
marcioadrs: folds 
dreexxar: folds 
BilaTserkva00: folds 
Uncalled bet ($0.05) returned to Mahu2021
Mahu2021 collected $0.10 from pot
Mahu2021: doesn't show hand 
*** SUMMARY ***
Total pot $0.10 | Rake $0 
Seat 1: dreexxar (button) folded before Flop (didn't bet)
Seat 2: BilaTserkva00 (small blind) folded before Flop
Seat 3: Mahu2021 (big blind) collected ($0.10)
Seat 4: fastboss358 folded before Flop (didn't bet)
Seat 5: FabOliveira9 folded before Flop (didn't bet)
Seat 6: marcioadrs folded before Flop (didn't bet)



PokerStars Zoom Hand #255785745391:  Hold'em No Limit ($0.05/$0.10) - 2025/04/18 16:08:08 CET [2025/04/18 10:08:08 ET]
Table 'Aludra' 6-max Seat #1 is the button
Seat 1: DJC1922 ($6.97 in chips) 
Seat 2: Mahu2021 ($9.81 in chips) 
Seat 3: dreexxar ($10 in chips) 
Seat 4: VadnaiG ($10.58 in chips) 
Seat 5: fish1991f ($10 in chips) 
Seat 6: cheddarman24 ($10 in chips) 
Mahu2021: posts small blind $0.05
dreexxar: posts big blind $0.10
*** HOLE CARDS ***
Dealt to Mahu2021 [4s Ts]
VadnaiG: folds 
fish1991f: folds 
cheddarman24: folds 
DJC1922: folds 
Mahu2021: raises $0.20 to $0.30
dreexxar: folds 
Uncalled bet ($0.20) returned to Mahu2021
Mahu2021 collected $0.20 from pot
Mahu2021: doesn't show hand 
*** SUMMARY ***
Total pot $0.20 | Rake $0 
Seat 1: DJC1922 (button) folded before Flop (didn't bet)
Seat 2: Mahu2021 (small blind) collected ($0.20)
Seat 3: dreexxar (big blind) folded before Flop
Seat 4: VadnaiG folded before Flop (didn't bet)
Seat 5: fish1991f folded before Flop (didn't bet)
Seat 6: cheddarman24 folded before Flop (didn't bet)



PokerStars Zoom Hand #255785747353:  Hold'em No Limit ($0.05/$0.10) - 2025/04/18 16:08:19 CET [2025/04/18 10:08:19 ET]
Table 'Aludra' 6-max Seat #1 is the button
Seat 1: Mahu2021 ($9.91 in chips) 
Seat 2: lucas-fmtm ($13.57 in chips) 
Seat 3: PaDenV ($11.25 in chips) 
Seat 4: numbergirl27 ($12.93 in chips) 
Seat 5: pokerstar671 ($18.45 in chips) 
Seat 6: jim.gr450 ($10.39 in chips) 
lucas-fmtm: posts small blind $0.05
PaDenV: posts big blind $0.10
*** HOLE CARDS ***
Dealt to Mahu2021 [6h 8d]
numbergirl27: folds 
pokerstar671: folds 
jim.gr450: folds 
Mahu2021: folds 
lucas-fmtm: folds 
Uncalled bet ($0.05) returned to PaDenV
PaDenV collected $0.10 from pot
PaDenV: doesn't show hand 
*** SUMMARY ***
Total pot $0.10 | Rake $0 
Seat 1: Mahu2021 (button) folded before Flop (didn't bet)
Seat 2: lucas-fmtm (small blind) folded before Flop
Seat 3: PaDenV (big blind) collected ($0.10)
Seat 4: numbergirl27 folded before Flop (didn't bet)
Seat 5: pokerstar671 folded before Flop (didn't bet)
Seat 6: jim.gr450 folded before Flop (didn't bet)



PokerStars Zoom Hand #255785748029:  Hold'em No Limit ($0.05/$0.10) - 2025/04/18 16:08:23 CET [2025/04/18 10:08:23 ET]
Table 'Aludra' 6-max Seat #1 is the button
Seat 1: giannissapk ($13.12 in chips) 
Seat 2: VadnaiG ($10.58 in chips) 
Seat 3: Valdisney101 ($10 in chips) 
Seat 4: SwivelSteal ($10.97 in chips) 
Seat 5: dochaaa ($10 in chips) 
Seat 6: Mahu2021 ($9.91 in chips) 
VadnaiG: posts small blind $0.05
Valdisney101: posts big blind $0.10
*** HOLE CARDS ***
Dealt to Mahu2021 [Ad 5d]
SwivelSteal: raises $0.10 to $0.20
dochaaa: folds 
Mahu2021: calls $0.20
giannissapk: calls $0.20
VadnaiG: folds 
Valdisney101: folds 
*** FLOP *** [Qd 5s 6h]
SwivelSteal: bets $0.36
Mahu2021: calls $0.36
giannissapk: folds 
*** TURN *** [Qd 5s 6h] [Qh]
SwivelSteal: checks 
Mahu2021: bets $1.40
SwivelSteal: raises $9.01 to $10.41 and is all-in
Mahu2021: folds 
Uncalled bet ($9.01) returned to SwivelSteal
SwivelSteal collected $4.08 from pot
SwivelSteal: doesn't show hand 
*** SUMMARY ***
Total pot $4.27 | Rake $0.19 
Board [Qd 5s 6h Qh]
Seat 1: giannissapk (button) folded on the Flop
Seat 2: VadnaiG (small blind) folded before Flop
Seat 3: Valdisney101 (big blind) folded before Flop
Seat 4: SwivelSteal collected ($4.08)
Seat 5: dochaaa folded before Flop (didn't bet)
Seat 6: Mahu2021 folded on the Turn



PokerStars Zoom Hand #255785752282:  Hold'em No Limit ($0.05/$0.10) - 2025/04/18 16:08:48 CET [2025/04/18 10:08:48 ET]
Table 'Aludra' 6-max Seat #1 is the button
Seat 1: fish1991f ($10 in chips) 
Seat 2: stefen_mat ($15.72 in chips) 
Seat 3: cheddarman24 ($10.32 in chips) 
Seat 4: ALPHA REBEL ($16.24 in chips) 
Seat 5: Mahu2021 ($7.95 in chips) 
Seat 6: ScousePro ($14.66 in chips) 
stefen_mat: posts small blind $0.05
cheddarman24: posts big blind $0.10
*** HOLE CARDS ***
Dealt to Mahu2021 [7h Js]
ALPHA REBEL: folds 
Mahu2021: folds 
ScousePro: folds 
fish1991f: folds 
stefen_mat: raises $0.10 to $0.20
cheddarman24: folds 
Uncalled bet ($0.10) returned to stefen_mat
stefen_mat collected $0.20 from pot
stefen_mat: doesn't show hand 
*** SUMMARY ***
Total pot $0.20 | Rake $0 
Seat 1: fish1991f (button) folded before Flop (didn't bet)
Seat 2: stefen_mat (small blind) collected ($0.20)
Seat 3: cheddarman24 (big blind) folded before Flop
Seat 4: ALPHA REBEL folded before Flop (didn't bet)
Seat 5: Mahu2021 folded before Flop (didn't bet)
Seat 6: ScousePro folded before Flop (didn't bet)



PokerStars Zoom Hand #255785753721:  Hold'em No Limit ($0.05/$0.10) - 2025/04/18 16:08:55 CET [2025/04/18 10:08:55 ET]
Table 'Aludra' 6-max Seat #1 is the button
Seat 1: jim.gr450 ($10.24 in chips) 
Seat 2: pokerstar671 ($5.58 in chips) 
Seat 3: Mahu2021 ($7.95 in chips) 
Seat 4: Alistair4567 ($11.64 in chips) 
Seat 5: GymStefani ($3.54 in chips) 
Seat 6: gamma720 ($18.70 in chips) 
pokerstar671: posts small blind $0.05
Mahu2021: posts big blind $0.10
*** HOLE CARDS ***
Dealt to Mahu2021 [5d 4d]
Alistair4567: raises $0.15 to $0.25
GymStefani: folds 
gamma720: folds 
jim.gr450: folds 
pokerstar671: folds 
Mahu2021: calls $0.15
*** FLOP *** [Qc 7d 7c]
Mahu2021: checks 
Alistair4567: bets $0.10
Mahu2021: folds 
Uncalled bet ($0.10) returned to Alistair4567
Alistair4567 collected $0.53 from pot
Alistair4567: doesn't show hand 
*** SUMMARY ***
Total pot $0.55 | Rake $0.02 
Board [Qc 7d 7c]
Seat 1: jim.gr450 (button) folded before Flop (didn't bet)
Seat 2: pokerstar671 (small blind) folded before Flop
Seat 3: Mahu2021 (big blind) folded on the Flop
Seat 4: Alistair4567 collected ($0.53)
Seat 5: GymStefani folded before Flop (didn't bet)
Seat 6: gamma720 folded before Flop (didn't bet)



PokerStars Zoom Hand #255785757109:  Hold'em No Limit ($0.05/$0.10) - 2025/04/18 16:09:14 CET [2025/04/18 10:09:14 ET]
Table 'Aludra' 6-max Seat #1 is the button
Seat 1: SwivelSteal ($10 in chips) 
Seat 2: giannissapk ($17.32 in chips) 
Seat 3: FabOliveira9 ($12.04 in chips) 
Seat 4: Mahu2021 ($7.70 in chips) 
Seat 5: ItWasDuke ($10.51 in chips) 
Seat 6: XXXXX466 ($10 in chips) 
giannissapk: posts small blind $0.05
FabOliveira9: posts big blind $0.10
*** HOLE CARDS ***
Dealt to Mahu2021 [Ks Ac]
Mahu2021: raises $0.10 to $0.20
ItWasDuke: folds 
XXXXX466: folds 
SwivelSteal: raises $0.45 to $0.65
giannissapk: folds 
FabOliveira9: folds 
Mahu2021: raises $1.45 to $2.10
SwivelSteal: folds 
Uncalled bet ($1.45) returned to Mahu2021
Mahu2021 collected $1.45 from pot
Mahu2021: doesn't show hand 
*** SUMMARY ***
Total pot $1.45 | Rake $0 
Seat 1: SwivelSteal (button) folded before Flop
Seat 2: giannissapk (small blind) folded before Flop
Seat 3: FabOliveira9 (big blind) folded before Flop
Seat 4: Mahu2021 collected ($1.45)
Seat 5: ItWasDuke folded before Flop (didn't bet)
Seat 6: XXXXX466 folded before Flop (didn't bet)



PokerStars Zoom Hand #255785760377:  Hold'em No Limit ($0.05/$0.10) - 2025/04/18 16:09:33 CET [2025/04/18 10:09:33 ET]
Table 'Aludra' 6-max Seat #1 is the button
Seat 1: Mahu2021 ($8.50 in chips) 
Seat 2: thebuilder86 ($10.05 in chips) 
Seat 3: Dungwish ($10 in chips) 
Seat 4: putzkedudu ($11.89 in chips) 
Seat 5: numbergirl27 ($10.44 in chips) 
Seat 6: SwivelSteal ($13.31 in chips) 
thebuilder86: posts small blind $0.05
Dungwish: posts big blind $0.10
*** HOLE CARDS ***
Dealt to Mahu2021 [Ac Js]
putzkedudu: folds 
numbergirl27: folds 
SwivelSteal: folds 
Mahu2021: raises $0.20 to $0.30
thebuilder86: folds 
Dungwish: folds 
Uncalled bet ($0.20) returned to Mahu2021
Mahu2021 collected $0.25 from pot
Mahu2021: doesn't show hand 
*** SUMMARY ***
Total pot $0.25 | Rake $0 
Seat 1: Mahu2021 (button) collected ($0.25)
Seat 2: thebuilder86 (small blind) folded before Flop
Seat 3: Dungwish (big blind) folded before Flop
Seat 4: putzkedudu folded before Flop (didn't bet)
Seat 5: numbergirl27 folded before Flop (didn't bet)
Seat 6: SwivelSteal folded before Flop (didn't bet)



PokerStars Zoom Hand #255785762525:  Hold'em No Limit ($0.05/$0.10) - 2025/04/18 16:09:46 CET [2025/04/18 10:09:46 ET]
Table 'Aludra' 6-max Seat #1 is the button
Seat 1: ALPHA REBEL ($15.12 in chips) 
Seat 2: fish1991f ($10 in chips) 
Seat 3: SwivelSteal ($13.31 in chips) 
Seat 4: 777zloba777 ($15.02 in chips) 
Seat 5: Die8 ($11.52 in chips) 
Seat 6: Mahu2021 ($8.65 in chips) 
fish1991f: posts small blind $0.05
SwivelSteal: posts big blind $0.10
*** HOLE CARDS ***
Dealt to Mahu2021 [Kc Qd]
777zloba777: folds 
Die8: folds 
Mahu2021: raises $0.20 to $0.30
ALPHA REBEL: folds 
fish1991f: folds 
SwivelSteal: calls $0.20
*** FLOP *** [As Jh 9c]
SwivelSteal: checks 
Mahu2021: bets $0.62
SwivelSteal: folds 
Uncalled bet ($0.62) returned to Mahu2021
Mahu2021 collected $0.62 from pot
Mahu2021: doesn't show hand 
*** SUMMARY ***
Total pot $0.65 | Rake $0.03 
Board [As Jh 9c]
Seat 1: ALPHA REBEL (button) folded before Flop (didn't bet)
Seat 2: fish1991f (small blind) folded before Flop
Seat 3: SwivelSteal (big blind) folded on the Flop
Seat 4: 777zloba777 folded before Flop (didn't bet)
Seat 5: Die8 folded before Flop (didn't bet)
Seat 6: Mahu2021 collected ($0.62)



PokerStars Zoom Hand #255785766521:  Hold'em No Limit ($0.05/$0.10) - 2025/04/18 16:10:08 CET [2025/04/18 10:10:08 ET]
Table 'Aludra' 6-max Seat #1 is the button
Seat 1: SwivelSteal ($10 in chips) 
Seat 2: Mahu2021 ($8.97 in chips) 
Seat 3: Thiguin9 ($19.64 in chips) 
Seat 4: VadnaiG ($11.41 in chips) 
Seat 5: pokerstar671 ($35.44 in chips) 
Seat 6: fish1991f ($10.15 in chips) 
Mahu2021: posts small blind $0.05
Thiguin9: posts big blind $0.10
*** HOLE CARDS ***
Dealt to Mahu2021 [Js 8d]
VadnaiG: folds 
pokerstar671: folds 
fish1991f: folds 
SwivelSteal: folds 
Mahu2021: raises $0.20 to $0.30
Thiguin9: calls $0.20
*** FLOP *** [7s 4c Ac]
Mahu2021: bets $0.30
Thiguin9: calls $0.30
*** TURN *** [7s 4c Ac] [3s]
Mahu2021: checks 
Thiguin9: bets $0.29
Mahu2021: folds 
Uncalled bet ($0.29) returned to Thiguin9
Thiguin9 collected $1.15 from pot
Thiguin9: doesn't show hand 
*** SUMMARY ***
Total pot $1.20 | Rake $0.05 
Board [7s 4c Ac 3s]
Seat 1: SwivelSteal (button) folded before Flop (didn't bet)
Seat 2: Mahu2021 (small blind) folded on the Turn
Seat 3: Thiguin9 (big blind) collected ($1.15)
Seat 4: VadnaiG folded before Flop (didn't bet)
Seat 5: pokerstar671 folded before Flop (didn't bet)
Seat 6: fish1991f folded before Flop (didn't bet)



PokerStars Zoom Hand #255785772613:  Hold'em No Limit ($0.05/$0.10) - 2025/04/18 16:10:43 CET [2025/04/18 10:10:43 ET]
Table 'Aludra' 6-max Seat #1 is the button
Seat 1: Mahu2021 ($8.37 in chips) 
Seat 2: pipa2270 ($11.94 in chips) 
Seat 3: VadnaiG ($10.85 in chips) 
Seat 4: dauria333 ($8.71 in chips) 
Seat 5: Pataplan ($4.03 in chips) 
Seat 6: 777zloba777 ($14.82 in chips) 
pipa2270: posts small blind $0.05
VadnaiG: posts big blind $0.10
*** HOLE CARDS ***
Dealt to Mahu2021 [3h 7h]
dauria333: folds 
Pataplan: folds 
777zloba777: folds 
Mahu2021: folds 
pipa2270: folds 
Uncalled bet ($0.05) returned to VadnaiG
VadnaiG collected $0.10 from pot
VadnaiG: doesn't show hand 
*** SUMMARY ***
Total pot $0.10 | Rake $0 
Seat 1: Mahu2021 (button) folded before Flop (didn't bet)
Seat 2: pipa2270 (small blind) folded before Flop
Seat 3: VadnaiG (big blind) collected ($0.10)
Seat 4: dauria333 folded before Flop (didn't bet)
Seat 5: Pataplan folded before Flop (didn't bet)
Seat 6: 777zloba777 folded before Flop (didn't bet)



PokerStars Zoom Hand #255785771379:  Hold'em No Limit ($0.05/$0.10) - 2025/04/18 16:10:36 CET [2025/04/18 10:10:36 ET]
Table 'Aludra' 6-max Seat #1 is the button
Seat 1: restecalm ($19.19 in chips) 
Seat 2: ALPHA REBEL ($12.05 in chips) 
Seat 3: putzkedudu ($24.37 in chips) 
Seat 4: makarius48 ($8.63 in chips) 
Seat 5: Mahu2021 ($8.37 in chips) 
Seat 6: ScousePro ($13.78 in chips) 
ALPHA REBEL: posts small blind $0.05
putzkedudu: posts big blind $0.10
*** HOLE CARDS ***
Dealt to Mahu2021 [Td 4c]
makarius48: raises $0.10 to $0.20
Mahu2021: folds 
ScousePro: folds 
restecalm: calls $0.20
ALPHA REBEL: folds 
putzkedudu: folds 
*** FLOP *** [7h 5d 8c]
makarius48: checks 
restecalm: bets $0.20
makarius48: raises $0.93 to $1.13
restecalm: folds 
Uncalled bet ($0.93) returned to makarius48
makarius48 collected $0.91 from pot
makarius48: doesn't show hand 
*** SUMMARY ***
Total pot $0.95 | Rake $0.04 
Board [7h 5d 8c]
Seat 1: restecalm (button) folded on the Flop
Seat 2: ALPHA REBEL (small blind) folded before Flop
Seat 3: putzkedudu (big blind) folded before Flop
Seat 4: makarius48 collected ($0.91)
Seat 5: Mahu2021 folded before Flop (didn't bet)
Seat 6: ScousePro folded before Flop (didn't bet)



PokerStars Zoom Hand #255785773057:  Hold'em No Limit ($0.05/$0.10) - 2025/04/18 16:10:46 CET [2025/04/18 10:10:46 ET]
Table 'Aludra' 6-max Seat #1 is the button
Seat 1: Kaybaman708 ($33.06 in chips) 
Seat 2: Mahu2021 ($8.37 in chips) 
Seat 3: thebuilder86 ($10.32 in chips) 
Seat 4: ScousePro ($15.25 in chips) 
Seat 5: giannissapk ($10.60 in chips) 
Seat 6: dreexxar ($10.10 in chips) 
Mahu2021: posts small blind $0.05
thebuilder86: posts big blind $0.10
*** HOLE CARDS ***
Dealt to Mahu2021 [9d 6h]
ScousePro: raises $0.12 to $0.22
giannissapk: folds 
dreexxar: folds 
Kaybaman708: folds 
Mahu2021: folds 
thebuilder86: folds 
Uncalled bet ($0.12) returned to ScousePro
ScousePro collected $0.25 from pot
ScousePro: doesn't show hand 
*** SUMMARY ***
Total pot $0.25 | Rake $0 
Seat 1: Kaybaman708 (button) folded before Flop (didn't bet)
Seat 2: Mahu2021 (small blind) folded before Flop
Seat 3: thebuilder86 (big blind) folded before Flop
Seat 4: ScousePro collected ($0.25)
Seat 5: giannissapk folded before Flop (didn't bet)
Seat 6: dreexxar folded before Flop (didn't bet)



PokerStars Zoom Hand #255785772108:  Hold'em No Limit ($0.05/$0.10) - 2025/04/18 16:10:41 CET [2025/04/18 10:10:41 ET]
Table 'Aludra' 6-max Seat #1 is the button
Seat 1: 777zloba777 ($14.82 in chips) 
Seat 2: cheddarman24 ($11.17 in chips) 
Seat 3: BilaTserkva00 ($10.25 in chips) 
Seat 4: Mahu2021 ($8.37 in chips) 
Seat 5: ALPHA REBEL ($12 in chips) 
Seat 6: SlipperySealion ($10.87 in chips) 
cheddarman24: posts small blind $0.05
BilaTserkva00: posts big blind $0.10
*** HOLE CARDS ***
Dealt to Mahu2021 [2d 3c]
Mahu2021: folds 
ALPHA REBEL: raises $0.15 to $0.25
SlipperySealion: folds 
777zloba777: folds 
cheddarman24: folds 
BilaTserkva00: folds 
Uncalled bet ($0.15) returned to ALPHA REBEL
ALPHA REBEL collected $0.25 from pot
ALPHA REBEL: doesn't show hand 
*** SUMMARY ***
Total pot $0.25 | Rake $0 
Seat 1: 777zloba777 (button) folded before Flop (didn't bet)
Seat 2: cheddarman24 (small blind) folded before Flop
Seat 3: BilaTserkva00 (big blind) folded before Flop
Seat 4: Mahu2021 folded before Flop (didn't bet)
Seat 5: ALPHA REBEL collected ($0.25)
Seat 6: SlipperySealion folded before Flop (didn't bet)



PokerStars Zoom Hand #255785774947:  Hold'em No Limit ($0.05/$0.10) - 2025/04/18 16:10:57 CET [2025/04/18 10:10:57 ET]
Table 'Aludra' 6-max Seat #1 is the button
Seat 1: SlipperySealion ($23.79 in chips) 
Seat 2: Die8 ($11.06 in chips) 
Seat 3: DanCoxell05 ($8.32 in chips) 
Seat 4: PaDenV ($11.40 in chips) 
Seat 5: Mahu2021 ($8.22 in chips) 
Seat 6: SwivelSteal ($10 in chips) 
Die8: posts small blind $0.05
DanCoxell05: posts big blind $0.10
*** HOLE CARDS ***
Dealt to Mahu2021 [Kh Qs]
PaDenV: folds 
Mahu2021: raises $0.20 to $0.30
SwivelSteal: folds 
SlipperySealion: folds 
Die8: raises $0.95 to $1.25
DanCoxell05: folds 
Mahu2021: folds 
Uncalled bet ($0.95) returned to Die8
Die8 collected $0.70 from pot
Die8: doesn't show hand 
*** SUMMARY ***
Total pot $0.70 | Rake $0 
Seat 1: SlipperySealion (button) folded before Flop (didn't bet)
Seat 2: Die8 (small blind) collected ($0.70)
Seat 3: DanCoxell05 (big blind) folded before Flop
Seat 4: PaDenV folded before Flop (didn't bet)
Seat 5: Mahu2021 folded before Flop
Seat 6: SwivelSteal folded before Flop (didn't bet)



PokerStars Zoom Hand #255785778279:  Hold'em No Limit ($0.05/$0.10) - 2025/04/18 16:11:16 CET [2025/04/18 10:11:16 ET]
Table 'Aludra' 6-max Seat #1 is the button
Seat 1: ScousePro ($15.30 in chips) 
Seat 2: SwivelSteal ($10 in chips) 
Seat 3: ALPHA REBEL ($15.89 in chips) 
Seat 4: TreeTreeTreeAA ($10.15 in chips) 
Seat 5: 777zloba777 ($12.10 in chips) 
Seat 6: Mahu2021 ($7.92 in chips) 
SwivelSteal: posts small blind $0.05
ALPHA REBEL: posts big blind $0.10
*** HOLE CARDS ***
Dealt to Mahu2021 [9d 6c]
TreeTreeTreeAA: folds 
777zloba777: folds 
Mahu2021: folds 
ScousePro: folds 
SwivelSteal: folds 
Uncalled bet ($0.05) returned to ALPHA REBEL
ALPHA REBEL collected $0.10 from pot
ALPHA REBEL: doesn't show hand 
*** SUMMARY ***
Total pot $0.10 | Rake $0 
Seat 1: ScousePro (button) folded before Flop (didn't bet)
Seat 2: SwivelSteal (small blind) folded before Flop
Seat 3: ALPHA REBEL (big blind) collected ($0.10)
Seat 4: TreeTreeTreeAA folded before Flop (didn't bet)
Seat 5: 777zloba777 folded before Flop (didn't bet)
Seat 6: Mahu2021 folded before Flop (didn't bet)



PokerStars Zoom Hand #255785773656:  Hold'em No Limit ($0.05/$0.10) - 2025/04/18 16:10:49 CET [2025/04/18 10:10:49 ET]
Table 'Aludra' 6-max Seat #1 is the button
Seat 1: Hazooka ($4.11 in chips) 
Seat 2: Dungwish ($11.35 in chips) 
Seat 3: Mahu2021 ($8.32 in chips) 
Seat 4: Pimpen6996 ($5.40 in chips) 
Seat 5: putzkedudu ($11.52 in chips) 
Seat 6: Yuck0811 ($10.36 in chips) 
Dungwish: posts small blind $0.05
Mahu2021: posts big blind $0.10
*** HOLE CARDS ***
Dealt to Mahu2021 [4s 7h]
Pimpen6996: raises $0.20 to $0.30
putzkedudu: raises $0.60 to $0.90
Yuck0811: folds 
Hazooka: folds 
Dungwish: folds 
Mahu2021: folds 
Pimpen6996: calls $0.60
*** FLOP *** [As Ks 3h]
Pimpen6996: checks 
putzkedudu: bets $0.22
Pimpen6996: raises $1.15 to $1.37
putzkedudu: folds 
Uncalled bet ($1.15) returned to Pimpen6996
Pimpen6996 collected $2.28 from pot
Pimpen6996: doesn't show hand 
*** SUMMARY ***
Total pot $2.39 | Rake $0.11 
Board [As Ks 3h]
Seat 1: Hazooka (button) folded before Flop (didn't bet)
Seat 2: Dungwish (small blind) folded before Flop
Seat 3: Mahu2021 (big blind) folded before Flop
Seat 4: Pimpen6996 collected ($2.28)
Seat 5: putzkedudu folded on the Flop
Seat 6: Yuck0811 folded before Flop (didn't bet)



PokerStars Zoom Hand #255785779838:  Hold'em No Limit ($0.05/$0.10) - 2025/04/18 16:11:25 CET [2025/04/18 10:11:25 ET]
Table 'Aludra' 6-max Seat #1 is the button
Seat 1: TreeTreeTreeAA ($10.15 in chips) 
Seat 2: SlipperySealion ($11.07 in chips) 
Seat 3: Kaybaman708 ($25.22 in chips) 
Seat 4: Mahu2021 ($7.92 in chips) 
Seat 5: Dungwish ($10.28 in chips) 
Seat 6: Alistair4567 ($27.89 in chips) 
SlipperySealion: posts small blind $0.05
Kaybaman708: posts big blind $0.10
*** HOLE CARDS ***
Dealt to Mahu2021 [8c Jd]
Mahu2021: folds 
Dungwish: folds 
Alistair4567: folds 
TreeTreeTreeAA: raises $0.15 to $0.25
SlipperySealion: folds 
Kaybaman708: folds 
Uncalled bet ($0.15) returned to TreeTreeTreeAA
TreeTreeTreeAA collected $0.25 from pot
TreeTreeTreeAA: doesn't show hand 
*** SUMMARY ***
Total pot $0.25 | Rake $0 
Seat 1: TreeTreeTreeAA (button) collected ($0.25)
Seat 2: SlipperySealion (small blind) folded before Flop
Seat 3: Kaybaman708 (big blind) folded before Flop
Seat 4: Mahu2021 folded before Flop (didn't bet)
Seat 5: Dungwish folded before Flop (didn't bet)
Seat 6: Alistair4567 folded before Flop (didn't bet)



PokerStars Zoom Hand #255785780908:  Hold'em No Limit ($0.05/$0.10) - 2025/04/18 16:11:31 CET [2025/04/18 10:11:31 ET]
Table 'Aludra' 6-max Seat #1 is the button
Seat 1: totsy666 ($9.85 in chips) 
Seat 2: albatros9945 ($10.08 in chips) 
Seat 3: Mahu2021 ($7.92 in chips) 
Seat 4: SwivelSteal ($10 in chips) 
Seat 5: putzkedudu ($24.52 in chips) 
Seat 6: Valdisney101 ($8.75 in chips) 
albatros9945: posts small blind $0.05
Mahu2021: posts big blind $0.10
*** HOLE CARDS ***
Dealt to Mahu2021 [5s 3h]
SwivelSteal: raises $0.10 to $0.20
putzkedudu: folds 
Valdisney101: folds 
totsy666: folds 
albatros9945: folds 
Mahu2021: folds 
Uncalled bet ($0.10) returned to SwivelSteal
SwivelSteal collected $0.25 from pot
SwivelSteal: doesn't show hand 
*** SUMMARY ***
Total pot $0.25 | Rake $0 
Seat 1: totsy666 (button) folded before Flop (didn't bet)
Seat 2: albatros9945 (small blind) folded before Flop
Seat 3: Mahu2021 (big blind) folded before Flop
Seat 4: SwivelSteal collected ($0.25)
Seat 5: putzkedudu folded before Flop (didn't bet)
Seat 6: Valdisney101 folded before Flop (didn't bet)



PokerStars Zoom Hand #255785781784:  Hold'em No Limit ($0.05/$0.10) - 2025/04/18 16:11:36 CET [2025/04/18 10:11:36 ET]
Table 'Aludra' 6-max Seat #1 is the button
Seat 1: Die8 ($10.30 in chips) 
Seat 2: Mahu2021 ($7.82 in chips) 
Seat 3: Alistair4567 ($10.16 in chips) 
Seat 4: TreeTreeTreeAA ($16.21 in chips) 
Seat 5: totsy666 ($9.85 in chips) 
Seat 6: Dungwish ($10 in chips) 
Mahu2021: posts small blind $0.05
Alistair4567: posts big blind $0.10
*** HOLE CARDS ***
Dealt to Mahu2021 [4d 3d]
TreeTreeTreeAA: folds 
totsy666: raises $0.10 to $0.20
Dungwish: folds 
Die8: folds 
Mahu2021: calls $0.15
Alistair4567: folds 
*** FLOP *** [As 4h 9d]
Mahu2021: bets $0.30
totsy666: folds 
Uncalled bet ($0.30) returned to Mahu2021
Mahu2021 collected $0.48 from pot
Mahu2021: doesn't show hand 
*** SUMMARY ***
Total pot $0.50 | Rake $0.02 
Board [As 4h 9d]
Seat 1: Die8 (button) folded before Flop (didn't bet)
Seat 2: Mahu2021 (small blind) collected ($0.48)
Seat 3: Alistair4567 (big blind) folded before Flop
Seat 4: TreeTreeTreeAA folded before Flop (didn't bet)
Seat 5: totsy666 folded on the Flop
Seat 6: Dungwish folded before Flop (didn't bet)



PokerStars Zoom Hand #255785784308:  Hold'em No Limit ($0.05/$0.10) - 2025/04/18 16:11:50 CET [2025/04/18 10:11:50 ET]
Table 'Aludra' 6-max Seat #1 is the button
Seat 1: Mahu2021 ($8.10 in chips) 
Seat 2: ALPHA REBEL ($15.01 in chips) 
Seat 3: PaDenV ($11.18 in chips) 
Seat 4: DanCoxell05 ($8.52 in chips) 
Seat 5: SwivelSteal ($12.86 in chips) 
Seat 6: restecalm ($18.42 in chips) 
ALPHA REBEL: posts small blind $0.05
PaDenV: posts big blind $0.10
*** HOLE CARDS ***
Dealt to Mahu2021 [8s 5d]
DanCoxell05: folds 
SwivelSteal: folds 
restecalm: folds 
Mahu2021: folds 
ALPHA REBEL: raises $0.15 to $0.25
PaDenV: folds 
Uncalled bet ($0.15) returned to ALPHA REBEL
ALPHA REBEL collected $0.20 from pot
ALPHA REBEL: doesn't show hand 
*** SUMMARY ***
Total pot $0.20 | Rake $0 
Seat 1: Mahu2021 (button) folded before Flop (didn't bet)
Seat 2: ALPHA REBEL (small blind) collected ($0.20)
Seat 3: PaDenV (big blind) folded before Flop
Seat 4: DanCoxell05 folded before Flop (didn't bet)
Seat 5: SwivelSteal folded before Flop (didn't bet)
Seat 6: restecalm folded before Flop (didn't bet)



PokerStars Zoom Hand #255785785013:  Hold'em No Limit ($0.05/$0.10) - 2025/04/18 16:11:55 CET [2025/04/18 10:11:55 ET]
Table 'Aludra' 6-max Seat #1 is the button
Seat 1: SlipperySealion ($16.78 in chips) 
Seat 2: cheddarman24 ($10.43 in chips) 
Seat 3: 8¥EUX ($12.37 in chips) 
Seat 4: VadnaiG ($10.24 in chips) 
Seat 5: 777zloba777 ($15.05 in chips) 
Seat 6: Mahu2021 ($8.10 in chips) 
cheddarman24: posts small blind $0.05
8¥EUX: posts big blind $0.10
*** HOLE CARDS ***
Dealt to Mahu2021 [6c Jd]
VadnaiG: folds 
777zloba777: folds 
Mahu2021: folds 
SlipperySealion: folds 
cheddarman24: folds 
Uncalled bet ($0.05) returned to 8¥EUX
8¥EUX collected $0.10 from pot
8¥EUX: doesn't show hand 
*** SUMMARY ***
Total pot $0.10 | Rake $0 
Seat 1: SlipperySealion (button) folded before Flop (didn't bet)
Seat 2: cheddarman24 (small blind) folded before Flop
Seat 3: 8¥EUX (big blind) collected ($0.10)
Seat 4: VadnaiG folded before Flop (didn't bet)
Seat 5: 777zloba777 folded before Flop (didn't bet)
Seat 6: Mahu2021 folded before Flop (didn't bet)



PokerStars Zoom Hand #255785785751:  Hold'em No Limit ($0.05/$0.10) - 2025/04/18 16:11:59 CET [2025/04/18 10:11:59 ET]
Table 'Aludra' 6-max Seat #1 is the button
Seat 1: pokerstar671 ($35.52 in chips) 
Seat 2: DJC1922 ($7 in chips) 
Seat 3: Pataplan ($3.83 in chips) 
Seat 4: Lanziee ($9.85 in chips) 
Seat 5: Mahu2021 ($8.10 in chips) 
Seat 6: dochaaa ($10.15 in chips) 
DJC1922: posts small blind $0.05
Pataplan: posts big blind $0.10
*** HOLE CARDS ***
Dealt to Mahu2021 [4c 5c]
Lanziee: folds 
Mahu2021: raises $0.20 to $0.30
dochaaa: folds 
pokerstar671: folds 
DJC1922: folds 
Pataplan: folds 
Uncalled bet ($0.20) returned to Mahu2021
Mahu2021 collected $0.25 from pot
Mahu2021: doesn't show hand 
*** SUMMARY ***
Total pot $0.25 | Rake $0 
Seat 1: pokerstar671 (button) folded before Flop (didn't bet)
Seat 2: DJC1922 (small blind) folded before Flop
Seat 3: Pataplan (big blind) folded before Flop
Seat 4: Lanziee folded before Flop (didn't bet)
Seat 5: Mahu2021 collected ($0.25)
Seat 6: dochaaa folded before Flop (didn't bet)



PokerStars Zoom Hand #255785778909:  Hold'em No Limit ($0.05/$0.10) - 2025/04/18 16:11:19 CET [2025/04/18 10:11:19 ET]
Table 'Aludra' 6-max Seat #1 is the button
Seat 1: VadnaiG ($22.03 in chips) 
Seat 2: morethanaverage ($10.76 in chips) 
Seat 3: Spawn490 ($10 in chips) 
Seat 4: Mahu2021 ($7.92 in chips) 
Seat 5: Kaybaman708 ($25.22 in chips) 
Seat 6: kar4tune ($1.07 in chips) 
morethanaverage: posts small blind $0.05
Spawn490: posts big blind $0.10
*** HOLE CARDS ***
Dealt to Mahu2021 [2c Qc]
Mahu2021: folds 
Kaybaman708: folds 
kar4tune: folds 
VadnaiG: raises $0.10 to $0.20
morethanaverage: calls $0.15
Spawn490: folds 
*** FLOP *** [Js Ts Qd]
morethanaverage: checks 
VadnaiG: bets $0.20
morethanaverage: calls $0.20
*** TURN *** [Js Ts Qd] [3d]
morethanaverage: checks 
VadnaiG: checks 
*** RIVER *** [Js Ts Qd 3d] [6d]
morethanaverage: checks 
VadnaiG: checks 
*** SHOW DOWN ***
morethanaverage: shows [5d As] (high card Ace)
VadnaiG: mucks hand 
morethanaverage collected $0.86 from pot
*** SUMMARY ***
Total pot $0.90 | Rake $0.04 
Board [Js Ts Qd 3d 6d]
Seat 1: VadnaiG (button) mucked [Ks 7s]
Seat 2: morethanaverage (small blind) showed [5d As] and won ($0.86) with high card Ace
Seat 3: Spawn490 (big blind) folded before Flop
Seat 4: Mahu2021 folded before Flop (didn't bet)
Seat 5: Kaybaman708 folded before Flop (didn't bet)
Seat 6: kar4tune folded before Flop (didn't bet)



PokerStars Zoom Hand #255785787677:  Hold'em No Limit ($0.05/$0.10) - 2025/04/18 16:12:10 CET [2025/04/18 10:12:10 ET]
Table 'Aludra' 6-max Seat #1 is the button
Seat 1: SwivelSteal ($12.81 in chips) 
Seat 2: jim.gr450 ($15.36 in chips) 
Seat 3: Mahu2021 ($8.25 in chips) 
Seat 4: Die8 ($10.20 in chips) 
Seat 5: alexbuzatu ($9.12 in chips) 
Seat 6: ALPHA REBEL ($16.19 in chips) 
jim.gr450: posts small blind $0.05
Mahu2021: posts big blind $0.10
*** HOLE CARDS ***
Dealt to Mahu2021 [5c Qh]
Die8: raises $0.13 to $0.23
alexbuzatu: raises $0.61 to $0.84
ALPHA REBEL: folds 
SwivelSteal: folds 
jim.gr450: folds 
Mahu2021: folds 
Die8: folds 
Uncalled bet ($0.61) returned to alexbuzatu
alexbuzatu collected $0.61 from pot
alexbuzatu: doesn't show hand 
*** SUMMARY ***
Total pot $0.61 | Rake $0 
Seat 1: SwivelSteal (button) folded before Flop (didn't bet)
Seat 2: jim.gr450 (small blind) folded before Flop
Seat 3: Mahu2021 (big blind) folded before Flop
Seat 4: Die8 folded before Flop
Seat 5: alexbuzatu collected ($0.61)
Seat 6: ALPHA REBEL folded before Flop (didn't bet)



PokerStars Zoom Hand #255785790439:  Hold'em No Limit ($0.05/$0.10) - 2025/04/18 16:12:26 CET [2025/04/18 10:12:26 ET]
Table 'Aludra' 6-max Seat #1 is the button
Seat 1: Mahu2021 ($8.15 in chips) 
Seat 2: VadnaiG ($10.14 in chips) 
Seat 3: jim.gr450 ($15.31 in chips) 
Seat 4: ScousePro ($12.95 in chips) 
Seat 5: TreeTreeTreeAA ($16.21 in chips) 
Seat 6: ItWasDuke ($11.37 in chips) 
VadnaiG: posts small blind $0.05
jim.gr450: posts big blind $0.10
*** HOLE CARDS ***
Dealt to Mahu2021 [Qh 8h]
ScousePro: folds 
TreeTreeTreeAA: folds 
ItWasDuke: folds 
Mahu2021: raises $0.20 to $0.30
VadnaiG: folds 
jim.gr450: folds 
Uncalled bet ($0.20) returned to Mahu2021
Mahu2021 collected $0.25 from pot
Mahu2021: doesn't show hand 
*** SUMMARY ***
Total pot $0.25 | Rake $0 
Seat 1: Mahu2021 (button) collected ($0.25)
Seat 2: VadnaiG (small blind) folded before Flop
Seat 3: jim.gr450 (big blind) folded before Flop
Seat 4: ScousePro folded before Flop (didn't bet)
Seat 5: TreeTreeTreeAA folded before Flop (didn't bet)
Seat 6: ItWasDuke folded before Flop (didn't bet)



PokerStars Zoom Hand #255785793793:  Hold'em No Limit ($0.05/$0.10) - 2025/04/18 16:12:45 CET [2025/04/18 10:12:45 ET]
Table 'Aludra' 6-max Seat #1 is the button
Seat 1: SlipperySealion ($10.62 in chips) 
Seat 2: Mahu2021 ($8.30 in chips) 
Seat 3: Dungwish ($10.25 in chips) 
Seat 4: SwivelSteal ($12.18 in chips) 
Seat 5: BilaTserkva00 ($12.76 in chips) 
Seat 6: Toffee9478 ($24.91 in chips) 
Mahu2021: posts small blind $0.05
Dungwish: posts big blind $0.10
*** HOLE CARDS ***
Dealt to Mahu2021 [Kh 7h]
SwivelSteal: folds 
BilaTserkva00: folds 
Toffee9478: folds 
SlipperySealion: folds 
Mahu2021: raises $0.20 to $0.30
Dungwish: calls $0.20
*** FLOP *** [Ac 7d As]
Mahu2021: bets $0.30
Dungwish: folds 
Uncalled bet ($0.30) returned to Mahu2021
Mahu2021 collected $0.57 from pot
Mahu2021: doesn't show hand 
*** SUMMARY ***
Total pot $0.60 | Rake $0.03 
Board [Ac 7d As]
Seat 1: SlipperySealion (button) folded before Flop (didn't bet)
Seat 2: Mahu2021 (small blind) collected ($0.57)
Seat 3: Dungwish (big blind) folded on the Flop
Seat 4: SwivelSteal folded before Flop (didn't bet)
Seat 5: BilaTserkva00 folded before Flop (didn't bet)
Seat 6: Toffee9478 folded before Flop (didn't bet)



PokerStars Zoom Hand #255785799248:  Hold'em No Limit ($0.05/$0.10) - 2025/04/18 16:13:16 CET [2025/04/18 10:13:16 ET]
Table 'Aludra' 6-max Seat #1 is the button
Seat 1: Mahu2021 ($8.57 in chips) 
Seat 2: pipa2270 ($10.40 in chips) 
Seat 3: morethanaverage ($11.17 in chips) 
Seat 4: giannissapk ($12.99 in chips) 
Seat 5: SwivelSteal ($10 in chips) 
Seat 6: Kaybaman708 ($18.74 in chips) 
pipa2270: posts small blind $0.05
morethanaverage: posts big blind $0.10
*** HOLE CARDS ***
Dealt to Mahu2021 [6s 4c]
giannissapk: folds 
SwivelSteal: folds 
Kaybaman708: folds 
Mahu2021: folds 
pipa2270: folds 
Uncalled bet ($0.05) returned to morethanaverage
morethanaverage collected $0.10 from pot
morethanaverage: doesn't show hand 
*** SUMMARY ***
Total pot $0.10 | Rake $0 
Seat 1: Mahu2021 (button) folded before Flop (didn't bet)
Seat 2: pipa2270 (small blind) folded before Flop
Seat 3: morethanaverage (big blind) collected ($0.10)
Seat 4: giannissapk folded before Flop (didn't bet)
Seat 5: SwivelSteal folded before Flop (didn't bet)
Seat 6: Kaybaman708 folded before Flop (didn't bet)



PokerStars Zoom Hand #255785798730:  Hold'em No Limit ($0.05/$0.10) - 2025/04/18 16:13:13 CET [2025/04/18 10:13:13 ET]
Table 'Aludra' 6-max Seat #1 is the button
Seat 1: 777zloba777 ($11.61 in chips) 
Seat 2: a4al999 ($25.05 in chips) 
Seat 3: VadnaiG ($10 in chips) 
Seat 4: DJC1922 ($6.80 in chips) 
Seat 5: Mahu2021 ($8.57 in chips) 
Seat 6: Shturaff ($9.80 in chips) 
a4al999: posts small blind $0.05
VadnaiG: posts big blind $0.10
*** HOLE CARDS ***
Dealt to Mahu2021 [6c 9s]
DJC1922: folds 
Mahu2021: folds 
Shturaff: folds 
777zloba777: raises $0.15 to $0.25
a4al999: folds 
VadnaiG: folds 
Uncalled bet ($0.15) returned to 777zloba777
777zloba777 collected $0.25 from pot
777zloba777: doesn't show hand 
*** SUMMARY ***
Total pot $0.25 | Rake $0 
Seat 1: 777zloba777 (button) collected ($0.25)
Seat 2: a4al999 (small blind) folded before Flop
Seat 3: VadnaiG (big blind) folded before Flop
Seat 4: DJC1922 folded before Flop (didn't bet)
Seat 5: Mahu2021 folded before Flop (didn't bet)
Seat 6: Shturaff folded before Flop (didn't bet)



PokerStars Zoom Hand #255785799895:  Hold'em No Limit ($0.05/$0.10) - 2025/04/18 16:13:20 CET [2025/04/18 10:13:20 ET]
Table 'Aludra' 6-max Seat #1 is the button
Seat 1: VadnaiG ($10 in chips) 
Seat 2: thebuilder86 ($10 in chips) 
Seat 3: Mahu2021 ($8.57 in chips) 
Seat 4: PaDenV ($10.98 in chips) 
Seat 5: 8¥EUX ($12.12 in chips) 
Seat 6: DJC1922 ($7.84 in chips) 
thebuilder86: posts small blind $0.05
Mahu2021: posts big blind $0.10
*** HOLE CARDS ***
Dealt to Mahu2021 [Th 3s]
PaDenV: folds 
8¥EUX: folds 
DJC1922: folds 
VadnaiG: folds 
thebuilder86: raises $0.10 to $0.20
Mahu2021: folds 
Uncalled bet ($0.10) returned to thebuilder86
thebuilder86 collected $0.20 from pot
thebuilder86: doesn't show hand 
*** SUMMARY ***
Total pot $0.20 | Rake $0 
Seat 1: VadnaiG (button) folded before Flop (didn't bet)
Seat 2: thebuilder86 (small blind) collected ($0.20)
Seat 3: Mahu2021 (big blind) folded before Flop
Seat 4: PaDenV folded before Flop (didn't bet)
Seat 5: 8¥EUX folded before Flop (didn't bet)
Seat 6: DJC1922 folded before Flop (didn't bet)



PokerStars Zoom Hand #255785798147:  Hold'em No Limit ($0.05/$0.10) - 2025/04/18 16:13:10 CET [2025/04/18 10:13:10 ET]
Table 'Aludra' 6-max Seat #1 is the button
Seat 1: putzkedudu ($10 in chips) 
Seat 2: Shturaff ($9.31 in chips) 
Seat 3: tattoodtom12 ($13.29 in chips) 
Seat 4: Mahu2021 ($8.57 in chips) 
Seat 5: fish1991f ($10.19 in chips) 
Seat 6: 777zloba777 ($10.33 in chips) 
Shturaff: posts small blind $0.05
tattoodtom12: posts big blind $0.10
*** HOLE CARDS ***
Dealt to Mahu2021 [Qs 9h]
Mahu2021: folds 
fish1991f: raises $0.14 to $0.24
777zloba777: folds 
putzkedudu: folds 
Shturaff: folds 
tattoodtom12: calls $0.14
*** FLOP *** [9d 6c Td]
tattoodtom12: checks 
fish1991f: checks 
*** TURN *** [9d 6c Td] [Jd]
tattoodtom12: bets $0.26
fish1991f: folds 
Uncalled bet ($0.26) returned to tattoodtom12
tattoodtom12 collected $0.51 from pot
tattoodtom12: doesn't show hand 
*** SUMMARY ***
Total pot $0.53 | Rake $0.02 
Board [9d 6c Td Jd]
Seat 1: putzkedudu (button) folded before Flop (didn't bet)
Seat 2: Shturaff (small blind) folded before Flop
Seat 3: tattoodtom12 (big blind) collected ($0.51)
Seat 4: Mahu2021 folded before Flop (didn't bet)
Seat 5: fish1991f folded on the Turn
Seat 6: 777zloba777 folded before Flop (didn't bet)



PokerStars Zoom Hand #255785802255:  Hold'em No Limit ($0.05/$0.10) - 2025/04/18 16:13:33 CET [2025/04/18 10:13:33 ET]
Table 'Aludra' 6-max Seat #1 is the button
Seat 1: ALPHA REBEL ($13.09 in chips) 
Seat 2: 777zloba777 ($14.80 in chips) 
Seat 3: 8¥EUX ($12.07 in chips) 
Seat 4: numbergirl27 ($10.23 in chips) 
Seat 5: a4al999 ($25 in chips) 
Seat 6: Mahu2021 ($8.47 in chips) 
777zloba777: posts small blind $0.05
8¥EUX: posts big blind $0.10
*** HOLE CARDS ***
Dealt to Mahu2021 [Ts 6h]
numbergirl27: folds 
a4al999: folds 
Mahu2021: folds 
ALPHA REBEL: folds 
777zloba777: raises $0.20 to $0.30
8¥EUX: folds 
Uncalled bet ($0.20) returned to 777zloba777
777zloba777 collected $0.20 from pot
777zloba777: doesn't show hand 
*** SUMMARY ***
Total pot $0.20 | Rake $0 
Seat 1: ALPHA REBEL (button) folded before Flop (didn't bet)
Seat 2: 777zloba777 (small blind) collected ($0.20)
Seat 3: 8¥EUX (big blind) folded before Flop
Seat 4: numbergirl27 folded before Flop (didn't bet)
Seat 5: a4al999 folded before Flop (didn't bet)
Seat 6: Mahu2021 folded before Flop (didn't bet)



PokerStars Zoom Hand #255785803138:  Hold'em No Limit ($0.05/$0.10) - 2025/04/18 16:13:38 CET [2025/04/18 10:13:38 ET]
Table 'Aludra' 6-max Seat #1 is the button
Seat 1: thebuilder86 ($13.51 in chips) 
Seat 2: 777zloba777 ($11.89 in chips) 
Seat 3: solaia91 ($10.52 in chips) 
Seat 4: Mahu2021 ($8.47 in chips) 
Seat 5: kar4tune ($9.10 in chips) 
Seat 6: VadnaiG ($10 in chips) 
777zloba777: posts small blind $0.05
solaia91: posts big blind $0.10
*** HOLE CARDS ***
Dealt to Mahu2021 [4s Qc]
Mahu2021: folds 
kar4tune: folds 
VadnaiG: folds 
thebuilder86: folds 
777zloba777: raises $0.20 to $0.30
solaia91: folds 
Uncalled bet ($0.20) returned to 777zloba777
777zloba777 collected $0.20 from pot
777zloba777: doesn't show hand 
*** SUMMARY ***
Total pot $0.20 | Rake $0 
Seat 1: thebuilder86 (button) folded before Flop (didn't bet)
Seat 2: 777zloba777 (small blind) collected ($0.20)
Seat 3: solaia91 (big blind) folded before Flop
Seat 4: Mahu2021 folded before Flop (didn't bet)
Seat 5: kar4tune folded before Flop (didn't bet)
Seat 6: VadnaiG folded before Flop (didn't bet)



PokerStars Zoom Hand #255785805224:  Hold'em No Limit ($0.05/$0.10) - 2025/04/18 16:13:50 CET [2025/04/18 10:13:50 ET]
Table 'Aludra' 6-max Seat #1 is the button
Seat 1: Shturaff ($9.16 in chips) 
Seat 2: Andrei071105 ($5.54 in chips) 
Seat 3: Mahu2021 ($8.42 in chips) 
Seat 4: 8¥EUX ($11.97 in chips) 
Seat 5: pokerstar671 ($36.21 in chips) 
Seat 6: Sorathan ($8.08 in chips) 
Andrei071105: posts small blind $0.05
Mahu2021: posts big blind $0.10
*** HOLE CARDS ***
Dealt to Mahu2021 [Jh 9s]
8¥EUX: folds 
pokerstar671: raises $0.10 to $0.20
Sorathan: folds 
Shturaff: folds 
Andrei071105: folds 
Mahu2021: calls $0.10
*** FLOP *** [5s Tc Jc]
Mahu2021: bets $0.43
pokerstar671: folds 
Uncalled bet ($0.43) returned to Mahu2021
Mahu2021 collected $0.43 from pot
Mahu2021: doesn't show hand 
*** SUMMARY ***
Total pot $0.45 | Rake $0.02 
Board [5s Tc Jc]
Seat 1: Shturaff (button) folded before Flop (didn't bet)
Seat 2: Andrei071105 (small blind) folded before Flop
Seat 3: Mahu2021 (big blind) collected ($0.43)
Seat 4: 8¥EUX folded before Flop (didn't bet)
Seat 5: pokerstar671 folded on the Flop
Seat 6: Sorathan folded before Flop (didn't bet)



PokerStars Zoom Hand #255785807947:  Hold'em No Limit ($0.05/$0.10) - 2025/04/18 16:14:05 CET [2025/04/18 10:14:05 ET]
Table 'Aludra' 6-max Seat #1 is the button
Seat 1: Mahu2021 ($8.65 in chips) 
Seat 2: thebuilder86 ($10 in chips) 
Seat 3: ctrainrockets ($5.35 in chips) 
Seat 4: Kaybaman708 ($18.74 in chips) 
Seat 5: Thiguin9 ($10.46 in chips) 
Seat 6: ItWasDuke ($11.20 in chips) 
thebuilder86: posts small blind $0.05
ctrainrockets: posts big blind $0.10
*** HOLE CARDS ***
Dealt to Mahu2021 [Qh 6h]
Kaybaman708: folds 
Thiguin9: raises $0.15 to $0.25
ItWasDuke: folds 
Mahu2021: folds 
thebuilder86: folds 
ctrainrockets: folds 
Uncalled bet ($0.15) returned to Thiguin9
Thiguin9 collected $0.25 from pot
Thiguin9: doesn't show hand 
*** SUMMARY ***
Total pot $0.25 | Rake $0 
Seat 1: Mahu2021 (button) folded before Flop (didn't bet)
Seat 2: thebuilder86 (small blind) folded before Flop
Seat 3: ctrainrockets (big blind) folded before Flop
Seat 4: Kaybaman708 folded before Flop (didn't bet)
Seat 5: Thiguin9 collected ($0.25)
Seat 6: ItWasDuke folded before Flop (didn't bet)



PokerStars Zoom Hand #255785808591:  Hold'em No Limit ($0.05/$0.10) - 2025/04/18 16:14:08 CET [2025/04/18 10:14:08 ET]
Table 'Aludra' 6-max Seat #1 is the button
Seat 1: solaia91 ($10.52 in chips) 
Seat 2: morethanaverage ($12.48 in chips) 
Seat 3: pavelbabenkov ($9.48 in chips) 
Seat 4: ScousePro ($13.09 in chips) 
Seat 5: DJC1922 ($6.80 in chips) 
Seat 6: Mahu2021 ($8.65 in chips) 
morethanaverage: posts small blind $0.05
pavelbabenkov: posts big blind $0.10
*** HOLE CARDS ***
Dealt to Mahu2021 [3s 2h]
ScousePro: folds 
DJC1922: folds 
Mahu2021: folds 
solaia91: folds 
morethanaverage: folds 
Uncalled bet ($0.05) returned to pavelbabenkov
pavelbabenkov collected $0.10 from pot
pavelbabenkov: doesn't show hand 
*** SUMMARY ***
Total pot $0.10 | Rake $0 
Seat 1: solaia91 (button) folded before Flop (didn't bet)
Seat 2: morethanaverage (small blind) folded before Flop
Seat 3: pavelbabenkov (big blind) collected ($0.10)
Seat 4: ScousePro folded before Flop (didn't bet)
Seat 5: DJC1922 folded before Flop (didn't bet)
Seat 6: Mahu2021 folded before Flop (didn't bet)



PokerStars Zoom Hand #255785809364:  Hold'em No Limit ($0.05/$0.10) - 2025/04/18 16:14:13 CET [2025/04/18 10:14:13 ET]
Table 'Aludra' 6-max Seat #1 is the button
Seat 1: ItWasDuke ($11.20 in chips) 
Seat 2: 777zloba777 ($12.27 in chips) 
Seat 3: morethanaverage ($12.43 in chips) 
Seat 4: guilhermesanton ($4.58 in chips) 
Seat 5: Mahu2021 ($8.65 in chips) 
Seat 6: ALPHA REBEL ($19.77 in chips) 
777zloba777: posts small blind $0.05
morethanaverage: posts big blind $0.10
*** HOLE CARDS ***
Dealt to Mahu2021 [8h Ad]
guilhermesanton: folds 
Mahu2021: folds 
ALPHA REBEL: folds 
ItWasDuke: folds 
777zloba777: folds 
Uncalled bet ($0.05) returned to morethanaverage
morethanaverage collected $0.10 from pot
morethanaverage: doesn't show hand 
*** SUMMARY ***
Total pot $0.10 | Rake $0 
Seat 1: ItWasDuke (button) folded before Flop (didn't bet)
Seat 2: 777zloba777 (small blind) folded before Flop
Seat 3: morethanaverage (big blind) collected ($0.10)
Seat 4: guilhermesanton folded before Flop (didn't bet)
Seat 5: Mahu2021 folded before Flop (didn't bet)
Seat 6: ALPHA REBEL folded before Flop (didn't bet)



PokerStars Zoom Hand #255785810069:  Hold'em No Limit ($0.05/$0.10) - 2025/04/18 16:14:17 CET [2025/04/18 10:14:17 ET]
Table 'Aludra' 6-max Seat #1 is the button
Seat 1: giannissapk ($16.58 in chips) 
Seat 2: Mahu2021 ($8.65 in chips) 
Seat 3: ItWasDuke ($11.20 in chips) 
Seat 4: Thiguin9 ($10.61 in chips) 
Seat 5: Alistair4567 ($27.91 in chips) 
Seat 6: FabOliveira9 ($14.76 in chips) 
Mahu2021: posts small blind $0.05
ItWasDuke: posts big blind $0.10
*** HOLE CARDS ***
Dealt to Mahu2021 [Qc 8c]
Thiguin9: raises $0.15 to $0.25
Alistair4567: folds 
FabOliveira9: folds 
giannissapk: folds 
Mahu2021: folds 
ItWasDuke: folds 
Uncalled bet ($0.15) returned to Thiguin9
Thiguin9 collected $0.25 from pot
Thiguin9: doesn't show hand 
*** SUMMARY ***
Total pot $0.25 | Rake $0 
Seat 1: giannissapk (button) folded before Flop (didn't bet)
Seat 2: Mahu2021 (small blind) folded before Flop
Seat 3: ItWasDuke (big blind) folded before Flop
Seat 4: Thiguin9 collected ($0.25)
Seat 5: Alistair4567 folded before Flop (didn't bet)
Seat 6: FabOliveira9 folded before Flop (didn't bet)



PokerStars Zoom Hand #255785803825:  Hold'em No Limit ($0.05/$0.10) - 2025/04/18 16:13:42 CET [2025/04/18 10:13:42 ET]
Table 'Aludra' 6-max Seat #1 is the button
Seat 1: putzkedudu ($11.95 in chips) 
Seat 2: Mahu2021 ($8.47 in chips) 
Seat 3: TreeTreeTreeAA ($10.23 in chips) 
Seat 4: ScousePro ($13.07 in chips) 
Seat 5: thebuilder86 ($13.51 in chips) 
Seat 6: Pataplan ($4.95 in chips) 
Mahu2021: posts small blind $0.05
TreeTreeTreeAA: posts big blind $0.10
*** HOLE CARDS ***
Dealt to Mahu2021 [7d 5c]
ScousePro: raises $0.12 to $0.22
thebuilder86: calls $0.22
Pataplan: folds 
putzkedudu: folds 
Mahu2021: folds 
TreeTreeTreeAA: folds 
*** FLOP *** [2h 3h Ks]
ScousePro: checks 
thebuilder86: bets $0.30
ScousePro: calls $0.30
*** TURN *** [2h 3h Ks] [8h]
ScousePro: checks 
thebuilder86: checks 
*** RIVER *** [2h 3h Ks 8h] [9c]
ScousePro: checks 
thebuilder86: checks 
*** SHOW DOWN ***
ScousePro: shows [Kc Th] (a pair of Kings)
thebuilder86: mucks hand 
ScousePro collected $1.14 from pot
*** SUMMARY ***
Total pot $1.19 | Rake $0.05 
Board [2h 3h Ks 8h 9c]
Seat 1: putzkedudu (button) folded before Flop (didn't bet)
Seat 2: Mahu2021 (small blind) folded before Flop
Seat 3: TreeTreeTreeAA (big blind) folded before Flop
Seat 4: ScousePro showed [Kc Th] and won ($1.14) with a pair of Kings
Seat 5: thebuilder86 mucked [7c 7h]
Seat 6: Pataplan folded before Flop (didn't bet)



PokerStars Zoom Hand #255785811730:  Hold'em No Limit ($0.05/$0.10) - 2025/04/18 16:14:27 CET [2025/04/18 10:14:27 ET]
Table 'Aludra' 6-max Seat #1 is the button
Seat 1: morethanaverage ($12.48 in chips) 
Seat 2: Superimmi ($10.43 in chips) 
Seat 3: giannissapk ($11.56 in chips) 
Seat 4: Mahu2021 ($8.60 in chips) 
Seat 5: putzkedudu ($24.37 in chips) 
Seat 6: a4al999 ($24.65 in chips) 
Superimmi: posts small blind $0.05
giannissapk: posts big blind $0.10
*** HOLE CARDS ***
Dealt to Mahu2021 [Qc 8c]
Mahu2021: folds 
putzkedudu: raises $0.10 to $0.20
a4al999: folds 
morethanaverage: folds 
Superimmi: folds 
giannissapk: folds 
Uncalled bet ($0.10) returned to putzkedudu
putzkedudu collected $0.25 from pot
putzkedudu: doesn't show hand 
*** SUMMARY ***
Total pot $0.25 | Rake $0 
Seat 1: morethanaverage (button) folded before Flop (didn't bet)
Seat 2: Superimmi (small blind) folded before Flop
Seat 3: giannissapk (big blind) folded before Flop
Seat 4: Mahu2021 folded before Flop (didn't bet)
Seat 5: putzkedudu collected ($0.25)
Seat 6: a4al999 folded before Flop (didn't bet)



PokerStars Zoom Hand #255785804570:  Hold'em No Limit ($0.05/$0.10) - 2025/04/18 16:13:46 CET [2025/04/18 10:13:46 ET]
Table 'Aludra' 6-max Seat #1 is the button
Seat 1: SwivelSteal ($10.30 in chips) 
Seat 2: numbergirl27 ($10.23 in chips) 
Seat 3: dochaaa ($10 in chips) 
Seat 4: Mahu2021 ($8.42 in chips) 
Seat 5: dauria333 ($14.97 in chips) 
Seat 6: jim.gr450 ($15.06 in chips) 
numbergirl27: posts small blind $0.05
dochaaa: posts big blind $0.10
*** HOLE CARDS ***
Dealt to Mahu2021 [5s 6h]
Mahu2021: folds 
dauria333: folds 
jim.gr450: folds 
SwivelSteal: folds 
numbergirl27: raises $0.20 to $0.30
dochaaa: calls $0.20
*** FLOP *** [Ts Kh 2d]
numbergirl27: bets $0.30
dochaaa: calls $0.30
*** TURN *** [Ts Kh 2d] [Qc]
numbergirl27: checks 
dochaaa: checks 
*** RIVER *** [Ts Kh 2d Qc] [6s]
numbergirl27: checks 
dochaaa: checks 
*** SHOW DOWN ***
numbergirl27: shows [Ad 2h] (a pair of Deuces)
dochaaa: shows [Qs 9h] (a pair of Queens)
dochaaa collected $1.15 from pot
*** SUMMARY ***
Total pot $1.20 | Rake $0.05 
Board [Ts Kh 2d Qc 6s]
Seat 1: SwivelSteal (button) folded before Flop (didn't bet)
Seat 2: numbergirl27 (small blind) showed [Ad 2h] and lost with a pair of Deuces
Seat 3: dochaaa (big blind) showed [Qs 9h] and won ($1.15) with a pair of Queens
Seat 4: Mahu2021 folded before Flop (didn't bet)
Seat 5: dauria333 folded before Flop (didn't bet)
Seat 6: jim.gr450 folded before Flop (didn't bet)



PokerStars Zoom Hand #255785812573:  Hold'em No Limit ($0.05/$0.10) - 2025/04/18 16:14:31 CET [2025/04/18 10:14:31 ET]
Table 'Aludra' 6-max Seat #1 is the button
Seat 1: stefen_mat ($15.66 in chips) 
Seat 2: Mahu2021 ($8.60 in chips) 
Seat 3: Niku644 ($10 in chips) 
Seat 4: BilaTserkva00 ($10.19 in chips) 
Seat 5: morethanaverage ($12.48 in chips) 
Seat 6: dreexxar ($10.50 in chips) 
Mahu2021: posts small blind $0.05
Niku644: posts big blind $0.10
*** HOLE CARDS ***
Dealt to Mahu2021 [Ad Qh]
BilaTserkva00: folds 
morethanaverage: raises $0.10 to $0.20
dreexxar: folds 
stefen_mat: folds 
Mahu2021: raises $0.90 to $1.10
Niku644: folds 
morethanaverage: folds 
Uncalled bet ($0.90) returned to Mahu2021
Mahu2021 collected $0.50 from pot
Mahu2021: doesn't show hand 
*** SUMMARY ***
Total pot $0.50 | Rake $0 
Seat 1: stefen_mat (button) folded before Flop (didn't bet)
Seat 2: Mahu2021 (small blind) collected ($0.50)
Seat 3: Niku644 (big blind) folded before Flop
Seat 4: BilaTserkva00 folded before Flop (didn't bet)
Seat 5: morethanaverage folded before Flop
Seat 6: dreexxar folded before Flop (didn't bet)



PokerStars Zoom Hand #255785815783:  Hold'em No Limit ($0.05/$0.10) - 2025/04/18 16:14:49 CET [2025/04/18 10:14:49 ET]
Table 'Aludra' 6-max Seat #1 is the button
Seat 1: alexbuzatu ($9.86 in chips) 
Seat 2: BilaTserkva00 ($10.09 in chips) 
Seat 3: Mahu2021 ($8.90 in chips) 
Seat 4: makarius48 ($13.47 in chips) 
Seat 5: Hazooka ($4.59 in chips) 
Seat 6: Alejandro85s ($9.70 in chips) 
BilaTserkva00: posts small blind $0.05
Mahu2021: posts big blind $0.10
*** HOLE CARDS ***
Dealt to Mahu2021 [9h 4d]
makarius48: folds 
Hazooka: raises $0.20 to $0.30
Alejandro85s: folds 
alexbuzatu: folds 
BilaTserkva00: folds 
Mahu2021: folds 
Uncalled bet ($0.20) returned to Hazooka
Hazooka collected $0.25 from pot
Hazooka: doesn't show hand 
*** SUMMARY ***
Total pot $0.25 | Rake $0 
Seat 1: alexbuzatu (button) folded before Flop (didn't bet)
Seat 2: BilaTserkva00 (small blind) folded before Flop
Seat 3: Mahu2021 (big blind) folded before Flop
Seat 4: makarius48 folded before Flop (didn't bet)
Seat 5: Hazooka collected ($0.25)
Seat 6: Alejandro85s folded before Flop (didn't bet)



PokerStars Zoom Hand #255785817588:  Hold'em No Limit ($0.05/$0.10) - 2025/04/18 16:14:59 CET [2025/04/18 10:14:59 ET]
Table 'Aludra' 6-max Seat #1 is the button
Seat 1: Mahu2021 ($8.80 in chips) 
Seat 2: GymStefani ($2.98 in chips) 
Seat 3: TommyMartin1994 ($1.11 in chips) 
Seat 4: cheddarman24 ($10.53 in chips) 
Seat 5: TreeTreeTreeAA ($15.04 in chips) 
Seat 6: 777zloba777 ($14.65 in chips) 
GymStefani: posts small blind $0.05
TommyMartin1994: posts big blind $0.10
*** HOLE CARDS ***
Dealt to Mahu2021 [3h 7c]
cheddarman24: folds 
TreeTreeTreeAA: folds 
777zloba777: folds 
Mahu2021: folds 
GymStefani: folds 
Uncalled bet ($0.05) returned to TommyMartin1994
TommyMartin1994 collected $0.10 from pot
TommyMartin1994: doesn't show hand 
*** SUMMARY ***
Total pot $0.10 | Rake $0 
Seat 1: Mahu2021 (button) folded before Flop (didn't bet)
Seat 2: GymStefani (small blind) folded before Flop
Seat 3: TommyMartin1994 (big blind) collected ($0.10)
Seat 4: cheddarman24 folded before Flop (didn't bet)
Seat 5: TreeTreeTreeAA folded before Flop (didn't bet)
Seat 6: 777zloba777 folded before Flop (didn't bet)



PokerStars Zoom Hand #255785818482:  Hold'em No Limit ($0.05/$0.10) - 2025/04/18 16:15:04 CET [2025/04/18 10:15:04 ET]
Table 'Aludra' 6-max Seat #1 is the button
Seat 1: Kaybaman708 ($23.72 in chips) 
Seat 2: BilaTserkva00 ($12.29 in chips) 
Seat 3: makarius48 ($13.42 in chips) 
Seat 4: Mahu2021 ($8.80 in chips) 
Seat 5: pavelbabenkov ($10.87 in chips) 
Seat 6: FabOliveira9 ($14.76 in chips) 
BilaTserkva00: posts small blind $0.05
makarius48: posts big blind $0.10
*** HOLE CARDS ***
Dealt to Mahu2021 [5h 8s]
Mahu2021: folds 
pavelbabenkov: raises $0.20 to $0.30
FabOliveira9: folds 
Kaybaman708: folds 
BilaTserkva00: folds 
makarius48: folds 
Uncalled bet ($0.20) returned to pavelbabenkov
pavelbabenkov collected $0.25 from pot
pavelbabenkov: doesn't show hand 
*** SUMMARY ***
Total pot $0.25 | Rake $0 
Seat 1: Kaybaman708 (button) folded before Flop (didn't bet)
Seat 2: BilaTserkva00 (small blind) folded before Flop
Seat 3: makarius48 (big blind) folded before Flop
Seat 4: Mahu2021 folded before Flop (didn't bet)
Seat 5: pavelbabenkov collected ($0.25)
Seat 6: FabOliveira9 folded before Flop (didn't bet)



PokerStars Zoom Hand #255785811083:  Hold'em No Limit ($0.05/$0.10) - 2025/04/18 16:14:23 CET [2025/04/18 10:14:23 ET]
Table 'Aludra' 6-max Seat #1 is the button
Seat 1: cheddarman24 ($10.78 in chips) 
Seat 2: morethanaverage ($11.22 in chips) 
Seat 3: guilhermesanton ($4.58 in chips) 
Seat 4: ALPHA REBEL ($19.77 in chips) 
Seat 5: albatros9945 ($10.18 in chips) 
Seat 6: Mahu2021 ($8.60 in chips) 
morethanaverage: posts small blind $0.05
guilhermesanton: posts big blind $0.10
*** HOLE CARDS ***
Dealt to Mahu2021 [7s 5c]
ALPHA REBEL: raises $0.15 to $0.25
albatros9945: folds 
Mahu2021: folds 
cheddarman24: folds 
morethanaverage: calls $0.20
guilhermesanton: calls $0.15
*** FLOP *** [4d As 8h]
morethanaverage: checks 
guilhermesanton: bets $0.30
ALPHA REBEL: folds 
morethanaverage: calls $0.30
*** TURN *** [4d As 8h] [3s]
morethanaverage: checks 
guilhermesanton: checks 
*** RIVER *** [4d As 8h 3s] [9d]
morethanaverage: bets $0.55
guilhermesanton: folds 
Uncalled bet ($0.55) returned to morethanaverage
morethanaverage collected $1.29 from pot
morethanaverage: doesn't show hand 
*** SUMMARY ***
Total pot $1.35 | Rake $0.06 
Board [4d As 8h 3s 9d]
Seat 1: cheddarman24 (button) folded before Flop (didn't bet)
Seat 2: morethanaverage (small blind) collected ($1.29)
Seat 3: guilhermesanton (big blind) folded on the River
Seat 4: ALPHA REBEL folded on the Flop
Seat 5: albatros9945 folded before Flop (didn't bet)
Seat 6: Mahu2021 folded before Flop (didn't bet)



PokerStars Zoom Hand #255785819391:  Hold'em No Limit ($0.05/$0.10) - 2025/04/18 16:15:09 CET [2025/04/18 10:15:09 ET]
Table 'Aludra' 6-max Seat #1 is the button
Seat 1: TommyMartin1994 ($1.16 in chips) 
Seat 2: thebuilder86 ($12.79 in chips) 
Seat 3: Valdisney101 ($9.12 in chips) 
Seat 4: a4al999 ($24.90 in chips) 
Seat 5: PaDenV ($10.80 in chips) 
Seat 6: Mahu2021 ($8.80 in chips) 
thebuilder86: posts small blind $0.05
Valdisney101: posts big blind $0.10
*** HOLE CARDS ***
Dealt to Mahu2021 [4d 4c]
a4al999: folds 
PaDenV: raises $0.15 to $0.25
Mahu2021: calls $0.25
TommyMartin1994: calls $0.25
thebuilder86: folds 
Valdisney101: folds 
*** FLOP *** [8h 8d Ad]
PaDenV: checks 
Mahu2021: checks 
TommyMartin1994: checks 
*** TURN *** [8h 8d Ad] [Qs]
PaDenV: bets $0.22
Mahu2021: calls $0.22
TommyMartin1994: folds 
*** RIVER *** [8h 8d Ad Qs] [5h]
PaDenV: checks 
Mahu2021: checks 
*** SHOW DOWN ***
PaDenV: shows [Ah As] (a full house, Aces full of Eights)
Mahu2021: mucks hand 
PaDenV collected $1.28 from pot
*** SUMMARY ***
Total pot $1.34 | Rake $0.06 
Board [8h 8d Ad Qs 5h]
Seat 1: TommyMartin1994 (button) folded on the Turn
Seat 2: thebuilder86 (small blind) folded before Flop
Seat 3: Valdisney101 (big blind) folded before Flop
Seat 4: a4al999 folded before Flop (didn't bet)
Seat 5: PaDenV showed [Ah As] and won ($1.28) with a full house, Aces full of Eights
Seat 6: Mahu2021 mucked [4d 4c]



PokerStars Zoom Hand #255785826018:  Hold'em No Limit ($0.05/$0.10) - 2025/04/18 16:15:45 CET [2025/04/18 10:15:45 ET]
Table 'Aludra' 6-max Seat #1 is the button
Seat 1: morethanaverage ($12.01 in chips) 
Seat 2: Yuck0811 ($10.53 in chips) 
Seat 3: PaDenV ($11.61 in chips) 
Seat 4: BilaTserkva00 ($10.19 in chips) 
Seat 5: Mahu2021 ($8.33 in chips) 
Seat 6: putzkedudu ($25.37 in chips) 
Yuck0811: posts small blind $0.05
PaDenV: posts big blind $0.10
*** HOLE CARDS ***
Dealt to Mahu2021 [Kd 9c]
BilaTserkva00: folds 
Mahu2021: folds 
putzkedudu: folds 
morethanaverage: raises $0.10 to $0.20
Yuck0811: folds 
PaDenV: folds 
Uncalled bet ($0.10) returned to morethanaverage
morethanaverage collected $0.25 from pot
morethanaverage: doesn't show hand 
*** SUMMARY ***
Total pot $0.25 | Rake $0 
Seat 1: morethanaverage (button) collected ($0.25)
Seat 2: Yuck0811 (small blind) folded before Flop
Seat 3: PaDenV (big blind) folded before Flop
Seat 4: BilaTserkva00 folded before Flop (didn't bet)
Seat 5: Mahu2021 folded before Flop (didn't bet)
Seat 6: putzkedudu folded before Flop (didn't bet)



PokerStars Zoom Hand #255785828283:  Hold'em No Limit ($0.05/$0.10) - 2025/04/18 16:15:57 CET [2025/04/18 10:15:57 ET]
Table 'Aludra' 6-max Seat #1 is the button
Seat 1: jim.gr450 ($15.70 in chips) 
Seat 2: SwivelSteal ($11.36 in chips) 
Seat 3: Niku644 ($9.70 in chips) 
Seat 4: putzkedudu ($12.03 in chips) 
Seat 5: Mahu2021 ($8.33 in chips) 
Seat 6: pokerstar671 ($19.94 in chips) 
SwivelSteal: posts small blind $0.05
Niku644: posts big blind $0.10
*** HOLE CARDS ***
Dealt to Mahu2021 [2d Jh]
putzkedudu: folds 
Mahu2021: folds 
pokerstar671: raises $0.10 to $0.20
jim.gr450: folds 
SwivelSteal: folds 
Niku644: calls $0.10
*** FLOP *** [5d 2s 8h]
Niku644: checks 
pokerstar671: checks 
*** TURN *** [5d 2s 8h] [Qc]
Niku644: checks 
pokerstar671: bets $0.22
Niku644: calls $0.22
*** RIVER *** [5d 2s 8h Qc] [9s]
Niku644: checks 
pokerstar671: bets $0.43
Niku644: calls $0.43
*** SHOW DOWN ***
pokerstar671: shows [Qd Th] (a pair of Queens)
Niku644: mucks hand 
pokerstar671 collected $1.67 from pot
*** SUMMARY ***
Total pot $1.75 | Rake $0.08 
Board [5d 2s 8h Qc 9s]
Seat 1: jim.gr450 (button) folded before Flop (didn't bet)
Seat 2: SwivelSteal (small blind) folded before Flop
Seat 3: Niku644 (big blind) mucked [Ac 8s]
Seat 4: putzkedudu folded before Flop (didn't bet)
Seat 5: Mahu2021 folded before Flop (didn't bet)
Seat 6: pokerstar671 showed [Qd Th] and won ($1.67) with a pair of Queens



PokerStars Zoom Hand #255785828962:  Hold'em No Limit ($0.05/$0.10) - 2025/04/18 16:16:01 CET [2025/04/18 10:16:01 ET]
Table 'Aludra' 6-max Seat #1 is the button
Seat 1: Yuck0811 ($10.48 in chips) 
Seat 2: flordavida ($5.72 in chips) 
Seat 3: Mahu2021 ($8.33 in chips) 
Seat 4: Thiguin9 ($21.74 in chips) 
Seat 5: ItWasDuke ($11.05 in chips) 
Seat 6: VadnaiG ($10.05 in chips) 
flordavida: posts small blind $0.05
Mahu2021: posts big blind $0.10
*** HOLE CARDS ***
Dealt to Mahu2021 [4c 3h]
Thiguin9: folds 
ItWasDuke: raises $0.13 to $0.23
VadnaiG: folds 
Yuck0811: folds 
flordavida: folds 
Mahu2021: calls $0.13
*** FLOP *** [3c 8c Ad]
Mahu2021: bets $0.30
ItWasDuke: calls $0.30
*** TURN *** [3c 8c Ad] [3d]
Mahu2021: checks 
ItWasDuke: bets $0.76
Mahu2021: raises $1.34 to $2.10
ItWasDuke: calls $1.34
*** RIVER *** [3c 8c Ad 3d] [Ks]
Mahu2021: bets $5.07
ItWasDuke: calls $5.07
*** SHOW DOWN ***
Mahu2021: shows [4c 3h] (three of a kind, Threes)
ItWasDuke: mucks hand 
Mahu2021 collected $14.75 from pot
*** SUMMARY ***
Total pot $15.45 | Rake $0.70 
Board [3c 8c Ad 3d Ks]
Seat 1: Yuck0811 (button) folded before Flop (didn't bet)
Seat 2: flordavida (small blind) folded before Flop
Seat 3: Mahu2021 (big blind) showed [4c 3h] and won ($14.75) with three of a kind, Threes
Seat 4: Thiguin9 folded before Flop (didn't bet)
Seat 5: ItWasDuke mucked [Qc Ac]
Seat 6: VadnaiG folded before Flop (didn't bet)



PokerStars Zoom Hand #255785844150:  Hold'em No Limit ($0.05/$0.10) - 2025/04/18 16:17:23 CET [2025/04/18 10:17:23 ET]
Table 'Aludra' 6-max Seat #1 is the button
Seat 1: Mahu2021 ($15.33 in chips) 
Seat 2: ctrainrockets ($5.85 in chips) 
Seat 3: PaDenV ($11.74 in chips) 
Seat 4: DJC1922 ($5.92 in chips) 
Seat 5: Heathfield_Bad ($10 in chips) 
Seat 6: SlipperySealion ($23.31 in chips) 
ctrainrockets: posts small blind $0.05
PaDenV: posts big blind $0.10
*** HOLE CARDS ***
Dealt to Mahu2021 [Ts Ks]
DJC1922: folds 
Heathfield_Bad: folds 
SlipperySealion: folds 
Mahu2021: raises $0.20 to $0.30
ctrainrockets: calls $0.25
PaDenV: folds 
*** FLOP *** [2s 3d 9d]
ctrainrockets: checks 
Mahu2021: checks 
*** TURN *** [2s 3d 9d] [7c]
ctrainrockets: checks 
Mahu2021: bets $0.20
ctrainrockets: folds 
Uncalled bet ($0.20) returned to Mahu2021
Mahu2021 collected $0.67 from pot
Mahu2021: doesn't show hand 
*** SUMMARY ***
Total pot $0.70 | Rake $0.03 
Board [2s 3d 9d 7c]
Seat 1: Mahu2021 (button) collected ($0.67)
Seat 2: ctrainrockets (small blind) folded on the Turn
Seat 3: PaDenV (big blind) folded before Flop
Seat 4: DJC1922 folded before Flop (didn't bet)
Seat 5: Heathfield_Bad folded before Flop (didn't bet)
Seat 6: SlipperySealion folded before Flop (didn't bet)



PokerStars Zoom Hand #255785849422:  Hold'em No Limit ($0.05/$0.10) - 2025/04/18 16:17:52 CET [2025/04/18 10:17:52 ET]
Table 'Aludra' 6-max Seat #1 is the button
Seat 1: gamma720 ($20.38 in chips) 
Seat 2: strashilisht ($11.48 in chips) 
Seat 3: jim.gr450 ($19.35 in chips) 
Seat 4: Mahu2021 ($15.70 in chips) 
Seat 5: SwivelSteal ($12.81 in chips) 
Seat 6: Dungwish ($11.47 in chips) 
strashilisht: posts small blind $0.05
jim.gr450: posts big blind $0.10
*** HOLE CARDS ***
Dealt to Mahu2021 [Tc Js]
Mahu2021: raises $0.20 to $0.30
SwivelSteal: folds 
Dungwish: folds 
gamma720: folds 
strashilisht: folds 
jim.gr450: folds 
Uncalled bet ($0.20) returned to Mahu2021
Mahu2021 collected $0.25 from pot
Mahu2021: doesn't show hand 
*** SUMMARY ***
Total pot $0.25 | Rake $0 
Seat 1: gamma720 (button) folded before Flop (didn't bet)
Seat 2: strashilisht (small blind) folded before Flop
Seat 3: jim.gr450 (big blind) folded before Flop
Seat 4: Mahu2021 collected ($0.25)
Seat 5: SwivelSteal folded before Flop (didn't bet)
Seat 6: Dungwish folded before Flop (didn't bet)



PokerStars Zoom Hand #255785842342:  Hold'em No Limit ($0.05/$0.10) - 2025/04/18 16:17:13 CET [2025/04/18 10:17:13 ET]
Table 'Aludra' 6-max Seat #1 is the button
Seat 1: BilaTserkva00 ($11.47 in chips) 
Seat 2: Mahu2021 ($15.38 in chips) 
Seat 3: giannissapk ($16.45 in chips) 
Seat 4: alexbuzatu ($7.80 in chips) 
Seat 5: Valdisney101 ($8.19 in chips) 
Seat 6: joel bullen ($10.10 in chips) 
Mahu2021: posts small blind $0.05
giannissapk: posts big blind $0.10
*** HOLE CARDS ***
Dealt to Mahu2021 [2s 5d]
alexbuzatu: folds 
Valdisney101: raises $0.15 to $0.25
joel bullen: folds 
BilaTserkva00: folds 
Mahu2021: folds 
giannissapk: calls $0.15
*** FLOP *** [Jd 6d 2d]
giannissapk: bets $0.17
Valdisney101: calls $0.17
*** TURN *** [Jd 6d 2d] [9s]
giannissapk: checks 
Valdisney101: bets $0.28
giannissapk: calls $0.28
*** RIVER *** [Jd 6d 2d 9s] [3s]
giannissapk: checks 
Valdisney101: bets $0.91
giannissapk: folds 
Uncalled bet ($0.91) returned to Valdisney101
Valdisney101 collected $1.38 from pot
Valdisney101: doesn't show hand 
*** SUMMARY ***
Total pot $1.45 | Rake $0.07 
Board [Jd 6d 2d 9s 3s]
Seat 1: BilaTserkva00 (button) folded before Flop (didn't bet)
Seat 2: Mahu2021 (small blind) folded before Flop
Seat 3: giannissapk (big blind) folded on the River
Seat 4: alexbuzatu folded before Flop (didn't bet)
Seat 5: Valdisney101 collected ($1.38)
Seat 6: joel bullen folded before Flop (didn't bet)



