PokerStars Zoom Hand #255374556556:  Hold'em No Limit ($0.25/$0.50) - 2025/03/20 20:52:00 CET [2025/03/20 15:52:00 ET]
Table 'Baade' 6-max Seat #1 is the button
Seat 1: MateusMouraa ($127.95 in chips) 
Seat 2: brpoker_pr0 ($50.75 in chips) 
Seat 3: Mahu2021 ($36.62 in chips) 
Seat 4: Loco Crazy07 ($54.48 in chips) 
Seat 5: DzemAs ($60.80 in chips) 
Seat 6: symkalaila ($98.62 in chips) 
brpoker_pr0: posts small blind $0.25
Mahu2021: posts big blind $0.50
*** HOLE CARDS ***
Dealt to Mahu2021 [Th 4h]
Loco Crazy07: folds 
DzemAs: folds 
symkalaila: folds 
MateusMouraa: folds 
brpoker_pr0: folds 
Uncalled bet ($0.25) returned to Mahu2021
Mahu2021 collected $0.50 from pot
Mahu2021: doesn't show hand 
*** SUMMARY ***
Total pot $0.50 | Rake $0 
Seat 1: MateusMouraa (button) folded before Flop (didn't bet)
Seat 2: brpoker_pr0 (small blind) folded before Flop
Seat 3: Mahu2021 (big blind) collected ($0.50)
Seat 4: Loco Crazy07 folded before Flop (didn't bet)
Seat 5: DzemAs folded before Flop (didn't bet)
Seat 6: symkalaila folded before Flop (didn't bet)



PokerStars Zoom Hand #255374559911:  Hold'em No Limit ($0.25/$0.50) - 2025/03/20 20:52:12 CET [2025/03/20 15:52:12 ET]
Table 'Baade' 6-max Seat #1 is the button
Seat 1: mattwut1 ($50 in chips) 
Seat 2: Mahu2021 ($36.87 in chips) 
Seat 3: Loco Crazy07 ($62.71 in chips) 
Seat 4: bs2709 ($241.28 in chips) 
Seat 5: LexEv_2 ($48.12 in chips) 
Seat 6: brpoker_pr0 ($50 in chips) 
Mahu2021: posts small blind $0.25
Loco Crazy07: posts big blind $0.50
*** HOLE CARDS ***
Dealt to Mahu2021 [7c 3h]
bs2709: raises $0.50 to $1
LexEv_2: folds 
brpoker_pr0: folds 
mattwut1: folds 
Mahu2021: folds 
Loco Crazy07: folds 
Uncalled bet ($0.50) returned to bs2709
bs2709 collected $1.25 from pot
bs2709: doesn't show hand 
*** SUMMARY ***
Total pot $1.25 | Rake $0 
Seat 1: mattwut1 (button) folded before Flop (didn't bet)
Seat 2: Mahu2021 (small blind) folded before Flop
Seat 3: Loco Crazy07 (big blind) folded before Flop
Seat 4: bs2709 collected ($1.25)
Seat 5: LexEv_2 folded before Flop (didn't bet)
Seat 6: brpoker_pr0 folded before Flop (didn't bet)



PokerStars Zoom Hand #255374560714:  Hold'em No Limit ($0.25/$0.50) - 2025/03/20 20:52:16 CET [2025/03/20 15:52:16 ET]
Table 'Baade' 6-max Seat #1 is the button
Seat 1: aodwntm ($50.35 in chips) 
Seat 2: mudzin85 ($53 in chips) 
Seat 3: RyanG725 ($64.53 in chips) 
Seat 4: symkalaila ($98.12 in chips) 
Seat 5: Mahu2021 ($36.62 in chips) 
Seat 6: MateusMouraa ($54.71 in chips) 
mudzin85: posts small blind $0.25
RyanG725: posts big blind $0.50
*** HOLE CARDS ***
Dealt to Mahu2021 [Qh Ah]
symkalaila: folds 
Mahu2021: raises $1 to $1.50
MateusMouraa: folds 
aodwntm: folds 
mudzin85: raises $4 to $5.50
RyanG725: folds 
Mahu2021: calls $4
*** FLOP *** [Th Ts Ks]
mudzin85: bets $3.82
Mahu2021: calls $3.82
*** TURN *** [Th Ts Ks] [8h]
mudzin85: checks 
Mahu2021: bets $7.50
mudzin85: folds 
Uncalled bet ($7.50) returned to Mahu2021
Mahu2021 collected $18.18 from pot
Mahu2021: doesn't show hand 
*** SUMMARY ***
Total pot $19.14 | Rake $0.96 
Board [Th Ts Ks 8h]
Seat 1: aodwntm (button) folded before Flop (didn't bet)
Seat 2: mudzin85 (small blind) folded on the Turn
Seat 3: RyanG725 (big blind) folded before Flop
Seat 4: symkalaila folded before Flop (didn't bet)
Seat 5: Mahu2021 collected ($18.18)
Seat 6: MateusMouraa folded before Flop (didn't bet)



PokerStars Zoom Hand #255374559151:  Hold'em No Limit ($0.25/$0.50) - 2025/03/20 20:52:10 CET [2025/03/20 15:52:10 ET]
Table 'Baade' 6-max Seat #1 is the button
Seat 1: Mahu2021 ($36.87 in chips) 
Seat 2: Win A Rolex ($36.54 in chips) 
Seat 3: HarleyD789 ($111.31 in chips) 
Seat 4: pocavoya ($66.95 in chips) 
Seat 5: MateusMouraa ($54.71 in chips) 
Seat 6: Kovastoso ($95.80 in chips) 
Win A Rolex: posts small blind $0.25
HarleyD789: posts big blind $0.50
*** HOLE CARDS ***
Dealt to Mahu2021 [2h Tc]
pocavoya: folds 
MateusMouraa: folds 
Kovastoso: folds 
Mahu2021: folds 
Win A Rolex: calls $0.25
HarleyD789: checks 
*** FLOP *** [2s 9c 2d]
Win A Rolex: checks 
HarleyD789: bets $1.50
Win A Rolex: calls $1.50
*** TURN *** [2s 9c 2d] [9h]
Win A Rolex: checks 
HarleyD789: bets $1.50
Win A Rolex: calls $1.50
*** RIVER *** [2s 9c 2d 9h] [5s]
Win A Rolex: checks 
HarleyD789: checks 
*** SHOW DOWN ***
Win A Rolex: shows [Kd As] (two pair, Nines and Deuces)
HarleyD789: shows [5h Qc] (two pair, Nines and Fives)
HarleyD789 collected $6.56 from pot
*** SUMMARY ***
Total pot $7 | Rake $0.44 
Board [2s 9c 2d 9h 5s]
Seat 1: Mahu2021 (button) folded before Flop (didn't bet)
Seat 2: Win A Rolex (small blind) showed [Kd As] and lost with two pair, Nines and Deuces
Seat 3: HarleyD789 (big blind) showed [5h Qc] and won ($6.56) with two pair, Nines and Fives
Seat 4: pocavoya folded before Flop (didn't bet)
Seat 5: MateusMouraa folded before Flop (didn't bet)
Seat 6: Kovastoso folded before Flop (didn't bet)



