PokerStars Zoom Hand #253911643462:  Hold'em No Limit ($0.05/$0.10) - 2024/12/18 19:18:22 CET [2024/12/18 13:18:22 ET]
Table 'Aludra' 6-max Seat #1 is the button
Seat 1: jSorc ($10 in chips) 
Seat 2: ellinthar13 ($14.73 in chips) 
Seat 3: Mahu2021 ($10 in chips) 
Seat 4: blindprotector ($10.08 in chips) 
Seat 5: gelik32 ($10 in chips) 
Seat 6: VitorArj ($10.15 in chips) 
ellinthar13: posts small blind $0.05
Mahu2021: posts big blind $0.10
*** HOLE CARDS ***
Dealt to Mahu2021 [2s Qs]
blindprotector: folds 
gelik32: folds 
VitorArj: raises $0.15 to $0.25
jSorc: folds 
ellinthar13: folds 
Mahu2021: calls $0.15
*** FLOP *** [Jc 5s 7c]
Mahu2021: checks 
VitorArj: bets $0.13
Mahu2021: folds 
Uncalled bet ($0.13) returned to VitorArj
VitorArj collected $0.53 from pot
VitorArj: doesn't show hand 
*** SUMMARY ***
Total pot $0.55 | Rake $0.02 
Board [Jc 5s 7c]
Seat 1: jSorc (button) folded before Flop (didn't bet)
Seat 2: ellinthar13 (small blind) folded before Flop
Seat 3: Mahu2021 (big blind) folded on the Flop
Seat 4: blindprotector folded before Flop (didn't bet)
Seat 5: gelik32 folded before Flop (didn't bet)
Seat 6: VitorArj collected ($0.53)



PokerStars Zoom Hand #253911649013:  Hold'em No Limit ($0.05/$0.10) - 2024/12/18 19:18:44 CET [2024/12/18 13:18:44 ET]
Table 'Aludra' 6-max Seat #1 is the button
Seat 1: Mahu2021 ($9.75 in chips) 
Seat 2: Luffy V ($10 in chips) 
Seat 3: oyuka1988 ($10.15 in chips) 
Seat 4: realgeo ($10 in chips) 
Seat 5: KRSofM ($13.88 in chips) 
Seat 6: dmitriy11011 ($8.27 in chips) 
Luffy V: posts small blind $0.05
oyuka1988: posts big blind $0.10
*** HOLE CARDS ***
Dealt to Mahu2021 [Ad Ah]
realgeo: folds 
KRSofM: folds 
dmitriy11011: folds 
Mahu2021: raises $0.20 to $0.30
Luffy V: folds 
oyuka1988: folds 
Uncalled bet ($0.20) returned to Mahu2021
Mahu2021 collected $0.25 from pot
Mahu2021: doesn't show hand 
*** SUMMARY ***
Total pot $0.25 | Rake $0 
Seat 1: Mahu2021 (button) collected ($0.25)
Seat 2: Luffy V (small blind) folded before Flop
Seat 3: oyuka1988 (big blind) folded before Flop
Seat 4: realgeo folded before Flop (didn't bet)
Seat 5: KRSofM folded before Flop (didn't bet)
Seat 6: dmitriy11011 folded before Flop (didn't bet)



PokerStars Zoom Hand #253911653392:  Hold'em No Limit ($0.05/$0.10) - 2024/12/18 19:19:02 CET [2024/12/18 13:19:02 ET]
Table 'Aludra' 6-max Seat #1 is the button
Seat 1: daveen ($11.79 in chips) 
Seat 2: Mahu2021 ($9.90 in chips) 
Seat 3: gelik32 ($10 in chips) 
Seat 4: ellinthar13 ($14.53 in chips) 
Seat 5: ChrisApa ($21.16 in chips) 
Seat 6: dundee is blue ($10.20 in chips) 
Mahu2021: posts small blind $0.05
gelik32: posts big blind $0.10
*** HOLE CARDS ***
Dealt to Mahu2021 [8c Qh]
ellinthar13: raises $0.15 to $0.25
ChrisApa: folds 
dundee is blue: folds 
daveen: folds 
Mahu2021: folds 
gelik32: calls $0.15
*** FLOP *** [3h 5s Qc]
gelik32: bets $0.18
ellinthar13: calls $0.18
*** TURN *** [3h 5s Qc] [As]
gelik32: checks 
ellinthar13: bets $0.58
gelik32: calls $0.58
*** RIVER *** [3h 5s Qc As] [Kh]
gelik32: checks 
ellinthar13: checks 
*** SHOW DOWN ***
gelik32: shows [7c Ac] (a pair of Aces)
ellinthar13: mucks hand 
gelik32 collected $1.98 from pot
*** SUMMARY ***
Total pot $2.07 | Rake $0.09 
Board [3h 5s Qc As Kh]
Seat 1: daveen (button) folded before Flop (didn't bet)
Seat 2: Mahu2021 (small blind) folded before Flop
Seat 3: gelik32 (big blind) showed [7c Ac] and won ($1.98) with a pair of Aces
Seat 4: ellinthar13 mucked [4s 4d]
Seat 5: ChrisApa folded before Flop (didn't bet)
Seat 6: dundee is blue folded before Flop (didn't bet)



PokerStars Zoom Hand #253911654581:  Hold'em No Limit ($0.05/$0.10) - 2024/12/18 19:19:06 CET [2024/12/18 13:19:06 ET]
Table 'Aludra' 6-max Seat #1 is the button
Seat 1: yoshi0619 ($10.45 in chips) 
Seat 2: VitorArj ($10.33 in chips) 
Seat 3: Luffy V ($31.22 in chips) 
Seat 4: antoniciuc ($49.04 in chips) 
Seat 5: P1ntail ($12.83 in chips) 
Seat 6: Mahu2021 ($9.85 in chips) 
VitorArj: posts small blind $0.05
Luffy V: posts big blind $0.10
*** HOLE CARDS ***
Dealt to Mahu2021 [Kh Ac]
antoniciuc: folds 
P1ntail: folds 
Mahu2021: raises $0.20 to $0.30
yoshi0619: raises $0.60 to $0.90
VitorArj: folds 
Luffy V: folds 
Mahu2021: calls $0.60
*** FLOP *** [7h 9c 9s]
Mahu2021: checks 
yoshi0619: bets $0.61
Mahu2021: calls $0.61
*** TURN *** [7h 9c 9s] [8s]
Mahu2021: checks 
yoshi0619: checks 
*** RIVER *** [7h 9c 9s 8s] [3s]
Mahu2021: checks 
yoshi0619: bets $2.30
Mahu2021: folds 
Uncalled bet ($2.30) returned to yoshi0619
yoshi0619 collected $3.03 from pot
yoshi0619: doesn't show hand 
*** SUMMARY ***
Total pot $3.17 | Rake $0.14 
Board [7h 9c 9s 8s 3s]
Seat 1: yoshi0619 (button) collected ($3.03)
Seat 2: VitorArj (small blind) folded before Flop
Seat 3: Luffy V (big blind) folded before Flop
Seat 4: antoniciuc folded before Flop (didn't bet)
Seat 5: P1ntail folded before Flop (didn't bet)
Seat 6: Mahu2021 folded on the River



PokerStars Zoom Hand #253911663916:  Hold'em No Limit ($0.05/$0.10) - 2024/12/18 19:19:43 CET [2024/12/18 13:19:43 ET]
Table 'Aludra' 6-max Seat #1 is the button
Seat 1: dundee is blue ($10.05 in chips) 
Seat 2: TFIF ($9.90 in chips) 
Seat 3: talamask111 ($56.72 in chips) 
Seat 4: dsanchez11 ($15.87 in chips) 
Seat 5: Mahu2021 ($8.34 in chips) 
Seat 6: endriu 506 ($11.61 in chips) 
TFIF: posts small blind $0.05
talamask111: posts big blind $0.10
*** HOLE CARDS ***
Dealt to Mahu2021 [Jc 8d]
dsanchez11: raises $0.15 to $0.25
Mahu2021: folds 
endriu 506: folds 
dundee is blue: folds 
TFIF: folds 
talamask111: folds 
Uncalled bet ($0.15) returned to dsanchez11
dsanchez11 collected $0.25 from pot
dsanchez11: doesn't show hand 
*** SUMMARY ***
Total pot $0.25 | Rake $0 
Seat 1: dundee is blue (button) folded before Flop (didn't bet)
Seat 2: TFIF (small blind) folded before Flop
Seat 3: talamask111 (big blind) folded before Flop
Seat 4: dsanchez11 collected ($0.25)
Seat 5: Mahu2021 folded before Flop (didn't bet)
Seat 6: endriu 506 folded before Flop (didn't bet)



PokerStars Zoom Hand #253911665129:  Hold'em No Limit ($0.05/$0.10) - 2024/12/18 19:19:48 CET [2024/12/18 13:19:48 ET]
Table 'Aludra' 6-max Seat #1 is the button
Seat 1: Mahu2021 ($8.34 in chips) 
Seat 2: realgeo ($10 in chips) 
Seat 3: Kretschmeister ($9.95 in chips) 
Seat 4: TGVon ($10.25 in chips) 
Seat 5: DonkeyKong1960 ($10 in chips) 
Seat 6: ignacioh55 ($24.52 in chips) 
realgeo: posts small blind $0.05
Kretschmeister: posts big blind $0.10
*** HOLE CARDS ***
Dealt to Mahu2021 [Qh Kc]
TGVon: folds 
DonkeyKong1960: raises $0.20 to $0.30
ignacioh55: folds 
Mahu2021: calls $0.30
realgeo: folds 
Kretschmeister: calls $0.20
*** FLOP *** [As 3c 9c]
Kretschmeister: checks 
DonkeyKong1960: checks 
Mahu2021: checks 
*** TURN *** [As 3c 9c] [Kd]
Kretschmeister: checks 
DonkeyKong1960: bets $0.36
Mahu2021: folds 
Kretschmeister: folds 
Uncalled bet ($0.36) returned to DonkeyKong1960
DonkeyKong1960 collected $0.91 from pot
DonkeyKong1960: doesn't show hand 
*** SUMMARY ***
Total pot $0.95 | Rake $0.04 
Board [As 3c 9c Kd]
Seat 1: Mahu2021 (button) folded on the Turn
Seat 2: realgeo (small blind) folded before Flop
Seat 3: Kretschmeister (big blind) folded on the Turn
Seat 4: TGVon folded before Flop (didn't bet)
Seat 5: DonkeyKong1960 collected ($0.91)
Seat 6: ignacioh55 folded before Flop (didn't bet)



PokerStars Zoom Hand #253911670949:  Hold'em No Limit ($0.05/$0.10) - 2024/12/18 19:20:12 CET [2024/12/18 13:20:12 ET]
Table 'Aludra' 6-max Seat #1 is the button
Seat 1: decm ($12.31 in chips) 
Seat 2: Potti.Gr ($6.79 in chips) 
Seat 3: realgeo ($10.70 in chips) 
Seat 4: nord1k5 ($10.78 in chips) 
Seat 5: Pagliacci7777 ($11.43 in chips) 
Seat 6: Mahu2021 ($8.04 in chips) 
Potti.Gr: posts small blind $0.05
realgeo: posts big blind $0.10
*** HOLE CARDS ***
Dealt to Mahu2021 [Kc 3s]
nord1k5: folds 
Pagliacci7777: folds 
Mahu2021: folds 
decm: folds 
Potti.Gr: raises $0.20 to $0.30
realgeo: folds 
Uncalled bet ($0.20) returned to Potti.Gr
Potti.Gr collected $0.20 from pot
Potti.Gr: doesn't show hand 
*** SUMMARY ***
Total pot $0.20 | Rake $0 
Seat 1: decm (button) folded before Flop (didn't bet)
Seat 2: Potti.Gr (small blind) collected ($0.20)
Seat 3: realgeo (big blind) folded before Flop
Seat 4: nord1k5 folded before Flop (didn't bet)
Seat 5: Pagliacci7777 folded before Flop (didn't bet)
Seat 6: Mahu2021 folded before Flop (didn't bet)



PokerStars Zoom Hand #253911673689:  Hold'em No Limit ($0.05/$0.10) - 2024/12/18 19:20:22 CET [2024/12/18 13:20:22 ET]
Table 'Aludra' 6-max Seat #1 is the button
Seat 1: antoniciuc ($48.89 in chips) 
Seat 2: Mahu2021 ($7.94 in chips) 
Seat 3: Pagliacci7777 ($11.43 in chips) 
Seat 4: SyraXmaX ($10.96 in chips) 
Seat 5: oyuka1988 ($9 in chips) 
Seat 6: openymir ($11.13 in chips) 
Mahu2021: posts small blind $0.05
Pagliacci7777: posts big blind $0.10
*** HOLE CARDS ***
Dealt to Mahu2021 [5c Ad]
SyraXmaX: raises $0.15 to $0.25
oyuka1988: folds 
openymir: folds 
antoniciuc: folds 
Mahu2021: calls $0.20
Pagliacci7777: folds 
*** FLOP *** [3s Kc Td]
Mahu2021: checks 
SyraXmaX: bets $0.17
Mahu2021: folds 
Uncalled bet ($0.17) returned to SyraXmaX
SyraXmaX collected $0.57 from pot
SyraXmaX: doesn't show hand 
*** SUMMARY ***
Total pot $0.60 | Rake $0.03 
Board [3s Kc Td]
Seat 1: antoniciuc (button) folded before Flop (didn't bet)
Seat 2: Mahu2021 (small blind) folded on the Flop
Seat 3: Pagliacci7777 (big blind) folded before Flop
Seat 4: SyraXmaX collected ($0.57)
Seat 5: oyuka1988 folded before Flop (didn't bet)
Seat 6: openymir folded before Flop (didn't bet)



PokerStars Zoom Hand #253911672081:  Hold'em No Limit ($0.05/$0.10) - 2024/12/18 19:20:16 CET [2024/12/18 13:20:16 ET]
Table 'Aludra' 6-max Seat #1 is the button
Seat 1: Bumeyes ($19.13 in chips) 
Seat 2: djkf23 ($9.36 in chips) 
Seat 3: Mahu2021 ($8.04 in chips) 
Seat 4: DonkeyKong1960 ($10.61 in chips) 
Seat 5: QED42 ($10 in chips) 
Seat 6: serotonine91 ($14.88 in chips) 
djkf23: posts small blind $0.05
Mahu2021: posts big blind $0.10
*** HOLE CARDS ***
Dealt to Mahu2021 [7s 4h]
DonkeyKong1960: raises $0.20 to $0.30
QED42: folds 
serotonine91: folds 
Bumeyes: folds 
djkf23: raises $0.70 to $1
Mahu2021: folds 
DonkeyKong1960: folds 
Uncalled bet ($0.70) returned to djkf23
djkf23 collected $0.70 from pot
djkf23: doesn't show hand 
*** SUMMARY ***
Total pot $0.70 | Rake $0 
Seat 1: Bumeyes (button) folded before Flop (didn't bet)
Seat 2: djkf23 (small blind) collected ($0.70)
Seat 3: Mahu2021 (big blind) folded before Flop
Seat 4: DonkeyKong1960 folded before Flop
Seat 5: QED42 folded before Flop (didn't bet)
Seat 6: serotonine91 folded before Flop (didn't bet)



PokerStars Zoom Hand #253911678229:  Hold'em No Limit ($0.05/$0.10) - 2024/12/18 19:20:40 CET [2024/12/18 13:20:40 ET]
Table 'Aludra' 6-max Seat #1 is the button
Seat 1: cybik945 ($11.05 in chips) 
Seat 2: VitorArj ($10.15 in chips) 
Seat 3: KRSofM ($42.70 in chips) 
Seat 4: Mahu2021 ($7.69 in chips) 
Seat 5: realgeo ($10.15 in chips) 
Seat 6: DonkeyKong1960 ($10 in chips) 
VitorArj: posts small blind $0.05
KRSofM: posts big blind $0.10
*** HOLE CARDS ***
Dealt to Mahu2021 [Kh 5c]
Mahu2021: folds 
realgeo: folds 
DonkeyKong1960: folds 
cybik945: folds 
VitorArj: raises $0.20 to $0.30
KRSofM: folds 
Uncalled bet ($0.20) returned to VitorArj
VitorArj collected $0.20 from pot
VitorArj: doesn't show hand 
*** SUMMARY ***
Total pot $0.20 | Rake $0 
Seat 1: cybik945 (button) folded before Flop (didn't bet)
Seat 2: VitorArj (small blind) collected ($0.20)
Seat 3: KRSofM (big blind) folded before Flop
Seat 4: Mahu2021 folded before Flop (didn't bet)
Seat 5: realgeo folded before Flop (didn't bet)
Seat 6: DonkeyKong1960 folded before Flop (didn't bet)



PokerStars Zoom Hand #253911676958:  Hold'em No Limit ($0.05/$0.10) - 2024/12/18 19:20:35 CET [2024/12/18 13:20:35 ET]
Table 'Aludra' 6-max Seat #1 is the button
Seat 1: Azikk555 ($10 in chips) 
Seat 2: gp motos ($11.27 in chips) 
Seat 3: dmitriy11011 ($8.02 in chips) 
Seat 4: teebeutel16 ($9.01 in chips) 
Seat 5: Mahu2021 ($7.69 in chips) 
Seat 6: CesarR97 ($10 in chips) 
gp motos: posts small blind $0.05
dmitriy11011: posts big blind $0.10
*** HOLE CARDS ***
Dealt to Mahu2021 [6h 7s]
teebeutel16: calls $0.10
Mahu2021: folds 
CesarR97: folds 
Azikk555: folds 
gp motos: folds 
dmitriy11011: raises $0.45 to $0.55
teebeutel16: folds 
Uncalled bet ($0.45) returned to dmitriy11011
dmitriy11011 collected $0.25 from pot
dmitriy11011: doesn't show hand 
*** SUMMARY ***
Total pot $0.25 | Rake $0 
Seat 1: Azikk555 (button) folded before Flop (didn't bet)
Seat 2: gp motos (small blind) folded before Flop
Seat 3: dmitriy11011 (big blind) collected ($0.25)
Seat 4: teebeutel16 folded before Flop
Seat 5: Mahu2021 folded before Flop (didn't bet)
Seat 6: CesarR97 folded before Flop (didn't bet)



PokerStars Zoom Hand #253911679285:  Hold'em No Limit ($0.05/$0.10) - 2024/12/18 19:20:44 CET [2024/12/18 13:20:44 ET]
Table 'Aludra' 6-max Seat #1 is the button
Seat 1: VitorArj ($10.68 in chips) 
Seat 2: yoshi0619 ($17.28 in chips) 
Seat 3: realgeo ($10.15 in chips) 
Seat 4: Mahu2021 ($7.69 in chips) 
Seat 5: gp motos ($11.22 in chips) 
Seat 6: colAA49 ($8.34 in chips) 
yoshi0619: posts small blind $0.05
realgeo: posts big blind $0.10
*** HOLE CARDS ***
Dealt to Mahu2021 [5h 8c]
Mahu2021: folds 
gp motos: raises $0.15 to $0.25
colAA49: folds 
VitorArj: raises $0.50 to $0.75
yoshi0619: folds 
realgeo: folds 
gp motos: folds 
Uncalled bet ($0.50) returned to VitorArj
VitorArj collected $0.65 from pot
VitorArj: doesn't show hand 
*** SUMMARY ***
Total pot $0.65 | Rake $0 
Seat 1: VitorArj (button) collected ($0.65)
Seat 2: yoshi0619 (small blind) folded before Flop
Seat 3: realgeo (big blind) folded before Flop
Seat 4: Mahu2021 folded before Flop (didn't bet)
Seat 5: gp motos folded before Flop
Seat 6: colAA49 folded before Flop (didn't bet)



PokerStars Zoom Hand #253911680280:  Hold'em No Limit ($0.05/$0.10) - 2024/12/18 19:20:48 CET [2024/12/18 13:20:48 ET]
Table 'Aludra' 6-max Seat #1 is the button
Seat 1: gimmiurstack ($19.83 in chips) 
Seat 2: ChrisApa ($20.31 in chips) 
Seat 3: Mahu2021 ($7.69 in chips) 
Seat 4: djkf23 ($13.43 in chips) 
Seat 5: lebifflemaster ($10 in chips) 
Seat 6: oyuka1988 ($9.20 in chips) 
ChrisApa: posts small blind $0.05
Mahu2021: posts big blind $0.10
*** HOLE CARDS ***
Dealt to Mahu2021 [Ac Kd]
djkf23: folds 
lebifflemaster: folds 
oyuka1988: folds 
gimmiurstack: raises $0.20 to $0.30
ChrisApa: folds 
Mahu2021: raises $0.50 to $0.80
gimmiurstack: folds 
Uncalled bet ($0.50) returned to Mahu2021
Mahu2021 collected $0.65 from pot
Mahu2021: doesn't show hand 
*** SUMMARY ***
Total pot $0.65 | Rake $0 
Seat 1: gimmiurstack (button) folded before Flop
Seat 2: ChrisApa (small blind) folded before Flop
Seat 3: Mahu2021 (big blind) collected ($0.65)
Seat 4: djkf23 folded before Flop (didn't bet)
Seat 5: lebifflemaster folded before Flop (didn't bet)
Seat 6: oyuka1988 folded before Flop (didn't bet)



PokerStars Zoom Hand #253911690270:  Hold'em No Limit ($0.05/$0.10) - 2024/12/18 19:21:29 CET [2024/12/18 13:21:29 ET]
Table 'Aludra' 6-max Seat #1 is the button
Seat 1: Mahu2021 ($7.99 in chips) 
Seat 2: DonkeyKong1960 ($10.60 in chips) 
Seat 3: Azikk555 ($10.30 in chips) 
Seat 4: yoshi0619 ($17.05 in chips) 
Seat 5: prkiller40 ($11.14 in chips) 
Seat 6: talamask111 ($56.56 in chips) 
DonkeyKong1960: posts small blind $0.05
Azikk555: posts big blind $0.10
*** HOLE CARDS ***
Dealt to Mahu2021 [Jh Jc]
yoshi0619: folds 
prkiller40: folds 
talamask111: folds 
Mahu2021: raises $0.20 to $0.30
DonkeyKong1960: folds 
Azikk555: folds 
Uncalled bet ($0.20) returned to Mahu2021
Mahu2021 collected $0.25 from pot
Mahu2021: doesn't show hand 
*** SUMMARY ***
Total pot $0.25 | Rake $0 
Seat 1: Mahu2021 (button) collected ($0.25)
Seat 2: DonkeyKong1960 (small blind) folded before Flop
Seat 3: Azikk555 (big blind) folded before Flop
Seat 4: yoshi0619 folded before Flop (didn't bet)
Seat 5: prkiller40 folded before Flop (didn't bet)
Seat 6: talamask111 folded before Flop (didn't bet)



PokerStars Zoom Hand #253911694026:  Hold'em No Limit ($0.05/$0.10) - 2024/12/18 19:21:44 CET [2024/12/18 13:21:44 ET]
Table 'Aludra' 6-max Seat #1 is the button
Seat 1: victorffc ($25.53 in chips) 
Seat 2: gelik32 ($10 in chips) 
Seat 3: nepheloco ($7.98 in chips) 
Seat 4: oyuka1988 ($8.25 in chips) 
Seat 5: znakke ($13.65 in chips) 
Seat 6: Mahu2021 ($8.14 in chips) 
gelik32: posts small blind $0.05
nepheloco: posts big blind $0.10
*** HOLE CARDS ***
Dealt to Mahu2021 [3h Qd]
oyuka1988: folds 
znakke: folds 
Mahu2021: folds 
victorffc: raises $0.15 to $0.25
gelik32: folds 
nepheloco: folds 
Uncalled bet ($0.15) returned to victorffc
victorffc collected $0.25 from pot
victorffc: doesn't show hand 
*** SUMMARY ***
Total pot $0.25 | Rake $0 
Seat 1: victorffc (button) collected ($0.25)
Seat 2: gelik32 (small blind) folded before Flop
Seat 3: nepheloco (big blind) folded before Flop
Seat 4: oyuka1988 folded before Flop (didn't bet)
Seat 5: znakke folded before Flop (didn't bet)
Seat 6: Mahu2021 folded before Flop (didn't bet)



PokerStars Zoom Hand #253911694859:  Hold'em No Limit ($0.05/$0.10) - 2024/12/18 19:21:47 CET [2024/12/18 13:21:47 ET]
Table 'Aludra' 6-max Seat #1 is the button
Seat 1: serotonine91 ($10.78 in chips) 
Seat 2: oyuka1988 ($8.25 in chips) 
Seat 3: Joypill ($15.31 in chips) 
Seat 4: znakke ($13.65 in chips) 
Seat 5: Mahu2021 ($8.14 in chips) 
Seat 6: sharakov ($10.72 in chips) 
oyuka1988: posts small blind $0.05
Joypill: posts big blind $0.10
*** HOLE CARDS ***
Dealt to Mahu2021 [Jc 3c]
znakke: folds 
Mahu2021: folds 
sharakov: folds 
serotonine91: folds 
oyuka1988: folds 
Uncalled bet ($0.05) returned to Joypill
Joypill collected $0.10 from pot
Joypill: doesn't show hand 
*** SUMMARY ***
Total pot $0.10 | Rake $0 
Seat 1: serotonine91 (button) folded before Flop (didn't bet)
Seat 2: oyuka1988 (small blind) folded before Flop
Seat 3: Joypill (big blind) collected ($0.10)
Seat 4: znakke folded before Flop (didn't bet)
Seat 5: Mahu2021 folded before Flop (didn't bet)
Seat 6: sharakov folded before Flop (didn't bet)



PokerStars Zoom Hand #253911689244:  Hold'em No Limit ($0.05/$0.10) - 2024/12/18 19:21:25 CET [2024/12/18 13:21:25 ET]
Table 'Aludra' 6-max Seat #1 is the button
Seat 1: Symbiozis ($12.57 in chips) 
Seat 2: Mahu2021 ($8.04 in chips) 
Seat 3: dsanchez11 ($13.72 in chips) 
Seat 4: MemZiiii ($19.86 in chips) 
Seat 5: ignacioh55 ($25.94 in chips) 
Seat 6: realgeo ($10.53 in chips) 
Mahu2021: posts small blind $0.05
dsanchez11: posts big blind $0.10
*** HOLE CARDS ***
Dealt to Mahu2021 [2d Kc]
MemZiiii: folds 
ignacioh55: folds 
realgeo: folds 
Symbiozis: raises $0.10 to $0.20
Mahu2021: folds 
dsanchez11: calls $0.10
*** FLOP *** [6s 8d 5h]
dsanchez11: checks 
Symbiozis: checks 
*** TURN *** [6s 8d 5h] [2s]
dsanchez11: bets $1.08
Symbiozis: folds 
Uncalled bet ($1.08) returned to dsanchez11
dsanchez11 collected $0.43 from pot
dsanchez11: doesn't show hand 
*** SUMMARY ***
Total pot $0.45 | Rake $0.02 
Board [6s 8d 5h 2s]
Seat 1: Symbiozis (button) folded on the Turn
Seat 2: Mahu2021 (small blind) folded before Flop
Seat 3: dsanchez11 (big blind) collected ($0.43)
Seat 4: MemZiiii folded before Flop (didn't bet)
Seat 5: ignacioh55 folded before Flop (didn't bet)
Seat 6: realgeo folded before Flop (didn't bet)



PokerStars Zoom Hand #253911688275:  Hold'em No Limit ($0.05/$0.10) - 2024/12/18 19:21:21 CET [2024/12/18 13:21:21 ET]
Table 'Aludra' 6-max Seat #1 is the button
Seat 1: sharakov ($10.32 in chips) 
Seat 2: ignacioh55 ($25.99 in chips) 
Seat 3: bigBorov ($10.15 in chips) 
Seat 4: victorffc ($14.20 in chips) 
Seat 5: Mahu2021 ($8.04 in chips) 
Seat 6: yoshi0619 ($10.18 in chips) 
ignacioh55: posts small blind $0.05
bigBorov: posts big blind $0.10
*** HOLE CARDS ***
Dealt to Mahu2021 [2h 6c]
victorffc: folds 
Mahu2021: folds 
yoshi0619: raises $0.10 to $0.20
sharakov: raises $0.50 to $0.70
ignacioh55: folds 
bigBorov: folds 
yoshi0619: calls $0.50
*** FLOP *** [2s 3h 7s]
yoshi0619: checks 
sharakov: bets $1.38
yoshi0619: calls $1.38
*** TURN *** [2s 3h 7s] [As]
yoshi0619: checks 
sharakov: checks 
*** RIVER *** [2s 3h 7s As] [9c]
yoshi0619: bets $8.10 and is all-in
sharakov: calls $8.10
*** SHOW DOWN ***
yoshi0619: shows [Qs Js] (a flush, Ace high)
sharakov: shows [Ks Kd] (a pair of Kings)
yoshi0619 collected $19.59 from pot
*** SUMMARY ***
Total pot $20.51 | Rake $0.92 
Board [2s 3h 7s As 9c]
Seat 1: sharakov (button) showed [Ks Kd] and lost with a pair of Kings
Seat 2: ignacioh55 (small blind) folded before Flop
Seat 3: bigBorov (big blind) folded before Flop
Seat 4: victorffc folded before Flop (didn't bet)
Seat 5: Mahu2021 folded before Flop (didn't bet)
Seat 6: yoshi0619 showed [Qs Js] and won ($19.59) with a flush, Ace high



PokerStars Zoom Hand #253911701323:  Hold'em No Limit ($0.05/$0.10) - 2024/12/18 19:22:12 CET [2024/12/18 13:22:12 ET]
Table 'Aludra' 6-max Seat #1 is the button
Seat 1: Mahu2021 ($7.99 in chips) 
Seat 2: TGVon ($10 in chips) 
Seat 3: Potti.Gr ($5 in chips) 
Seat 4: Symbiozis ($12.37 in chips) 
Seat 5: blindprotector ($10 in chips) 
Seat 6: Joypill ($10.84 in chips) 
TGVon: posts small blind $0.05
Potti.Gr: posts big blind $0.10
*** HOLE CARDS ***
Dealt to Mahu2021 [Ts 3d]
Symbiozis: folds 
blindprotector: folds 
Joypill: folds 
Mahu2021: folds 
TGVon: folds 
Uncalled bet ($0.05) returned to Potti.Gr
Potti.Gr collected $0.10 from pot
Potti.Gr: doesn't show hand 
*** SUMMARY ***
Total pot $0.10 | Rake $0 
Seat 1: Mahu2021 (button) folded before Flop (didn't bet)
Seat 2: TGVon (small blind) folded before Flop
Seat 3: Potti.Gr (big blind) collected ($0.10)
Seat 4: Symbiozis folded before Flop (didn't bet)
Seat 5: blindprotector folded before Flop (didn't bet)
Seat 6: Joypill folded before Flop (didn't bet)



PokerStars Zoom Hand #253911702273:  Hold'em No Limit ($0.05/$0.10) - 2024/12/18 19:22:17 CET [2024/12/18 13:22:17 ET]
Table 'Aludra' 6-max Seat #1 is the button
Seat 1: VitorArj ($10 in chips) 
Seat 2: Joypill ($10.84 in chips) 
Seat 3: gelik32 ($10.30 in chips) 
Seat 4: victorffc ($10.73 in chips) 
Seat 5: drosan ($27.76 in chips) 
Seat 6: Mahu2021 ($7.99 in chips) 
Joypill: posts small blind $0.05
gelik32: posts big blind $0.10
*** HOLE CARDS ***
Dealt to Mahu2021 [6d Qs]
victorffc: raises $0.10 to $0.20
drosan: folds 
Mahu2021: folds 
VitorArj: folds 
Joypill: folds 
gelik32: folds 
Uncalled bet ($0.10) returned to victorffc
victorffc collected $0.25 from pot
victorffc: doesn't show hand 
*** SUMMARY ***
Total pot $0.25 | Rake $0 
Seat 1: VitorArj (button) folded before Flop (didn't bet)
Seat 2: Joypill (small blind) folded before Flop
Seat 3: gelik32 (big blind) folded before Flop
Seat 4: victorffc collected ($0.25)
Seat 5: drosan folded before Flop (didn't bet)
Seat 6: Mahu2021 folded before Flop (didn't bet)



PokerStars Zoom Hand #253911700053:  Hold'em No Limit ($0.05/$0.10) - 2024/12/18 19:22:07 CET [2024/12/18 13:22:07 ET]
Table 'Aludra' 6-max Seat #1 is the button
Seat 1: decm ($12.33 in chips) 
Seat 2: Mahu2021 ($8.04 in chips) 
Seat 3: neewwneeww ($33.54 in chips) 
Seat 4: Potti.Gr ($5.92 in chips) 
Seat 5: DonkeyKong1960 ($10.55 in chips) 
Seat 6: drosan ($27.76 in chips) 
Mahu2021: posts small blind $0.05
neewwneeww: posts big blind $0.10
*** HOLE CARDS ***
Dealt to Mahu2021 [6d Ts]
Potti.Gr: folds 
DonkeyKong1960: folds 
drosan: folds 
decm: raises $0.20 to $0.30
Mahu2021: folds 
neewwneeww: calls $0.20
*** FLOP *** [9h 9d 5h]
neewwneeww: checks 
decm: checks 
*** TURN *** [9h 9d 5h] [2d]
neewwneeww: checks 
decm: checks 
*** RIVER *** [9h 9d 5h 2d] [4c]
neewwneeww: checks 
decm: checks 
*** SHOW DOWN ***
neewwneeww: shows [6c 7d] (a pair of Nines)
decm: shows [Jd Qh] (a pair of Nines - Queen kicker)
decm collected $0.62 from pot
*** SUMMARY ***
Total pot $0.65 | Rake $0.03 
Board [9h 9d 5h 2d 4c]
Seat 1: decm (button) showed [Jd Qh] and won ($0.62) with a pair of Nines
Seat 2: Mahu2021 (small blind) folded before Flop
Seat 3: neewwneeww (big blind) showed [6c 7d] and lost with a pair of Nines
Seat 4: Potti.Gr folded before Flop (didn't bet)
Seat 5: DonkeyKong1960 folded before Flop (didn't bet)
Seat 6: drosan folded before Flop (didn't bet)



PokerStars Zoom Hand #253911697038:  Hold'em No Limit ($0.05/$0.10) - 2024/12/18 19:21:56 CET [2024/12/18 13:21:56 ET]
Table 'Aludra' 6-max Seat #1 is the button
Seat 1: MemZiiii ($10.30 in chips) 
Seat 2: djkf23 ($9.61 in chips) 
Seat 3: realgeo ($10.15 in chips) 
Seat 4: Mahu2021 ($8.14 in chips) 
Seat 5: neewwneeww ($33.59 in chips) 
Seat 6: dundee is blue ($10.17 in chips) 
djkf23: posts small blind $0.05
realgeo: posts big blind $0.10
*** HOLE CARDS ***
Dealt to Mahu2021 [Kd 7c]
Mahu2021: folds 
neewwneeww: folds 
dundee is blue: folds 
MemZiiii: folds 
djkf23: raises $0.10 to $0.20
realgeo: calls $0.10
*** FLOP *** [3d Qc Jh]
djkf23: checks 
realgeo: checks 
*** TURN *** [3d Qc Jh] [8h]
djkf23: checks 
realgeo: checks 
*** RIVER *** [3d Qc Jh 8h] [Kc]
djkf23: checks 
realgeo: checks 
*** SHOW DOWN ***
djkf23: shows [5s 6s] (high card King)
realgeo: shows [2s Ah] (high card Ace)
realgeo collected $0.38 from pot
*** SUMMARY ***
Total pot $0.40 | Rake $0.02 
Board [3d Qc Jh 8h Kc]
Seat 1: MemZiiii (button) folded before Flop (didn't bet)
Seat 2: djkf23 (small blind) showed [5s 6s] and lost with high card King
Seat 3: realgeo (big blind) showed [2s Ah] and won ($0.38) with high card Ace
Seat 4: Mahu2021 folded before Flop (didn't bet)
Seat 5: neewwneeww folded before Flop (didn't bet)
Seat 6: dundee is blue folded before Flop (didn't bet)



PokerStars Zoom Hand #253911698025:  Hold'em No Limit ($0.05/$0.10) - 2024/12/18 19:21:59 CET [2024/12/18 13:21:59 ET]
Table 'Aludra' 6-max Seat #1 is the button
Seat 1: oyuka1988 ($8.20 in chips) 
Seat 2: neewwneeww ($33.59 in chips) 
Seat 3: Mahu2021 ($8.14 in chips) 
Seat 4: Pagliacci7777 ($10.95 in chips) 
Seat 5: naldao45 ($29.62 in chips) 
Seat 6: CesarR97 ($10 in chips) 
neewwneeww: posts small blind $0.05
Mahu2021: posts big blind $0.10
*** HOLE CARDS ***
Dealt to Mahu2021 [3s 4h]
Pagliacci7777: calls $0.10
naldao45: folds 
CesarR97: folds 
oyuka1988: raises $0.15 to $0.25
neewwneeww: folds 
Mahu2021: folds 
Pagliacci7777: calls $0.15
*** FLOP *** [9h 7c 4c]
Pagliacci7777: bets $0.31
oyuka1988: calls $0.31
*** TURN *** [9h 7c 4c] [3h]
Pagliacci7777: bets $0.51
oyuka1988: calls $0.51
*** RIVER *** [9h 7c 4c 3h] [Kc]
Pagliacci7777: checks 
oyuka1988: bets $2
Pagliacci7777: folds 
Uncalled bet ($2) returned to oyuka1988
oyuka1988 collected $2.19 from pot
oyuka1988: doesn't show hand 
*** SUMMARY ***
Total pot $2.29 | Rake $0.10 
Board [9h 7c 4c 3h Kc]
Seat 1: oyuka1988 (button) collected ($2.19)
Seat 2: neewwneeww (small blind) folded before Flop
Seat 3: Mahu2021 (big blind) folded before Flop
Seat 4: Pagliacci7777 folded on the River
Seat 5: naldao45 folded before Flop (didn't bet)
Seat 6: CesarR97 folded before Flop (didn't bet)



PokerStars Zoom Hand #253911695997:  Hold'em No Limit ($0.05/$0.10) - 2024/12/18 19:21:51 CET [2024/12/18 13:21:51 ET]
Table 'Aludra' 6-max Seat #1 is the button
Seat 1: cybik945 ($10.56 in chips) 
Seat 2: ignacioh55 ($13.88 in chips) 
Seat 3: wilczybobek ($9.67 in chips) 
Seat 4: Mahu2021 ($8.14 in chips) 
Seat 5: Azikk555 ($10 in chips) 
Seat 6: P1ntail ($11.17 in chips) 
ignacioh55: posts small blind $0.05
wilczybobek: posts big blind $0.10
*** HOLE CARDS ***
Dealt to Mahu2021 [Td Qd]
Mahu2021: folds 
Azikk555: folds 
P1ntail: raises $0.15 to $0.25
cybik945: folds 
ignacioh55: folds 
wilczybobek: calls $0.15
*** FLOP *** [9d 8d 4d]
wilczybobek: checks 
P1ntail: checks 
*** TURN *** [9d 8d 4d] [Kd]
wilczybobek: bets $0.31
P1ntail: calls $0.31
*** RIVER *** [9d 8d 4d Kd] [Ad]
wilczybobek: bets $0.83
P1ntail: folds 
Uncalled bet ($0.83) returned to wilczybobek
wilczybobek collected $1.12 from pot
wilczybobek: doesn't show hand 
*** SUMMARY ***
Total pot $1.17 | Rake $0.05 
Board [9d 8d 4d Kd Ad]
Seat 1: cybik945 (button) folded before Flop (didn't bet)
Seat 2: ignacioh55 (small blind) folded before Flop
Seat 3: wilczybobek (big blind) collected ($1.12)
Seat 4: Mahu2021 folded before Flop (didn't bet)
Seat 5: Azikk555 folded before Flop (didn't bet)
Seat 6: P1ntail folded on the River



PokerStars Zoom Hand #253911703287:  Hold'em No Limit ($0.05/$0.10) - 2024/12/18 19:22:20 CET [2024/12/18 13:22:20 ET]
Table 'Aludra' 6-max Seat #1 is the button
Seat 1: prkiller40 ($7.70 in chips) 
Seat 2: talamask111 ($28.11 in chips) 
Seat 3: Toshi999777 ($10 in chips) 
Seat 4: Ramos200013 ($11.34 in chips) 
Seat 5: yoshi0619 ($19.59 in chips) 
Seat 6: Mahu2021 ($7.99 in chips) 
talamask111: posts small blind $0.05
Toshi999777: posts big blind $0.10
*** HOLE CARDS ***
Dealt to Mahu2021 [Ad 4d]
Ramos200013: folds 
yoshi0619: folds 
Mahu2021: raises $0.20 to $0.30
prkiller40: folds 
talamask111: folds 
Toshi999777: calls $0.20
*** FLOP *** [4c 6s Jd]
Toshi999777: checks 
Mahu2021: bets $0.30
Toshi999777: raises $0.70 to $1
Mahu2021: calls $0.70
*** TURN *** [4c 6s Jd] [3d]
Toshi999777: bets $2
Mahu2021: calls $2
*** RIVER *** [4c 6s Jd 3d] [Kc]
Toshi999777: bets $6.70 and is all-in
Mahu2021: folds 
Uncalled bet ($6.70) returned to Toshi999777
Toshi999777 collected $6.35 from pot
Toshi999777: doesn't show hand 
*** SUMMARY ***
Total pot $6.65 | Rake $0.30 
Board [4c 6s Jd 3d Kc]
Seat 1: prkiller40 (button) folded before Flop (didn't bet)
Seat 2: talamask111 (small blind) folded before Flop
Seat 3: Toshi999777 (big blind) collected ($6.35)
Seat 4: Ramos200013 folded before Flop (didn't bet)
Seat 5: yoshi0619 folded before Flop (didn't bet)
Seat 6: Mahu2021 folded on the River



