PokerStars Zoom Hand #254717611041:  Hold'em No Limit ($0.05/$0.10) - 2025/02/05 13:31:03 CET [2025/02/05 7:31:03 ET]
Table 'Aludra' 6-max Seat #1 is the button
Seat 1: Vaka89 ($9.71 in chips) 
Seat 2: iceballantyne ($23.51 in chips) 
Seat 3: Mahu2021 ($10 in chips) 
Seat 4: Tooloop ($33.76 in chips) 
Seat 5: ronny2106 ($12.95 in chips) 
Seat 6: Windows 21xp ($16.87 in chips) 
iceballantyne: posts small blind $0.05
Mahu2021: posts big blind $0.10
*** HOLE CARDS ***
Dealt to Mahu2021 [8h 9d]
Tooloop: folds 
ronny2106: folds 
Windows 21xp: folds 
Vaka89: raises $0.20 to $0.30
iceballantyne: folds 
Mahu2021: calls $0.20
*** FLOP *** [3d 7c 4h]
Mahu2021: checks 
Vaka89: checks 
*** TURN *** [3d 7c 4h] [2d]
Mahu2021: checks 
Vaka89: bets $0.30
Mahu2021: folds 
Uncalled bet ($0.30) returned to Vaka89
Vaka89 collected $0.62 from pot
Vaka89: doesn't show hand 
*** SUMMARY ***
Total pot $0.65 | Rake $0.03 
Board [3d 7c 4h 2d]
Seat 1: Vaka89 (button) collected ($0.62)
Seat 2: iceballantyne (small blind) folded before Flop
Seat 3: Mahu2021 (big blind) folded on the Turn
Seat 4: Tooloop folded before Flop (didn't bet)
Seat 5: ronny2106 folded before Flop (didn't bet)
Seat 6: Windows 21xp folded before Flop (didn't bet)



PokerStars Zoom Hand #254717617136:  Hold'em No Limit ($0.05/$0.10) - 2025/02/05 13:31:47 CET [2025/02/05 7:31:47 ET]
Table 'Aludra' 6-max Seat #1 is the button
Seat 1: Mahu2021 ($9.65 in chips) 
Seat 2: "QOTILL" ($12.14 in chips) 
Seat 3: retardonfire ($12.73 in chips) 
Seat 4: keirin459 ($10 in chips) 
Seat 5: Tooloop ($12.06 in chips) 
Seat 6: thorindorf ($9.55 in chips) 
"QOTILL": posts small blind $0.05
retardonfire: posts big blind $0.10
*** HOLE CARDS ***
Dealt to Mahu2021 [As 3h]
keirin459: folds 
Tooloop: raises $0.15 to $0.25
thorindorf: folds 
Mahu2021: calls $0.25
"QOTILL": folds 
retardonfire: folds 
*** FLOP *** [9s Qs 5h]
Tooloop: bets $0.47
Mahu2021: folds 
Uncalled bet ($0.47) returned to Tooloop
Tooloop collected $0.62 from pot
Tooloop: doesn't show hand 
*** SUMMARY ***
Total pot $0.65 | Rake $0.03 
Board [9s Qs 5h]
Seat 1: Mahu2021 (button) folded on the Flop
Seat 2: "QOTILL" (small blind) folded before Flop
Seat 3: retardonfire (big blind) folded before Flop
Seat 4: keirin459 folded before Flop (didn't bet)
Seat 5: Tooloop collected ($0.62)
Seat 6: thorindorf folded before Flop (didn't bet)



PokerStars Zoom Hand #254717616436:  Hold'em No Limit ($0.05/$0.10) - 2025/02/05 13:31:42 CET [2025/02/05 7:31:42 ET]
Table 'Aludra' 6-max Seat #1 is the button
Seat 1: Haesigster ($11.48 in chips) 
Seat 2: Mahu2021 ($9.70 in chips) 
Seat 3: iNteldrive ($10 in chips) 
Seat 4: iceballantyne ($32.81 in chips) 
Seat 5: s1auka ($10.38 in chips) 
Seat 6: AlvinoD ($22.42 in chips) 
Mahu2021: posts small blind $0.05
iNteldrive: posts big blind $0.10
*** HOLE CARDS ***
Dealt to Mahu2021 [Jd 8s]
iceballantyne: folds 
s1auka: folds 
AlvinoD: raises $0.15 to $0.25
Haesigster: folds 
Mahu2021: folds 
iNteldrive: folds 
Uncalled bet ($0.15) returned to AlvinoD
AlvinoD collected $0.25 from pot
AlvinoD: doesn't show hand 
*** SUMMARY ***
Total pot $0.25 | Rake $0 
Seat 1: Haesigster (button) folded before Flop (didn't bet)
Seat 2: Mahu2021 (small blind) folded before Flop
Seat 3: iNteldrive (big blind) folded before Flop
Seat 4: iceballantyne folded before Flop (didn't bet)
Seat 5: s1auka folded before Flop (didn't bet)
Seat 6: AlvinoD collected ($0.25)



PokerStars Zoom Hand #254717618877:  Hold'em No Limit ($0.05/$0.10) - 2025/02/05 13:31:59 CET [2025/02/05 7:31:59 ET]
Table 'Aludra' 6-max Seat #1 is the button
Seat 1: LevA1989 ($20.14 in chips) 
Seat 2: Darth Nihi1us ($9.90 in chips) 
Seat 3: F2u&F2urFace ($22.37 in chips) 
Seat 4: schinkel1 ($12.06 in chips) 
Seat 5: dzerzy1 ($15.76 in chips) 
Seat 6: Mahu2021 ($9.40 in chips) 
Darth Nihi1us: posts small blind $0.05
F2u&F2urFace: posts big blind $0.10
*** HOLE CARDS ***
Dealt to Mahu2021 [2s 9s]
schinkel1: folds 
dzerzy1: folds 
Mahu2021: folds 
LevA1989: folds 
Darth Nihi1us: folds 
Uncalled bet ($0.05) returned to F2u&F2urFace
F2u&F2urFace collected $0.10 from pot
F2u&F2urFace: doesn't show hand 
*** SUMMARY ***
Total pot $0.10 | Rake $0 
Seat 1: LevA1989 (button) folded before Flop (didn't bet)
Seat 2: Darth Nihi1us (small blind) folded before Flop
Seat 3: F2u&F2urFace (big blind) collected ($0.10)
Seat 4: schinkel1 folded before Flop (didn't bet)
Seat 5: dzerzy1 folded before Flop (didn't bet)
Seat 6: Mahu2021 folded before Flop (didn't bet)



PokerStars Zoom Hand #254717619819:  Hold'em No Limit ($0.05/$0.10) - 2025/02/05 13:32:06 CET [2025/02/05 7:32:06 ET]
Table 'Aludra' 6-max Seat #1 is the button
Seat 1: s1auka ($10.33 in chips) 
Seat 2: Mahu2021 ($9.40 in chips) 
Seat 3: schinkel1 ($12.06 in chips) 
Seat 4: Haesigster ($8.39 in chips) 
Seat 5: todd17800 ($62.26 in chips) 
Seat 6: sbela23 ($10.09 in chips) 
Mahu2021: posts small blind $0.05
schinkel1: posts big blind $0.10
*** HOLE CARDS ***
Dealt to Mahu2021 [5d As]
Haesigster: folds 
todd17800: folds 
sbela23: folds 
s1auka: folds 
Mahu2021: raises $0.20 to $0.30
schinkel1: calls $0.20
*** FLOP *** [Td 3c 6s]
Mahu2021: checks 
schinkel1: bets $0.29
Mahu2021: folds 
Uncalled bet ($0.29) returned to schinkel1
schinkel1 collected $0.56 from pot
schinkel1: doesn't show hand 
*** SUMMARY ***
Total pot $0.60 | Rake $0.04 
Board [Td 3c 6s]
Seat 1: s1auka (button) folded before Flop (didn't bet)
Seat 2: Mahu2021 (small blind) folded on the Flop
Seat 3: schinkel1 (big blind) collected ($0.56)
Seat 4: Haesigster folded before Flop (didn't bet)
Seat 5: todd17800 folded before Flop (didn't bet)
Seat 6: sbela23 folded before Flop (didn't bet)



PokerStars Zoom Hand #254717623811:  Hold'em No Limit ($0.05/$0.10) - 2025/02/05 13:32:35 CET [2025/02/05 7:32:35 ET]
Table 'Aludra' 6-max Seat #1 is the button
Seat 1: Mahu2021 ($9.10 in chips) 
Seat 2: mexxxy_90 ($10 in chips) 
Seat 3: rk_ito7 ($17.47 in chips) 
Seat 4: iceballantyne ($15.54 in chips) 
Seat 5: mintyu ($12.04 in chips) 
Seat 6: F2u&F2urFace ($11.08 in chips) 
mexxxy_90: posts small blind $0.05
rk_ito7: posts big blind $0.10
*** HOLE CARDS ***
Dealt to Mahu2021 [9d 4d]
iceballantyne: folds 
mintyu: folds 
F2u&F2urFace: folds 
Mahu2021: folds 
mexxxy_90: folds 
Uncalled bet ($0.05) returned to rk_ito7
rk_ito7 collected $0.10 from pot
rk_ito7: doesn't show hand 
*** SUMMARY ***
Total pot $0.10 | Rake $0 
Seat 1: Mahu2021 (button) folded before Flop (didn't bet)
Seat 2: mexxxy_90 (small blind) folded before Flop
Seat 3: rk_ito7 (big blind) collected ($0.10)
Seat 4: iceballantyne folded before Flop (didn't bet)
Seat 5: mintyu folded before Flop (didn't bet)
Seat 6: F2u&F2urFace folded before Flop (didn't bet)



PokerStars Zoom Hand #254717624392:  Hold'em No Limit ($0.05/$0.10) - 2025/02/05 13:32:39 CET [2025/02/05 7:32:39 ET]
Table 'Aludra' 6-max Seat #1 is the button
Seat 1: mexxxy_90 ($10 in chips) 
Seat 2: retardonfire ($10.76 in chips) 
Seat 3: ronny2106 ($11.35 in chips) 
Seat 4: F2u&F2urFace ($11.08 in chips) 
Seat 5: Mahu2021 ($9.10 in chips) 
Seat 6: Vaka89 ($16.60 in chips) 
retardonfire: posts small blind $0.05
ronny2106: posts big blind $0.10
*** HOLE CARDS ***
Dealt to Mahu2021 [8d Js]
F2u&F2urFace: folds 
Mahu2021: folds 
Vaka89: folds 
mexxxy_90: folds 
retardonfire: raises $0.20 to $0.30
ronny2106: calls $0.20
*** FLOP *** [Tc Qh 8s]
retardonfire: checks 
ronny2106: bets $0.46
retardonfire: calls $0.46
*** TURN *** [Tc Qh 8s] [Jd]
retardonfire: checks 
ronny2106: checks 
*** RIVER *** [Tc Qh 8s Jd] [9c]
retardonfire: bets $1.45
ronny2106: calls $1.45
*** SHOW DOWN ***
retardonfire: shows [3h Qs] (a straight, Eight to Queen)
ronny2106: shows [Jh Kc] (a straight, Nine to King)
ronny2106 collected $4.17 from pot
*** SUMMARY ***
Total pot $4.42 | Rake $0.25 
Board [Tc Qh 8s Jd 9c]
Seat 1: mexxxy_90 (button) folded before Flop (didn't bet)
Seat 2: retardonfire (small blind) showed [3h Qs] and lost with a straight, Eight to Queen
Seat 3: ronny2106 (big blind) showed [Jh Kc] and won ($4.17) with a straight, Nine to King
Seat 4: F2u&F2urFace folded before Flop (didn't bet)
Seat 5: Mahu2021 folded before Flop (didn't bet)
Seat 6: Vaka89 folded before Flop (didn't bet)



PokerStars Zoom Hand #254717625068:  Hold'em No Limit ($0.05/$0.10) - 2025/02/05 13:32:44 CET [2025/02/05 7:32:44 ET]
Table 'Aludra' 6-max Seat #1 is the button
Seat 1: felipepassos1 ($24.55 in chips) 
Seat 2: Baratrum777 ($10.43 in chips) 
Seat 3: Mahu2021 ($9.10 in chips) 
Seat 4: F2u&F2urFace ($11.08 in chips) 
Seat 5: mathew000 ($12.07 in chips) 
Seat 6: SynieZz ($10.15 in chips) 
Baratrum777: posts small blind $0.05
Mahu2021: posts big blind $0.10
*** HOLE CARDS ***
Dealt to Mahu2021 [Qd Js]
F2u&F2urFace: raises $0.12 to $0.22
mathew000: folds 
SynieZz: folds 
felipepassos1 is disconnected 
felipepassos1 has timed out while being disconnected
felipepassos1: folds 
Baratrum777: folds 
Mahu2021: calls $0.12
*** FLOP *** [8d 7d 4c]
Mahu2021: checks 
F2u&F2urFace: checks 
*** TURN *** [8d 7d 4c] [6s]
Mahu2021: bets $0.30
F2u&F2urFace: folds 
Uncalled bet ($0.30) returned to Mahu2021
Mahu2021 collected $0.47 from pot
Mahu2021: doesn't show hand 
*** SUMMARY ***
Total pot $0.49 | Rake $0.02 
Board [8d 7d 4c 6s]
Seat 1: felipepassos1 (button) folded before Flop (didn't bet)
Seat 2: Baratrum777 (small blind) folded before Flop
Seat 3: Mahu2021 (big blind) collected ($0.47)
Seat 4: F2u&F2urFace folded on the Turn
Seat 5: mathew000 folded before Flop (didn't bet)
Seat 6: SynieZz folded before Flop (didn't bet)



PokerStars Zoom Hand #254717635806:  Hold'em No Limit ($0.05/$0.10) - 2025/02/05 13:34:02 CET [2025/02/05 7:34:02 ET]
Table 'Aludra' 6-max Seat #1 is the button
Seat 1: swalley9999 ($13.58 in chips) 
Seat 2: ppbbrat ($5.56 in chips) 
Seat 3: Tarancher ($7.05 in chips) 
Seat 4: MaeBolada ($11.34 in chips) 
Seat 5: Vaka89 ($15.81 in chips) 
Seat 6: Mahu2021 ($9.35 in chips) 
ppbbrat: posts small blind $0.05
Tarancher: posts big blind $0.10
*** HOLE CARDS ***
Dealt to Mahu2021 [8d 8s]
MaeBolada: folds 
Vaka89: raises $0.20 to $0.30
Mahu2021: calls $0.30
swalley9999: folds 
ppbbrat: folds 
Tarancher: folds 
*** FLOP *** [Jc 4s 5h]
Vaka89: bets $0.30
Mahu2021: calls $0.30
*** TURN *** [Jc 4s 5h] [2h]
Vaka89: bets $0.80
Mahu2021: folds 
Uncalled bet ($0.80) returned to Vaka89
Vaka89 collected $1.29 from pot
Vaka89: doesn't show hand 
*** SUMMARY ***
Total pot $1.35 | Rake $0.06 
Board [Jc 4s 5h 2h]
Seat 1: swalley9999 (button) folded before Flop (didn't bet)
Seat 2: ppbbrat (small blind) folded before Flop
Seat 3: Tarancher (big blind) folded before Flop
Seat 4: MaeBolada folded before Flop (didn't bet)
Seat 5: Vaka89 collected ($1.29)
Seat 6: Mahu2021 folded on the Turn



PokerStars Zoom Hand #254717641666:  Hold'em No Limit ($0.05/$0.10) - 2025/02/05 13:34:45 CET [2025/02/05 7:34:45 ET]
Table 'Aludra' 6-max Seat #1 is the button
Seat 1: iNteldrive ($12.68 in chips) 
Seat 2: killerita67 ($11.28 in chips) 
Seat 3: iFold72o ($23.40 in chips) 
Seat 4: Mahu2021 ($8.75 in chips) 
Seat 5: Baratrum777 ($10 in chips) 
Seat 6: iceballantyne ($15.74 in chips) 
killerita67: posts small blind $0.05
iFold72o: posts big blind $0.10
*** HOLE CARDS ***
Dealt to Mahu2021 [9h 2c]
Mahu2021: folds 
Baratrum777: folds 
iceballantyne: folds 
iNteldrive: folds 
killerita67: folds 
Uncalled bet ($0.05) returned to iFold72o
iFold72o collected $0.10 from pot
iFold72o: doesn't show hand 
*** SUMMARY ***
Total pot $0.10 | Rake $0 
Seat 1: iNteldrive (button) folded before Flop (didn't bet)
Seat 2: killerita67 (small blind) folded before Flop
Seat 3: iFold72o (big blind) collected ($0.10)
Seat 4: Mahu2021 folded before Flop (didn't bet)
Seat 5: Baratrum777 folded before Flop (didn't bet)
Seat 6: iceballantyne folded before Flop (didn't bet)



PokerStars Zoom Hand #254717642099:  Hold'em No Limit ($0.05/$0.10) - 2025/02/05 13:34:48 CET [2025/02/05 7:34:48 ET]
Table 'Aludra' 6-max Seat #1 is the button
Seat 1: Mahu2021 ($8.75 in chips) 
Seat 2: s1auka ($10 in chips) 
Seat 3: AlvinoD ($17.61 in chips) 
Seat 4: mrbombpot ($9.36 in chips) 
Seat 5: iNteldrive ($12.68 in chips) 
Seat 6: UNKNOWN_x_13 ($4.85 in chips) 
s1auka: posts small blind $0.05
AlvinoD: posts big blind $0.10
*** HOLE CARDS ***
Dealt to Mahu2021 [Tc 6s]
mrbombpot: raises $0.12 to $0.22
iNteldrive: folds 
UNKNOWN_x_13: folds 
Mahu2021: folds 
s1auka: folds 
AlvinoD: calls $0.12
*** FLOP *** [5c Ah 5h]
AlvinoD: checks 
mrbombpot: bets $0.31
AlvinoD: folds 
Uncalled bet ($0.31) returned to mrbombpot
mrbombpot collected $0.47 from pot
mrbombpot: doesn't show hand 
*** SUMMARY ***
Total pot $0.49 | Rake $0.02 
Board [5c Ah 5h]
Seat 1: Mahu2021 (button) folded before Flop (didn't bet)
Seat 2: s1auka (small blind) folded before Flop
Seat 3: AlvinoD (big blind) folded on the Flop
Seat 4: mrbombpot collected ($0.47)
Seat 5: iNteldrive folded before Flop (didn't bet)
Seat 6: UNKNOWN_x_13 folded before Flop (didn't bet)



PokerStars Zoom Hand #254717640763:  Hold'em No Limit ($0.05/$0.10) - 2025/02/05 13:34:39 CET [2025/02/05 7:34:39 ET]
Table 'Aludra' 6-max Seat #1 is the button
Seat 1: mathew000 ($12.14 in chips) 
Seat 2: Ruslik1974 ($10.91 in chips) 
Seat 3: carlitostwo ($10 in chips) 
Seat 4: retardonfire ($13.65 in chips) 
Seat 5: Mahu2021 ($8.75 in chips) 
Seat 6: aimless0 ($10 in chips) 
Ruslik1974: posts small blind $0.05
carlitostwo: posts big blind $0.10
*** HOLE CARDS ***
Dealt to Mahu2021 [Ts Jd]
retardonfire: folds 
Mahu2021: folds 
aimless0: raises $0.14 to $0.24
mathew000: folds 
Ruslik1974: folds 
carlitostwo: raises $0.26 to $0.50
aimless0: calls $0.26
*** FLOP *** [6c 3s 5h]
carlitostwo: bets $0.50
aimless0: raises $1.50 to $2
carlitostwo: folds 
Uncalled bet ($1.50) returned to aimless0
aimless0 collected $1.96 from pot
aimless0: doesn't show hand 
*** SUMMARY ***
Total pot $2.05 | Rake $0.09 
Board [6c 3s 5h]
Seat 1: mathew000 (button) folded before Flop (didn't bet)
Seat 2: Ruslik1974 (small blind) folded before Flop
Seat 3: carlitostwo (big blind) folded on the Flop
Seat 4: retardonfire folded before Flop (didn't bet)
Seat 5: Mahu2021 folded before Flop (didn't bet)
Seat 6: aimless0 collected ($1.96)



PokerStars Zoom Hand #254717642814:  Hold'em No Limit ($0.05/$0.10) - 2025/02/05 13:34:53 CET [2025/02/05 7:34:53 ET]
Table 'Aludra' 6-max Seat #1 is the button
Seat 1: swalley9999 ($13.33 in chips) 
Seat 2: Mahu2021 ($8.75 in chips) 
Seat 3: iFold72o ($22.05 in chips) 
Seat 4: humo97 ($10.25 in chips) 
Seat 5: Baratrum777 ($10.79 in chips) 
Seat 6: todd17800 ($13.67 in chips) 
Mahu2021: posts small blind $0.05
iFold72o: posts big blind $0.10
*** HOLE CARDS ***
Dealt to Mahu2021 [As 6c]
humo97: folds 
Baratrum777: folds 
todd17800: raises $0.12 to $0.22
swalley9999: folds 
Mahu2021: calls $0.17
iFold72o: folds 
*** FLOP *** [5c Th 8d]
Mahu2021: checks 
todd17800: checks 
*** TURN *** [5c Th 8d] [8h]
Mahu2021: checks 
todd17800: checks 
*** RIVER *** [5c Th 8d 8h] [9h]
Mahu2021: bets $0.52
todd17800: folds 
Uncalled bet ($0.52) returned to Mahu2021
Mahu2021 collected $0.52 from pot
Mahu2021: doesn't show hand 
*** SUMMARY ***
Total pot $0.54 | Rake $0.02 
Board [5c Th 8d 8h 9h]
Seat 1: swalley9999 (button) folded before Flop (didn't bet)
Seat 2: Mahu2021 (small blind) collected ($0.52)
Seat 3: iFold72o (big blind) folded before Flop
Seat 4: humo97 folded before Flop (didn't bet)
Seat 5: Baratrum777 folded before Flop (didn't bet)
Seat 6: todd17800 folded on the River



PokerStars Zoom Hand #254717648075:  Hold'em No Limit ($0.05/$0.10) - 2025/02/05 13:35:32 CET [2025/02/05 7:35:32 ET]
Table 'Aludra' 6-max Seat #1 is the button
Seat 1: UNKNOWN_x_13 ($4.85 in chips) 
Seat 2: ppbbrat ($5.26 in chips) 
Seat 3: Mahu2021 ($9.05 in chips) 
Seat 4: swalley9999 ($13.69 in chips) 
Seat 5: iNteldrive ($12.64 in chips) 
Seat 6: Vaka89 ($9.68 in chips) 
ppbbrat: posts small blind $0.05
Mahu2021: posts big blind $0.10
*** HOLE CARDS ***
Dealt to Mahu2021 [3h 5h]
swalley9999: folds 
iNteldrive: folds 
Vaka89: folds 
UNKNOWN_x_13: folds 
ppbbrat: calls $0.05
Mahu2021: checks 
*** FLOP *** [Qs Qc Jc]
ppbbrat: checks 
Mahu2021: checks 
*** TURN *** [Qs Qc Jc] [Ac]
ppbbrat: checks 
Mahu2021: checks 
*** RIVER *** [Qs Qc Jc Ac] [Th]
ppbbrat: checks 
Mahu2021: bets $0.10
ppbbrat: calls $0.10
*** SHOW DOWN ***
Mahu2021: shows [3h 5h] (a pair of Queens)
ppbbrat: shows [Jd Kh] (a straight, Ten to Ace)
ppbbrat collected $0.38 from pot
*** SUMMARY ***
Total pot $0.40 | Rake $0.02 
Board [Qs Qc Jc Ac Th]
Seat 1: UNKNOWN_x_13 (button) folded before Flop (didn't bet)
Seat 2: ppbbrat (small blind) showed [Jd Kh] and won ($0.38) with a straight, Ten to Ace
Seat 3: Mahu2021 (big blind) showed [3h 5h] and lost with a pair of Queens
Seat 4: swalley9999 folded before Flop (didn't bet)
Seat 5: iNteldrive folded before Flop (didn't bet)
Seat 6: Vaka89 folded before Flop (didn't bet)



PokerStars Zoom Hand #254717658167:  Hold'em No Limit ($0.05/$0.10) - 2025/02/05 13:36:44 CET [2025/02/05 7:36:44 ET]
Table 'Aludra' 6-max Seat #1 is the button
Seat 1: mittl11 ($16.14 in chips) 
Seat 2: putzkedudu ($10.96 in chips) 
Seat 3: rk_ito7 ($18.12 in chips) 
Seat 4: Mahu2021 ($8.85 in chips) 
Seat 5: mintyu ($11.66 in chips) 
Seat 6: Frieda1810 ($4.95 in chips) 
putzkedudu: posts small blind $0.05
rk_ito7: posts big blind $0.10
*** HOLE CARDS ***
Dealt to Mahu2021 [6s Qd]
Mahu2021: folds 
mintyu: folds 
Frieda1810: folds 
mittl11: folds 
putzkedudu: folds 
Uncalled bet ($0.05) returned to rk_ito7
rk_ito7 collected $0.10 from pot
rk_ito7: doesn't show hand 
*** SUMMARY ***
Total pot $0.10 | Rake $0 
Seat 1: mittl11 (button) folded before Flop (didn't bet)
Seat 2: putzkedudu (small blind) folded before Flop
Seat 3: rk_ito7 (big blind) collected ($0.10)
Seat 4: Mahu2021 folded before Flop (didn't bet)
Seat 5: mintyu folded before Flop (didn't bet)
Seat 6: Frieda1810 folded before Flop (didn't bet)



PokerStars Zoom Hand #254717657585:  Hold'em No Limit ($0.05/$0.10) - 2025/02/05 13:36:39 CET [2025/02/05 7:36:39 ET]
Table 'Aludra' 6-max Seat #1 is the button
Seat 1: iFold72o ($27.44 in chips) 
Seat 2: F2u&F2urFace ($11.56 in chips) 
Seat 3: scoppio1 ($19.44 in chips) 
Seat 4: MaeBolada ($10.32 in chips) 
Seat 5: Mahu2021 ($8.85 in chips) 
Seat 6: iceballantyne ($34.21 in chips) 
F2u&F2urFace: posts small blind $0.05
scoppio1: posts big blind $0.10
*** HOLE CARDS ***
Dealt to Mahu2021 [7h 4s]
MaeBolada: folds 
Mahu2021: folds 
iceballantyne: folds 
iFold72o: raises $0.16 to $0.26
F2u&F2urFace: raises $0.89 to $1.15
scoppio1: folds 
iFold72o: folds 
Uncalled bet ($0.89) returned to F2u&F2urFace
F2u&F2urFace collected $0.62 from pot
F2u&F2urFace: doesn't show hand 
*** SUMMARY ***
Total pot $0.62 | Rake $0 
Seat 1: iFold72o (button) folded before Flop
Seat 2: F2u&F2urFace (small blind) collected ($0.62)
Seat 3: scoppio1 (big blind) folded before Flop
Seat 4: MaeBolada folded before Flop (didn't bet)
Seat 5: Mahu2021 folded before Flop (didn't bet)
Seat 6: iceballantyne folded before Flop (didn't bet)



PokerStars Zoom Hand #254717661351:  Hold'em No Limit ($0.05/$0.10) - 2025/02/05 13:37:07 CET [2025/02/05 7:37:07 ET]
Table 'Aludra' 6-max Seat #1 is the button
Seat 1: Windows 21xp ($17.10 in chips) 
Seat 2: mintyu ($11.81 in chips) 
Seat 3: putzkedudu ($15.37 in chips) 
Seat 4: Mahu2021 ($8.75 in chips) 
Seat 5: SynieZz ($10 in chips) 
Seat 6: felipepassos1 ($24.16 in chips) 
mintyu: posts small blind $0.05
putzkedudu: posts big blind $0.10
*** HOLE CARDS ***
Dealt to Mahu2021 [Td Ac]
Mahu2021: raises $0.14 to $0.24
SynieZz: folds 
felipepassos1: folds 
Windows 21xp: folds 
mintyu: folds 
putzkedudu: folds 
Uncalled bet ($0.14) returned to Mahu2021
Mahu2021 collected $0.25 from pot
Mahu2021: doesn't show hand 
*** SUMMARY ***
Total pot $0.25 | Rake $0 
Seat 1: Windows 21xp (button) folded before Flop (didn't bet)
Seat 2: mintyu (small blind) folded before Flop
Seat 3: putzkedudu (big blind) folded before Flop
Seat 4: Mahu2021 collected ($0.25)
Seat 5: SynieZz folded before Flop (didn't bet)
Seat 6: felipepassos1 folded before Flop (didn't bet)



PokerStars Zoom Hand #254717658679:  Hold'em No Limit ($0.05/$0.10) - 2025/02/05 13:36:47 CET [2025/02/05 7:36:47 ET]
Table 'Aludra' 6-max Seat #1 is the button
Seat 1: Frieda1810 ($4.95 in chips) 
Seat 2: killerita67 ($10.05 in chips) 
Seat 3: iceballantyne ($18.56 in chips) 
Seat 4: schinkel1 ($13.23 in chips) 
Seat 5: matthehat23 ($12.63 in chips) 
Seat 6: Mahu2021 ($8.85 in chips) 
killerita67: posts small blind $0.05
iceballantyne: posts big blind $0.10
*** HOLE CARDS ***
Dealt to Mahu2021 [3h 4h]
schinkel1: folds 
matthehat23: folds 
Mahu2021: folds 
Frieda1810: calls $0.10
killerita67: folds 
iceballantyne: checks 
*** FLOP *** [2h 2s Qh]
iceballantyne: checks 
Frieda1810: checks 
*** TURN *** [2h 2s Qh] [Jc]
iceballantyne: checks 
Frieda1810: bets $0.10
iceballantyne: folds 
Uncalled bet ($0.10) returned to Frieda1810
Frieda1810 collected $0.24 from pot
Frieda1810: doesn't show hand 
*** SUMMARY ***
Total pot $0.25 | Rake $0.01 
Board [2h 2s Qh Jc]
Seat 1: Frieda1810 (button) collected ($0.24)
Seat 2: killerita67 (small blind) folded before Flop
Seat 3: iceballantyne (big blind) folded on the Turn
Seat 4: schinkel1 folded before Flop (didn't bet)
Seat 5: matthehat23 folded before Flop (didn't bet)
Seat 6: Mahu2021 folded before Flop (didn't bet)



PokerStars Zoom Hand #254717659951:  Hold'em No Limit ($0.05/$0.10) - 2025/02/05 13:36:57 CET [2025/02/05 7:36:57 ET]
Table 'Aludra' 6-max Seat #1 is the button
Seat 1: UNKNOWN_x_13 ($4.55 in chips) 
Seat 2: PiekAss4711 ($7.97 in chips) 
Seat 3: Mahu2021 ($8.85 in chips) 
Seat 4: mittl11 ($16.14 in chips) 
Seat 5: pougia777 ($11.03 in chips) 
Seat 6: elhankmoudi 2 ($13.22 in chips) 
PiekAss4711: posts small blind $0.05
Mahu2021: posts big blind $0.10
*** HOLE CARDS ***
Dealt to Mahu2021 [4h Qd]
mittl11: folds 
pougia777: raises $0.10 to $0.20
elhankmoudi 2: calls $0.20
UNKNOWN_x_13: folds 
PiekAss4711: folds 
Mahu2021: folds 
*** FLOP *** [9h Ac 5d]
pougia777: checks 
elhankmoudi 2: bets $0.20
pougia777: folds 
Uncalled bet ($0.20) returned to elhankmoudi 2
elhankmoudi 2 collected $0.53 from pot
elhankmoudi 2: doesn't show hand 
*** SUMMARY ***
Total pot $0.55 | Rake $0.02 
Board [9h Ac 5d]
Seat 1: UNKNOWN_x_13 (button) folded before Flop (didn't bet)
Seat 2: PiekAss4711 (small blind) folded before Flop
Seat 3: Mahu2021 (big blind) folded before Flop
Seat 4: mittl11 folded before Flop (didn't bet)
Seat 5: pougia777 folded on the Flop
Seat 6: elhankmoudi 2 collected ($0.53)



PokerStars Zoom Hand #254717663258:  Hold'em No Limit ($0.05/$0.10) - 2025/02/05 13:37:20 CET [2025/02/05 7:37:20 ET]
Table 'Aludra' 6-max Seat #1 is the button
Seat 1: s1auka ($10.29 in chips) 
Seat 2: Mahu2021 ($8.90 in chips) 
Seat 3: MaeBolada ($10.32 in chips) 
Seat 4: LevA1989 ($17.94 in chips) 
Seat 5: Poklrll02 ($25.45 in chips) 
Seat 6: UNKNOWN_x_13 ($4.55 in chips) 
Mahu2021: posts small blind $0.05
MaeBolada: posts big blind $0.10
*** HOLE CARDS ***
Dealt to Mahu2021 [Qd 5c]
LevA1989: folds 
Poklrll02: folds 
UNKNOWN_x_13: folds 
s1auka: raises $0.15 to $0.25
Mahu2021: folds 
MaeBolada: folds 
Uncalled bet ($0.15) returned to s1auka
s1auka collected $0.25 from pot
s1auka: doesn't show hand 
*** SUMMARY ***
Total pot $0.25 | Rake $0 
Seat 1: s1auka (button) collected ($0.25)
Seat 2: Mahu2021 (small blind) folded before Flop
Seat 3: MaeBolada (big blind) folded before Flop
Seat 4: LevA1989 folded before Flop (didn't bet)
Seat 5: Poklrll02 folded before Flop (didn't bet)
Seat 6: UNKNOWN_x_13 folded before Flop (didn't bet)



PokerStars Zoom Hand #254717659386:  Hold'em No Limit ($0.05/$0.10) - 2025/02/05 13:36:52 CET [2025/02/05 7:36:52 ET]
Table 'Aludra' 6-max Seat #1 is the button
Seat 1: Mahu2021 ($8.85 in chips) 
Seat 2: iNteldrive ($12.83 in chips) 
Seat 3: putzkedudu ($17.14 in chips) 
Seat 4: killerita67 ($11.43 in chips) 
Seat 5: Ruslik1974 ($12.02 in chips) 
Seat 6: Poklrll02 ($37.16 in chips) 
iNteldrive: posts small blind $0.05
putzkedudu: posts big blind $0.10
*** HOLE CARDS ***
Dealt to Mahu2021 [9c 6h]
killerita67: raises $0.10 to $0.20
Ruslik1974: calls $0.20
Poklrll02: folds 
Mahu2021: folds 
iNteldrive: folds 
putzkedudu: folds 
*** FLOP *** [Ks Jh 5c]
killerita67: bets $0.17
Ruslik1974: calls $0.17
*** TURN *** [Ks Jh 5c] [6s]
killerita67: checks 
Ruslik1974: bets $0.43
killerita67: folds 
Uncalled bet ($0.43) returned to Ruslik1974
Ruslik1974 collected $0.85 from pot
Ruslik1974: doesn't show hand 
*** SUMMARY ***
Total pot $0.89 | Rake $0.04 
Board [Ks Jh 5c 6s]
Seat 1: Mahu2021 (button) folded before Flop (didn't bet)
Seat 2: iNteldrive (small blind) folded before Flop
Seat 3: putzkedudu (big blind) folded before Flop
Seat 4: killerita67 folded on the Turn
Seat 5: Ruslik1974 collected ($0.85)
Seat 6: Poklrll02 folded before Flop (didn't bet)



PokerStars Zoom Hand #254717663866:  Hold'em No Limit ($0.05/$0.10) - 2025/02/05 13:37:25 CET [2025/02/05 7:37:25 ET]
Table 'Aludra' 6-max Seat #1 is the button
Seat 1: sbela23 ($10 in chips) 
Seat 2: putzkedudu ($15.27 in chips) 
Seat 3: Roma88K ($8 in chips) 
Seat 4: AlvinoD ($10.46 in chips) 
Seat 5: Mahu2021 ($8.85 in chips) 
Seat 6: Bowlestown ($11.01 in chips) 
putzkedudu: posts small blind $0.05
Roma88K: posts big blind $0.10
*** HOLE CARDS ***
Dealt to Mahu2021 [2s Js]
AlvinoD: folds 
Mahu2021: folds 
Bowlestown: folds 
sbela23: raises $0.15 to $0.25
putzkedudu: raises $0.85 to $1.10
Roma88K: folds 
sbela23: folds 
Uncalled bet ($0.85) returned to putzkedudu
putzkedudu collected $0.60 from pot
putzkedudu: doesn't show hand 
*** SUMMARY ***
Total pot $0.60 | Rake $0 
Seat 1: sbela23 (button) folded before Flop
Seat 2: putzkedudu (small blind) collected ($0.60)
Seat 3: Roma88K (big blind) folded before Flop
Seat 4: AlvinoD folded before Flop (didn't bet)
Seat 5: Mahu2021 folded before Flop (didn't bet)
Seat 6: Bowlestown folded before Flop (didn't bet)



PokerStars Zoom Hand #254717664436:  Hold'em No Limit ($0.05/$0.10) - 2025/02/05 13:37:29 CET [2025/02/05 7:37:29 ET]
Table 'Aludra' 6-max Seat #1 is the button
Seat 1: thorindorf ($13.24 in chips) 
Seat 2: ppbbrat ($5.49 in chips) 
Seat 3: Windows 21xp ($10.58 in chips) 
Seat 4: TheVon50 ($17.11 in chips) 
Seat 5: iFold72o ($27.18 in chips) 
Seat 6: Mahu2021 ($8.85 in chips) 
ppbbrat: posts small blind $0.05
Windows 21xp: posts big blind $0.10
*** HOLE CARDS ***
Dealt to Mahu2021 [Ah 3h]
TheVon50: folds 
iFold72o: folds 
Mahu2021: raises $0.14 to $0.24
thorindorf: folds 
ppbbrat: folds 
Windows 21xp: folds 
Uncalled bet ($0.14) returned to Mahu2021
Mahu2021 collected $0.25 from pot
Mahu2021: doesn't show hand 
*** SUMMARY ***
Total pot $0.25 | Rake $0 
Seat 1: thorindorf (button) folded before Flop (didn't bet)
Seat 2: ppbbrat (small blind) folded before Flop
Seat 3: Windows 21xp (big blind) folded before Flop
Seat 4: TheVon50 folded before Flop (didn't bet)
Seat 5: iFold72o folded before Flop (didn't bet)
Seat 6: Mahu2021 collected ($0.25)



PokerStars Zoom Hand #254717668570:  Hold'em No Limit ($0.05/$0.10) - 2025/02/05 13:37:58 CET [2025/02/05 7:37:58 ET]
Table 'Aludra' 6-max Seat #1 is the button
Seat 1: Kac4kac ($14.13 in chips) 
Seat 2: iFold72o ($27.08 in chips) 
Seat 3: AlvinoD ($10.42 in chips) 
Seat 4: Mahu2021 ($9 in chips) 
Seat 5: thorindorf ($13.14 in chips) 
Seat 6: killerita67 ($10.05 in chips) 
iFold72o: posts small blind $0.05
AlvinoD: posts big blind $0.10
*** HOLE CARDS ***
Dealt to Mahu2021 [4h Ah]
Mahu2021: raises $0.14 to $0.24
thorindorf: raises $0.63 to $0.87
killerita67: folds 
Kac4kac: folds 
iFold72o: folds 
AlvinoD: folds 
Mahu2021: calls $0.63
*** FLOP *** [3s 7h 3c]
Mahu2021: checks 
thorindorf: checks 
*** TURN *** [3s 7h 3c] [6c]
Mahu2021: checks 
thorindorf: bets $0.80
Mahu2021: folds 
Uncalled bet ($0.80) returned to thorindorf
thorindorf collected $1.80 from pot
thorindorf: doesn't show hand 
*** SUMMARY ***
Total pot $1.89 | Rake $0.09 
Board [3s 7h 3c 6c]
Seat 1: Kac4kac (button) folded before Flop (didn't bet)
Seat 2: iFold72o (small blind) folded before Flop
Seat 3: AlvinoD (big blind) folded before Flop
Seat 4: Mahu2021 folded on the Turn
Seat 5: thorindorf collected ($1.80)
Seat 6: killerita67 folded before Flop (didn't bet)



PokerStars Zoom Hand #254717674427:  Hold'em No Limit ($0.05/$0.10) - 2025/02/05 13:38:41 CET [2025/02/05 7:38:41 ET]
Table 'Aludra' 6-max Seat #1 is the button
Seat 1: ppbbrat ($5.14 in chips) 
Seat 2: abcpoiloo ($26.02 in chips) 
Seat 3: Mahu2021 ($8.13 in chips) 
Seat 4: todd17800 ($45.03 in chips) 
Seat 5: Tarancher ($4.92 in chips) 
Seat 6: iNteldrive ($11.89 in chips) 
abcpoiloo: posts small blind $0.05
Mahu2021: posts big blind $0.10
*** HOLE CARDS ***
Dealt to Mahu2021 [8d 6h]
todd17800: folds 
Tarancher: folds 
iNteldrive: raises $0.10 to $0.20
ppbbrat: folds 
abcpoiloo: folds 
Mahu2021: folds 
Uncalled bet ($0.10) returned to iNteldrive
iNteldrive collected $0.25 from pot
iNteldrive: doesn't show hand 
*** SUMMARY ***
Total pot $0.25 | Rake $0 
Seat 1: ppbbrat (button) folded before Flop (didn't bet)
Seat 2: abcpoiloo (small blind) folded before Flop
Seat 3: Mahu2021 (big blind) folded before Flop
Seat 4: todd17800 folded before Flop (didn't bet)
Seat 5: Tarancher folded before Flop (didn't bet)
Seat 6: iNteldrive collected ($0.25)



PokerStars Zoom Hand #254717675263:  Hold'em No Limit ($0.05/$0.10) - 2025/02/05 13:38:47 CET [2025/02/05 7:38:47 ET]
Table 'Aludra' 6-max Seat #1 is the button
Seat 1: sbela23 ($10 in chips) 
Seat 2: Georg006830 ($28.99 in chips) 
Seat 3: Poklrll02 ($37.01 in chips) 
Seat 4: putzkedudu ($16.45 in chips) 
Seat 5: ppbbrat ($5.14 in chips) 
Seat 6: Mahu2021 ($8.03 in chips) 
Georg006830: posts small blind $0.05
Poklrll02: posts big blind $0.10
*** HOLE CARDS ***
Dealt to Mahu2021 [9s 7d]
putzkedudu: folds 
ppbbrat: folds 
Mahu2021: folds 
sbela23: raises $0.15 to $0.25
Georg006830: folds 
Poklrll02: folds 
Uncalled bet ($0.15) returned to sbela23
sbela23 collected $0.25 from pot
sbela23: doesn't show hand 
*** SUMMARY ***
Total pot $0.25 | Rake $0 
Seat 1: sbela23 (button) collected ($0.25)
Seat 2: Georg006830 (small blind) folded before Flop
Seat 3: Poklrll02 (big blind) folded before Flop
Seat 4: putzkedudu folded before Flop (didn't bet)
Seat 5: ppbbrat folded before Flop (didn't bet)
Seat 6: Mahu2021 folded before Flop (didn't bet)



PokerStars Zoom Hand #254717675822:  Hold'em No Limit ($0.05/$0.10) - 2025/02/05 13:38:51 CET [2025/02/05 7:38:51 ET]
Table 'Aludra' 6-max Seat #1 is the button
Seat 1: mrbombpot ($4.90 in chips) 
Seat 2: Mahu2021 ($8.03 in chips) 
Seat 3: MrKeks2222 ($10.10 in chips) 
Seat 4: Roma88K ($7.20 in chips) 
Seat 5: iNteldrive ($12.04 in chips) 
Seat 6: Georg006830 ($28.94 in chips) 
Mahu2021: posts small blind $0.05
MrKeks2222: posts big blind $0.10
*** HOLE CARDS ***
Dealt to Mahu2021 [As 6d]
Roma88K: folds 
iNteldrive: folds 
Georg006830: folds 
mrbombpot: raises $0.12 to $0.22
Mahu2021: calls $0.17
MrKeks2222: folds 
*** FLOP *** [Qh Qc 4d]
Mahu2021: checks 
mrbombpot: bets $0.26
Mahu2021: folds 
Uncalled bet ($0.26) returned to mrbombpot
mrbombpot collected $0.52 from pot
mrbombpot: doesn't show hand 
*** SUMMARY ***
Total pot $0.54 | Rake $0.02 
Board [Qh Qc 4d]
Seat 1: mrbombpot (button) collected ($0.52)
Seat 2: Mahu2021 (small blind) folded on the Flop
Seat 3: MrKeks2222 (big blind) folded before Flop
Seat 4: Roma88K folded before Flop (didn't bet)
Seat 5: iNteldrive folded before Flop (didn't bet)
Seat 6: Georg006830 folded before Flop (didn't bet)



PokerStars Zoom Hand #254717679900:  Hold'em No Limit ($0.05/$0.10) - 2025/02/05 13:39:20 CET [2025/02/05 7:39:20 ET]
Table 'Aludra' 6-max Seat #1 is the button
Seat 1: Mahu2021 ($7.81 in chips) 
Seat 2: Baratrum777 ($10 in chips) 
Seat 3: Sorlys ($10.33 in chips) 
Seat 4: Ruslik1974 ($12.03 in chips) 
Seat 5: iNteldrive ($13.21 in chips) 
Seat 6: abcpoiloo ($16.98 in chips) 
Baratrum777: posts small blind $0.05
Sorlys: posts big blind $0.10
*** HOLE CARDS ***
Dealt to Mahu2021 [2d 8h]
Ruslik1974: folds 
iNteldrive: folds 
abcpoiloo: folds 
Mahu2021: folds 
Baratrum777: folds 
Uncalled bet ($0.05) returned to Sorlys
Sorlys collected $0.10 from pot
Sorlys: doesn't show hand 
*** SUMMARY ***
Total pot $0.10 | Rake $0 
Seat 1: Mahu2021 (button) folded before Flop (didn't bet)
Seat 2: Baratrum777 (small blind) folded before Flop
Seat 3: Sorlys (big blind) collected ($0.10)
Seat 4: Ruslik1974 folded before Flop (didn't bet)
Seat 5: iNteldrive folded before Flop (didn't bet)
Seat 6: abcpoiloo folded before Flop (didn't bet)



PokerStars Zoom Hand #254717680884:  Hold'em No Limit ($0.05/$0.10) - 2025/02/05 13:39:27 CET [2025/02/05 7:39:27 ET]
Table 'Aludra' 6-max Seat #1 is the button
Seat 1: 50´s Ghost ($14.83 in chips) 
Seat 2: "QOTILL" ($9.12 in chips) 
Seat 3: Kashtanello ($10 in chips) 
Seat 4: pandaman9010 ($9.98 in chips) 
Seat 5: Mahu2021 ($7.81 in chips) 
Seat 6: OSRichard ($10 in chips) 
"QOTILL": posts small blind $0.05
Kashtanello: posts big blind $0.10
*** HOLE CARDS ***
Dealt to Mahu2021 [Ac Qs]
pandaman9010: folds 
Mahu2021: raises $0.20 to $0.30
OSRichard: folds 
50´s Ghost: folds 
"QOTILL": folds 
Kashtanello: folds 
Uncalled bet ($0.20) returned to Mahu2021
Mahu2021 collected $0.25 from pot
Mahu2021: doesn't show hand 
*** SUMMARY ***
Total pot $0.25 | Rake $0 
Seat 1: 50´s Ghost (button) folded before Flop (didn't bet)
Seat 2: "QOTILL" (small blind) folded before Flop
Seat 3: Kashtanello (big blind) folded before Flop
Seat 4: pandaman9010 folded before Flop (didn't bet)
Seat 5: Mahu2021 collected ($0.25)
Seat 6: OSRichard folded before Flop (didn't bet)



PokerStars Zoom Hand #254717680459:  Hold'em No Limit ($0.05/$0.10) - 2025/02/05 13:39:24 CET [2025/02/05 7:39:24 ET]
Table 'Aludra' 6-max Seat #1 is the button
Seat 1: trikjy ($15.40 in chips) 
Seat 2: Roma88K ($7.10 in chips) 
Seat 3: IVERNMAN ($10 in chips) 
Seat 4: Mahu2021 ($7.81 in chips) 
Seat 5: todd17800 ($44.88 in chips) 
Seat 6: "QOTILL" ($9.12 in chips) 
Roma88K: posts small blind $0.05
IVERNMAN: posts big blind $0.10
*** HOLE CARDS ***
Dealt to Mahu2021 [2d 6c]
Mahu2021: folds 
todd17800: raises $0.10 to $0.20
"QOTILL": folds 
trikjy: folds 
Roma88K: folds 
IVERNMAN: calls $0.10
*** FLOP *** [Qs 3c Js]
IVERNMAN: checks 
todd17800: bets $0.32
IVERNMAN: calls $0.32
*** TURN *** [Qs 3c Js] [4s]
IVERNMAN: checks 
todd17800: checks 
*** RIVER *** [Qs 3c Js 4s] [4h]
IVERNMAN: bets $0.52
todd17800: calls $0.52
*** SHOW DOWN ***
IVERNMAN: shows [As 7s] (a flush, Ace high)
todd17800: mucks hand 
IVERNMAN collected $2.03 from pot
*** SUMMARY ***
Total pot $2.13 | Rake $0.10 
Board [Qs 3c Js 4s 4h]
Seat 1: trikjy (button) folded before Flop (didn't bet)
Seat 2: Roma88K (small blind) folded before Flop
Seat 3: IVERNMAN (big blind) showed [As 7s] and won ($2.03) with a flush, Ace high
Seat 4: Mahu2021 folded before Flop (didn't bet)
Seat 5: todd17800 mucked [Ah Kh]
Seat 6: "QOTILL" folded before Flop (didn't bet)



PokerStars Zoom Hand #254717684291:  Hold'em No Limit ($0.05/$0.10) - 2025/02/05 13:39:51 CET [2025/02/05 7:39:51 ET]
Table 'Aludra' 6-max Seat #1 is the button
Seat 1: SynieZz ($13 in chips) 
Seat 2: iNteldrive ($12.19 in chips) 
Seat 3: mrbombpot ($5.20 in chips) 
Seat 4: Mahu2021 ($7.96 in chips) 
Seat 5: joorup ($10.19 in chips) 
Seat 6: todd17800 ($61.34 in chips) 
iNteldrive: posts small blind $0.05
mrbombpot: posts big blind $0.10
*** HOLE CARDS ***
Dealt to Mahu2021 [Ac Ad]
Mahu2021: raises $0.14 to $0.24
joorup: folds 
todd17800: folds 
SynieZz: folds 
iNteldrive: folds 
mrbombpot: folds 
Uncalled bet ($0.14) returned to Mahu2021
Mahu2021 collected $0.25 from pot
Mahu2021: doesn't show hand 
*** SUMMARY ***
Total pot $0.25 | Rake $0 
Seat 1: SynieZz (button) folded before Flop (didn't bet)
Seat 2: iNteldrive (small blind) folded before Flop
Seat 3: mrbombpot (big blind) folded before Flop
Seat 4: Mahu2021 collected ($0.25)
Seat 5: joorup folded before Flop (didn't bet)
Seat 6: todd17800 folded before Flop (didn't bet)



PokerStars Zoom Hand #254717689744:  Hold'em No Limit ($0.05/$0.10) - 2025/02/05 13:40:29 CET [2025/02/05 7:40:29 ET]
Table 'Aludra' 6-max Seat #1 is the button
Seat 1: PiekAss4711 ($8.91 in chips) 
Seat 2: Mahu2021 ($8.01 in chips) 
Seat 3: OSRichard ($10 in chips) 
Seat 4: pougia777 ($12.23 in chips) 
Seat 5: Ruslik1974 ($11.93 in chips) 
Seat 6: UNKNOWN_x_13 ($4.75 in chips) 
Mahu2021: posts small blind $0.05
OSRichard: posts big blind $0.10
*** HOLE CARDS ***
Dealt to Mahu2021 [Qs 8d]
pougia777: folds 
Ruslik1974: folds 
UNKNOWN_x_13: raises $0.20 to $0.30
PiekAss4711: folds 
Mahu2021: folds 
OSRichard: folds 
Uncalled bet ($0.20) returned to UNKNOWN_x_13
UNKNOWN_x_13 collected $0.25 from pot
UNKNOWN_x_13: doesn't show hand 
*** SUMMARY ***
Total pot $0.25 | Rake $0 
Seat 1: PiekAss4711 (button) folded before Flop (didn't bet)
Seat 2: Mahu2021 (small blind) folded before Flop
Seat 3: OSRichard (big blind) folded before Flop
Seat 4: pougia777 folded before Flop (didn't bet)
Seat 5: Ruslik1974 folded before Flop (didn't bet)
Seat 6: UNKNOWN_x_13 collected ($0.25)



PokerStars Zoom Hand #254717690414:  Hold'em No Limit ($0.05/$0.10) - 2025/02/05 13:40:34 CET [2025/02/05 7:40:34 ET]
Table 'Aludra' 6-max Seat #1 is the button
Seat 1: Mahu2021 ($7.96 in chips) 
Seat 2: tanuki96 ($11.29 in chips) 
Seat 3: tojo201 ($6.68 in chips) 
Seat 4: Ruslik1974 ($11.93 in chips) 
Seat 5: iNteldrive ($13.49 in chips) 
Seat 6: mrbombpot ($5 in chips) 
tanuki96: posts small blind $0.05
tojo201: posts big blind $0.10
*** HOLE CARDS ***
Dealt to Mahu2021 [3h 3s]
Ruslik1974: folds 
iNteldrive: folds 
mrbombpot: folds 
Mahu2021: raises $0.20 to $0.30
tanuki96: folds 
tojo201: folds 
Uncalled bet ($0.20) returned to Mahu2021
Mahu2021 collected $0.25 from pot
Mahu2021: doesn't show hand 
*** SUMMARY ***
Total pot $0.25 | Rake $0 
Seat 1: Mahu2021 (button) collected ($0.25)
Seat 2: tanuki96 (small blind) folded before Flop
Seat 3: tojo201 (big blind) folded before Flop
Seat 4: Ruslik1974 folded before Flop (didn't bet)
Seat 5: iNteldrive folded before Flop (didn't bet)
Seat 6: mrbombpot folded before Flop (didn't bet)



PokerStars Zoom Hand #254717692821:  Hold'em No Limit ($0.05/$0.10) - 2025/02/05 13:40:51 CET [2025/02/05 7:40:51 ET]
Table 'Aludra' 6-max Seat #1 is the button
Seat 1: s1auka ($10.89 in chips) 
Seat 2: IVERNMAN ($10.10 in chips) 
Seat 3: "QOTILL" ($8.56 in chips) 
Seat 4: SynieZz ($12.80 in chips) 
Seat 5: ronny2106 ($14.79 in chips) 
Seat 6: Mahu2021 ($8.11 in chips) 
IVERNMAN: posts small blind $0.05
"QOTILL": posts big blind $0.10
*** HOLE CARDS ***
Dealt to Mahu2021 [2c 2h]
SynieZz: folds 
ronny2106: folds 
Mahu2021: raises $0.20 to $0.30
s1auka: folds 
IVERNMAN: raises $0.90 to $1.20
"QOTILL": folds 
Mahu2021: folds 
Uncalled bet ($0.90) returned to IVERNMAN
IVERNMAN collected $0.70 from pot
IVERNMAN: doesn't show hand 
*** SUMMARY ***
Total pot $0.70 | Rake $0 
Seat 1: s1auka (button) folded before Flop (didn't bet)
Seat 2: IVERNMAN (small blind) collected ($0.70)
Seat 3: "QOTILL" (big blind) folded before Flop
Seat 4: SynieZz folded before Flop (didn't bet)
Seat 5: ronny2106 folded before Flop (didn't bet)
Seat 6: Mahu2021 folded before Flop



PokerStars Zoom Hand #254717687831:  Hold'em No Limit ($0.05/$0.10) - 2025/02/05 13:40:16 CET [2025/02/05 7:40:16 ET]
Table 'Aludra' 6-max Seat #1 is the button
Seat 1: pougia777 ($12.33 in chips) 
Seat 2: putzkedudu ($16.45 in chips) 
Seat 3: Mahu2021 ($8.11 in chips) 
Seat 4: todd17800 ($61.34 in chips) 
Seat 5: mexxxy_90 ($10.01 in chips) 
Seat 6: 50´s Ghost ($14.73 in chips) 
putzkedudu: posts small blind $0.05
Mahu2021: posts big blind $0.10
*** HOLE CARDS ***
Dealt to Mahu2021 [3h Ad]
todd17800: raises $0.10 to $0.20
mexxxy_90: folds 
50´s Ghost: raises $0.55 to $0.75
pougia777: folds 
putzkedudu: folds 
Mahu2021: folds 
todd17800: raises $1.05 to $1.80
50´s Ghost: raises $12.93 to $14.73 and is all-in
todd17800: folds 
Uncalled bet ($12.93) returned to 50´s Ghost
50´s Ghost collected $3.75 from pot
50´s Ghost: doesn't show hand 
*** SUMMARY ***
Total pot $3.75 | Rake $0 
Seat 1: pougia777 (button) folded before Flop (didn't bet)
Seat 2: putzkedudu (small blind) folded before Flop
Seat 3: Mahu2021 (big blind) folded before Flop
Seat 4: todd17800 folded before Flop
Seat 5: mexxxy_90 folded before Flop (didn't bet)
Seat 6: 50´s Ghost collected ($3.75)



PokerStars Zoom Hand #254717696390:  Hold'em No Limit ($0.05/$0.10) - 2025/02/05 13:41:16 CET [2025/02/05 7:41:16 ET]
Table 'Aludra' 6-max Seat #1 is the button
Seat 1: s1auka ($10.23 in chips) 
Seat 2: SynieZz ($10.43 in chips) 
Seat 3: Mahu2021 ($7.81 in chips) 
Seat 4: iceballantyne ($20.05 in chips) 
Seat 5: MarcosV184 ($2.25 in chips) 
Seat 6: "QOTILL" ($12.61 in chips) 
SynieZz: posts small blind $0.05
Mahu2021: posts big blind $0.10
*** HOLE CARDS ***
Dealt to Mahu2021 [Ks 6h]
iceballantyne: folds 
MarcosV184: folds 
"QOTILL": folds 
s1auka: raises $0.15 to $0.25
SynieZz: folds 
Mahu2021: calls $0.15
*** FLOP *** [Th Ts 7h]
Mahu2021: checks 
s1auka: bets $0.30
Mahu2021: folds 
Uncalled bet ($0.30) returned to s1auka
s1auka collected $0.53 from pot
s1auka: doesn't show hand 
*** SUMMARY ***
Total pot $0.55 | Rake $0.02 
Board [Th Ts 7h]
Seat 1: s1auka (button) collected ($0.53)
Seat 2: SynieZz (small blind) folded before Flop
Seat 3: Mahu2021 (big blind) folded on the Flop
Seat 4: iceballantyne folded before Flop (didn't bet)
Seat 5: MarcosV184 folded before Flop (didn't bet)
Seat 6: "QOTILL" folded before Flop (didn't bet)



PokerStars Zoom Hand #254717700432:  Hold'em No Limit ($0.05/$0.10) - 2025/02/05 13:41:44 CET [2025/02/05 7:41:44 ET]
Table 'Aludra' 6-max Seat #1 is the button
Seat 1: schinkel1 ($6.29 in chips) 
Seat 2: Mahu2021 ($7.56 in chips) 
Seat 3: pougia777 ($10.62 in chips) 
Seat 4: 50´s Ghost ($19.56 in chips) 
Seat 5: ronny2106 ($13.16 in chips) 
Seat 6: "QOTILL" ($9.85 in chips) 
Mahu2021: posts small blind $0.05
pougia777: posts big blind $0.10
*** HOLE CARDS ***
Dealt to Mahu2021 [9h 8s]
50´s Ghost: folds 
ronny2106: folds 
"QOTILL": folds 
schinkel1: folds 
Mahu2021: raises $0.20 to $0.30
pougia777: folds 
Uncalled bet ($0.20) returned to Mahu2021
Mahu2021 collected $0.20 from pot
Mahu2021: doesn't show hand 
*** SUMMARY ***
Total pot $0.20 | Rake $0 
Seat 1: schinkel1 (button) folded before Flop (didn't bet)
Seat 2: Mahu2021 (small blind) collected ($0.20)
Seat 3: pougia777 (big blind) folded before Flop
Seat 4: 50´s Ghost folded before Flop (didn't bet)
Seat 5: ronny2106 folded before Flop (didn't bet)
Seat 6: "QOTILL" folded before Flop (didn't bet)



PokerStars Zoom Hand #254717695712:  Hold'em No Limit ($0.05/$0.10) - 2025/02/05 13:41:11 CET [2025/02/05 7:41:11 ET]
Table 'Aludra' 6-max Seat #1 is the button
Seat 1: Poklrll02 ($25.83 in chips) 
Seat 2: iceballantyne ($20.10 in chips) 
Seat 3: joorup ($10.14 in chips) 
Seat 4: sbela23 ($15.39 in chips) 
Seat 5: Mahu2021 ($7.81 in chips) 
Seat 6: pougia777 ($10.93 in chips) 
iceballantyne: posts small blind $0.05
joorup: posts big blind $0.10
*** HOLE CARDS ***
Dealt to Mahu2021 [6c Td]
sbela23: folds 
Mahu2021: folds 
pougia777: raises $0.20 to $0.30
Poklrll02: folds 
iceballantyne: folds 
joorup: calls $0.20
*** FLOP *** [Ac Qs 4c]
joorup: checks 
pougia777: bets $0.40
joorup: calls $0.40
*** TURN *** [Ac Qs 4c] [Ah]
joorup: checks 
pougia777: bets $1.10
joorup: calls $1.10
*** RIVER *** [Ac Qs 4c Ah] [Kh]
joorup: checks 
pougia777: checks 
*** SHOW DOWN ***
joorup: shows [Ad 9d] (three of a kind, Aces)
pougia777: shows [As 5s] (three of a kind, Aces)
joorup collected $1.75 from pot
pougia777 collected $1.74 from pot
*** SUMMARY ***
Total pot $3.65 | Rake $0.16 
Board [Ac Qs 4c Ah Kh]
Seat 1: Poklrll02 (button) folded before Flop (didn't bet)
Seat 2: iceballantyne (small blind) folded before Flop
Seat 3: joorup (big blind) showed [Ad 9d] and won ($1.75) with three of a kind, Aces
Seat 4: sbela23 folded before Flop (didn't bet)
Seat 5: Mahu2021 folded before Flop (didn't bet)
Seat 6: pougia777 showed [As 5s] and won ($1.74) with three of a kind, Aces



PokerStars Zoom Hand #254717703058:  Hold'em No Limit ($0.05/$0.10) - 2025/02/05 13:42:02 CET [2025/02/05 7:42:02 ET]
Table 'Aludra' 6-max Seat #1 is the button
Seat 1: Mahu2021 ($7.66 in chips) 
Seat 2: killerita67 ($10.74 in chips) 
Seat 3: miu_0716 ($10 in chips) 
Seat 4: "QOTILL" ($9.80 in chips) 
Seat 5: iNteldrive ($13.53 in chips) 
Seat 6: s1auka ($10.05 in chips) 
killerita67: posts small blind $0.05
miu_0716: posts big blind $0.10
*** HOLE CARDS ***
Dealt to Mahu2021 [Jd Jh]
"QOTILL": folds 
iNteldrive: folds 
s1auka: raises $0.15 to $0.25
Mahu2021: calls $0.25
killerita67: folds 
miu_0716: folds 
*** FLOP *** [8c 3d 6h]
s1auka: bets $0.25
Mahu2021: calls $0.25
*** TURN *** [8c 3d 6h] [8s]
s1auka: checks 
Mahu2021: bets $0.50
s1auka: calls $0.50
*** RIVER *** [8c 3d 6h 8s] [Ks]
s1auka: checks 
Mahu2021: checks 
*** SHOW DOWN ***
s1auka: shows [7s 7h] (two pair, Eights and Sevens)
Mahu2021: shows [Jd Jh] (two pair, Jacks and Eights)
Mahu2021 collected $2.05 from pot
*** SUMMARY ***
Total pot $2.15 | Rake $0.10 
Board [8c 3d 6h 8s Ks]
Seat 1: Mahu2021 (button) showed [Jd Jh] and won ($2.05) with two pair, Jacks and Eights
Seat 2: killerita67 (small blind) folded before Flop
Seat 3: miu_0716 (big blind) folded before Flop
Seat 4: "QOTILL" folded before Flop (didn't bet)
Seat 5: iNteldrive folded before Flop (didn't bet)
Seat 6: s1auka showed [7s 7h] and lost with two pair, Eights and Sevens



PokerStars Zoom Hand #254717710630:  Hold'em No Limit ($0.05/$0.10) - 2025/02/05 13:42:54 CET [2025/02/05 7:42:54 ET]
Table 'Aludra' 6-max Seat #1 is the button
Seat 1: "QOTILL" ($13.10 in chips) 
Seat 2: todd17800 ($13.89 in chips) 
Seat 3: iFold72o ($17.30 in chips) 
Seat 4: LevA1989 ($15.73 in chips) 
Seat 5: mittl11 ($13 in chips) 
Seat 6: Mahu2021 ($8.71 in chips) 
todd17800: posts small blind $0.05
iFold72o: posts big blind $0.10
*** HOLE CARDS ***
Dealt to Mahu2021 [Js Kc]
LevA1989: folds 
mittl11: folds 
Mahu2021: raises $0.14 to $0.24
"QOTILL": folds 
todd17800: folds 
iFold72o: calls $0.14
*** FLOP *** [2s 4s 6s]
iFold72o: checks 
Mahu2021: bets $0.51
iFold72o: folds 
Uncalled bet ($0.51) returned to Mahu2021
Mahu2021 collected $0.51 from pot
Mahu2021: doesn't show hand 
*** SUMMARY ***
Total pot $0.53 | Rake $0.02 
Board [2s 4s 6s]
Seat 1: "QOTILL" (button) folded before Flop (didn't bet)
Seat 2: todd17800 (small blind) folded before Flop
Seat 3: iFold72o (big blind) folded on the Flop
Seat 4: LevA1989 folded before Flop (didn't bet)
Seat 5: mittl11 folded before Flop (didn't bet)
Seat 6: Mahu2021 collected ($0.51)



PokerStars Zoom Hand #254717715652:  Hold'em No Limit ($0.05/$0.10) - 2025/02/05 13:43:28 CET [2025/02/05 7:43:28 ET]
Table 'Aludra' 6-max Seat #1 is the button
Seat 1: Roma88K ($5.65 in chips) 
Seat 2: Bowlestown ($10.05 in chips) 
Seat 3: LevA1989 ($12.69 in chips) 
Seat 4: iceballantyne ($20.90 in chips) 
Seat 5: Mahu2021 ($8.98 in chips) 
Seat 6: ronny2106 ($14.39 in chips) 
Bowlestown: posts small blind $0.05
LevA1989: posts big blind $0.10
*** HOLE CARDS ***
Dealt to Mahu2021 [Ts Th]
iceballantyne: folds 
Mahu2021: raises $0.14 to $0.24
ronny2106: folds 
Roma88K: folds 
Bowlestown: folds 
LevA1989: folds 
Uncalled bet ($0.14) returned to Mahu2021
Mahu2021 collected $0.25 from pot
Mahu2021: doesn't show hand 
*** SUMMARY ***
Total pot $0.25 | Rake $0 
Seat 1: Roma88K (button) folded before Flop (didn't bet)
Seat 2: Bowlestown (small blind) folded before Flop
Seat 3: LevA1989 (big blind) folded before Flop
Seat 4: iceballantyne folded before Flop (didn't bet)
Seat 5: Mahu2021 collected ($0.25)
Seat 6: ronny2106 folded before Flop (didn't bet)



PokerStars Zoom Hand #254717715159:  Hold'em No Limit ($0.05/$0.10) - 2025/02/05 13:43:25 CET [2025/02/05 7:43:25 ET]
Table 'Aludra' 6-max Seat #1 is the button
Seat 1: iNteldrive ($9.01 in chips) 
Seat 2: abcpoiloo ($16.29 in chips) 
Seat 3: IVERNMAN ($10.57 in chips) 
Seat 4: Bowlestown ($13.58 in chips) 
Seat 5: schinkel1 ($6.09 in chips) 
Seat 6: Mahu2021 ($8.98 in chips) 
abcpoiloo: posts small blind $0.05
IVERNMAN: posts big blind $0.10
*** HOLE CARDS ***
Dealt to Mahu2021 [Jc 4h]
Bowlestown: folds 
schinkel1: folds 
Mahu2021: folds 
iNteldrive: folds 
abcpoiloo: raises $0.20 to $0.30
IVERNMAN is disconnected 
IVERNMAN: folds 
Uncalled bet ($0.20) returned to abcpoiloo
abcpoiloo collected $0.20 from pot
abcpoiloo: doesn't show hand 
*** SUMMARY ***
Total pot $0.20 | Rake $0 
Seat 1: iNteldrive (button) folded before Flop (didn't bet)
Seat 2: abcpoiloo (small blind) collected ($0.20)
Seat 3: IVERNMAN (big blind) folded before Flop
Seat 4: Bowlestown folded before Flop (didn't bet)
Seat 5: schinkel1 folded before Flop (didn't bet)
Seat 6: Mahu2021 folded before Flop (didn't bet)



PokerStars Zoom Hand #254717718108:  Hold'em No Limit ($0.05/$0.10) - 2025/02/05 13:43:45 CET [2025/02/05 7:43:45 ET]
Table 'Aludra' 6-max Seat #1 is the button
Seat 1: killerita67 ($10.78 in chips) 
Seat 2: sbela23 ($11.56 in chips) 
Seat 3: Mahu2021 ($9.13 in chips) 
Seat 4: iNteldrive ($11.71 in chips) 
Seat 5: Cristi/Arg ($10.66 in chips) 
Seat 6: iceballantyne ($18.80 in chips) 
sbela23: posts small blind $0.05
Mahu2021: posts big blind $0.10
*** HOLE CARDS ***
Dealt to Mahu2021 [Jd 3d]
iNteldrive: folds 
Cristi/Arg: folds 
iceballantyne: folds 
killerita67: folds 
sbela23: folds 
Uncalled bet ($0.05) returned to Mahu2021
Mahu2021 collected $0.10 from pot
Mahu2021: doesn't show hand 
*** SUMMARY ***
Total pot $0.10 | Rake $0 
Seat 1: killerita67 (button) folded before Flop (didn't bet)
Seat 2: sbela23 (small blind) folded before Flop
Seat 3: Mahu2021 (big blind) collected ($0.10)
Seat 4: iNteldrive folded before Flop (didn't bet)
Seat 5: Cristi/Arg folded before Flop (didn't bet)
Seat 6: iceballantyne folded before Flop (didn't bet)



PokerStars Zoom Hand #254717714598:  Hold'em No Limit ($0.05/$0.10) - 2025/02/05 13:43:21 CET [2025/02/05 7:43:21 ET]
Table 'Aludra' 6-max Seat #1 is the button
Seat 1: mariusgaspa ($9.19 in chips) 
Seat 2: Kac4kac ($13.44 in chips) 
Seat 3: Baratrum777 ($10 in chips) 
Seat 4: iceballantyne ($33.03 in chips) 
Seat 5: Mahu2021 ($8.98 in chips) 
Seat 6: Windows 21xp ($15.84 in chips) 
Kac4kac: posts small blind $0.05
Baratrum777: posts big blind $0.10
*** HOLE CARDS ***
Dealt to Mahu2021 [Qh 4h]
iceballantyne: folds 
Mahu2021: folds 
Windows 21xp: folds 
mariusgaspa: calls $0.10
Kac4kac: folds 
Baratrum777: checks 
*** FLOP *** [8h 4d 7c]
Baratrum777: checks 
mariusgaspa: checks 
*** TURN *** [8h 4d 7c] [Kh]
Baratrum777: checks 
mariusgaspa: checks 
*** RIVER *** [8h 4d 7c Kh] [2s]
Baratrum777: checks 
mariusgaspa: checks 
*** SHOW DOWN ***
Baratrum777: shows [Jc 5d] (high card King)
mariusgaspa: shows [Jh Qd] (high card King - Queen kicker)
mariusgaspa collected $0.24 from pot
*** SUMMARY ***
Total pot $0.25 | Rake $0.01 
Board [8h 4d 7c Kh 2s]
Seat 1: mariusgaspa (button) showed [Jh Qd] and won ($0.24) with high card King
Seat 2: Kac4kac (small blind) folded before Flop
Seat 3: Baratrum777 (big blind) showed [Jc 5d] and lost with high card King
Seat 4: iceballantyne folded before Flop (didn't bet)
Seat 5: Mahu2021 folded before Flop (didn't bet)
Seat 6: Windows 21xp folded before Flop (didn't bet)



PokerStars Zoom Hand #254717721328:  Hold'em No Limit ($0.05/$0.10) - 2025/02/05 13:44:07 CET [2025/02/05 7:44:07 ET]
Table 'Aludra' 6-max Seat #1 is the button
Seat 1: Mahu2021 ($9.13 in chips) 
Seat 2: Bowlestown ($10.05 in chips) 
Seat 3: Poker *ymka14* ($10.10 in chips) 
Seat 4: MaeBolada ($11.79 in chips) 
Seat 5: Cristi/Arg ($20.55 in chips) 
Seat 6: sho0506 ($13.19 in chips) 
Bowlestown: posts small blind $0.05
Poker *ymka14*: posts big blind $0.10
*** HOLE CARDS ***
Dealt to Mahu2021 [Qh 2s]
MaeBolada: raises $0.20 to $0.30
Cristi/Arg: folds 
sho0506: folds 
Mahu2021: folds 
Bowlestown: folds 
Poker *ymka14*: folds 
Uncalled bet ($0.20) returned to MaeBolada
MaeBolada collected $0.25 from pot
MaeBolada: doesn't show hand 
*** SUMMARY ***
Total pot $0.25 | Rake $0 
Seat 1: Mahu2021 (button) folded before Flop (didn't bet)
Seat 2: Bowlestown (small blind) folded before Flop
Seat 3: Poker *ymka14* (big blind) folded before Flop
Seat 4: MaeBolada collected ($0.25)
Seat 5: Cristi/Arg folded before Flop (didn't bet)
Seat 6: sho0506 folded before Flop (didn't bet)



PokerStars Zoom Hand #254717720760:  Hold'em No Limit ($0.05/$0.10) - 2025/02/05 13:44:03 CET [2025/02/05 7:44:03 ET]
Table 'Aludra' 6-max Seat #1 is the button
Seat 1: s1auka ($11.57 in chips) 
Seat 2: Mahu2021 ($9.18 in chips) 
Seat 3: IVERNMAN ($10.28 in chips) 
Seat 4: miu_0716 ($10.40 in chips) 
Seat 5: putzkedudu ($14.92 in chips) 
Seat 6: killerita67 ($10.34 in chips) 
Mahu2021: posts small blind $0.05
IVERNMAN: posts big blind $0.10
*** HOLE CARDS ***
Dealt to Mahu2021 [4c Td]
miu_0716: folds 
putzkedudu: raises $0.20 to $0.30
killerita67: folds 
s1auka: folds 
Mahu2021: folds 
IVERNMAN: folds 
Uncalled bet ($0.20) returned to putzkedudu
putzkedudu collected $0.25 from pot
putzkedudu: doesn't show hand 
*** SUMMARY ***
Total pot $0.25 | Rake $0 
Seat 1: s1auka (button) folded before Flop (didn't bet)
Seat 2: Mahu2021 (small blind) folded before Flop
Seat 3: IVERNMAN (big blind) folded before Flop
Seat 4: miu_0716 folded before Flop (didn't bet)
Seat 5: putzkedudu collected ($0.25)
Seat 6: killerita67 folded before Flop (didn't bet)



PokerStars Zoom Hand #254717722450:  Hold'em No Limit ($0.05/$0.10) - 2025/02/05 13:44:15 CET [2025/02/05 7:44:15 ET]
Table 'Aludra' 6-max Seat #1 is the button
Seat 1: Born2Hustler ($13.98 in chips) 
Seat 2: Cristi/Arg ($11.06 in chips) 
Seat 3: Mahu2021 ($9.13 in chips) 
Seat 4: mittl11 ($13.17 in chips) 
Seat 5: killerita67 ($10.78 in chips) 
Seat 6: iNteldrive ($11.71 in chips) 
Cristi/Arg: posts small blind $0.05
Mahu2021: posts big blind $0.10
*** HOLE CARDS ***
Dealt to Mahu2021 [5c Tc]
mittl11: folds 
killerita67: folds 
iNteldrive: folds 
Born2Hustler: raises $0.15 to $0.25
Cristi/Arg: folds 
Mahu2021: calls $0.15
*** FLOP *** [Kd 4s 9c]
Mahu2021: checks 
Born2Hustler: bets $0.18
Mahu2021: folds 
Uncalled bet ($0.18) returned to Born2Hustler
Born2Hustler collected $0.53 from pot
Born2Hustler: doesn't show hand 
*** SUMMARY ***
Total pot $0.55 | Rake $0.02 
Board [Kd 4s 9c]
Seat 1: Born2Hustler (button) collected ($0.53)
Seat 2: Cristi/Arg (small blind) folded before Flop
Seat 3: Mahu2021 (big blind) folded on the Flop
Seat 4: mittl11 folded before Flop (didn't bet)
Seat 5: killerita67 folded before Flop (didn't bet)
Seat 6: iNteldrive folded before Flop (didn't bet)



PokerStars Zoom Hand #254717726275:  Hold'em No Limit ($0.05/$0.10) - 2025/02/05 13:44:42 CET [2025/02/05 7:44:42 ET]
Table 'Aludra' 6-max Seat #1 is the button
Seat 1: Mahu2021 ($8.88 in chips) 
Seat 2: putzkedudu ($13.82 in chips) 
Seat 3: MaeBolada ($11.89 in chips) 
Seat 4: iFold72o ($26.84 in chips) 
Seat 5: 50´s Ghost ($20.56 in chips) 
Seat 6: KoreanHippo ($18 in chips) 
putzkedudu: posts small blind $0.05
MaeBolada: posts big blind $0.10
*** HOLE CARDS ***
Dealt to Mahu2021 [9s Jc]
iFold72o: folds 
50´s Ghost: raises $0.15 to $0.25
KoreanHippo: folds 
Mahu2021: folds 
putzkedudu: folds 
MaeBolada: folds 
Uncalled bet ($0.15) returned to 50´s Ghost
50´s Ghost collected $0.25 from pot
50´s Ghost: doesn't show hand 
*** SUMMARY ***
Total pot $0.25 | Rake $0 
Seat 1: Mahu2021 (button) folded before Flop (didn't bet)
Seat 2: putzkedudu (small blind) folded before Flop
Seat 3: MaeBolada (big blind) folded before Flop
Seat 4: iFold72o folded before Flop (didn't bet)
Seat 5: 50´s Ghost collected ($0.25)
Seat 6: KoreanHippo folded before Flop (didn't bet)



PokerStars Zoom Hand #254717727036:  Hold'em No Limit ($0.05/$0.10) - 2025/02/05 13:44:47 CET [2025/02/05 7:44:47 ET]
Table 'Aludra' 6-max Seat #1 is the button
Seat 1: SynieZz ($10.88 in chips) 
Seat 2: IVERNMAN ($10.42 in chips) 
Seat 3: todd17800 ($43.64 in chips) 
Seat 4: Mahu2021 ($8.88 in chips) 
Seat 5: KoreanHippo ($18 in chips) 
Seat 6: Windows 21xp ($19.67 in chips) 
IVERNMAN: posts small blind $0.05
todd17800: posts big blind $0.10
*** HOLE CARDS ***
Dealt to Mahu2021 [Qd 3c]
Mahu2021: folds 
KoreanHippo: folds 
Windows 21xp: folds 
SynieZz: folds 
IVERNMAN: folds 
Uncalled bet ($0.05) returned to todd17800
todd17800 collected $0.10 from pot
todd17800: doesn't show hand 
*** SUMMARY ***
Total pot $0.10 | Rake $0 
Seat 1: SynieZz (button) folded before Flop (didn't bet)
Seat 2: IVERNMAN (small blind) folded before Flop
Seat 3: todd17800 (big blind) collected ($0.10)
Seat 4: Mahu2021 folded before Flop (didn't bet)
Seat 5: KoreanHippo folded before Flop (didn't bet)
Seat 6: Windows 21xp folded before Flop (didn't bet)



PokerStars Zoom Hand #254717728746:  Hold'em No Limit ($0.05/$0.10) - 2025/02/05 13:44:58 CET [2025/02/05 7:44:58 ET]
Table 'Aludra' 6-max Seat #1 is the button
Seat 1: suikaa ($10.95 in chips) 
Seat 2: MaeBolada ($11.79 in chips) 
Seat 3: pougia777 ($12.27 in chips) 
Seat 4: killerita67 ($10.83 in chips) 
Seat 5: Kac4kac ($13.24 in chips) 
Seat 6: Mahu2021 ($8.83 in chips) 
MaeBolada: posts small blind $0.05
pougia777: posts big blind $0.10
*** HOLE CARDS ***
Dealt to Mahu2021 [5s 6h]
killerita67: raises $0.10 to $0.20
Kac4kac: folds 
Mahu2021: folds 
suikaa: folds 
MaeBolada: folds 
pougia777: folds 
Uncalled bet ($0.10) returned to killerita67
killerita67 collected $0.25 from pot
killerita67: doesn't show hand 
*** SUMMARY ***
Total pot $0.25 | Rake $0 
Seat 1: suikaa (button) folded before Flop (didn't bet)
Seat 2: MaeBolada (small blind) folded before Flop
Seat 3: pougia777 (big blind) folded before Flop
Seat 4: killerita67 collected ($0.25)
Seat 5: Kac4kac folded before Flop (didn't bet)
Seat 6: Mahu2021 folded before Flop (didn't bet)



PokerStars Zoom Hand #254717727790:  Hold'em No Limit ($0.05/$0.10) - 2025/02/05 13:44:52 CET [2025/02/05 7:44:52 ET]
Table 'Aludra' 6-max Seat #1 is the button
Seat 1: PiekAss4711 ($12.29 in chips) 
Seat 2: Mahu2021 ($8.88 in chips) 
Seat 3: Baratrum777 ($10 in chips) 
Seat 4: LevA1989 ($12.54 in chips) 
Seat 5: Windows 21xp ($19.67 in chips) 
Seat 6: miu_0716 ($10.69 in chips) 
Mahu2021: posts small blind $0.05
Baratrum777: posts big blind $0.10
*** HOLE CARDS ***
Dealt to Mahu2021 [4s 9h]
LevA1989: folds 
Windows 21xp: raises $0.15 to $0.25
miu_0716: folds 
PiekAss4711: folds 
Mahu2021: folds 
Baratrum777: folds 
Uncalled bet ($0.15) returned to Windows 21xp
Windows 21xp collected $0.25 from pot
Windows 21xp: doesn't show hand 
*** SUMMARY ***
Total pot $0.25 | Rake $0 
Seat 1: PiekAss4711 (button) folded before Flop (didn't bet)
Seat 2: Mahu2021 (small blind) folded before Flop
Seat 3: Baratrum777 (big blind) folded before Flop
Seat 4: LevA1989 folded before Flop (didn't bet)
Seat 5: Windows 21xp collected ($0.25)
Seat 6: miu_0716 folded before Flop (didn't bet)



PokerStars Zoom Hand #254717728311:  Hold'em No Limit ($0.05/$0.10) - 2025/02/05 13:44:55 CET [2025/02/05 7:44:55 ET]
Table 'Aludra' 6-max Seat #1 is the button
Seat 1: iFold72o ($17.10 in chips) 
Seat 2: Loewenher189 ($5.15 in chips) 
Seat 3: trikjy ($10.15 in chips) 
Seat 4: 50´s Ghost ($20.71 in chips) 
Seat 5: Mahu2021 ($8.83 in chips) 
Seat 6: todd17800 ($13.84 in chips) 
Loewenher189: posts small blind $0.05
trikjy: posts big blind $0.10
*** HOLE CARDS ***
Dealt to Mahu2021 [9d 4s]
50´s Ghost: folds 
Mahu2021: folds 
todd17800: folds 
iFold72o: folds 
Loewenher189: calls $0.05
trikjy: raises $0.15 to $0.25
Loewenher189: calls $0.15
*** FLOP *** [8d 8h Jh]
Loewenher189: checks 
trikjy: checks 
*** TURN *** [8d 8h Jh] [5s]
Loewenher189: checks 
trikjy: bets $0.32
Loewenher189: calls $0.32
*** RIVER *** [8d 8h Jh 5s] [Qs]
Loewenher189: bets $0.55
trikjy: calls $0.55
*** SHOW DOWN ***
Loewenher189: shows [Td Qh] (two pair, Queens and Eights)
trikjy: shows [As Ac] (two pair, Aces and Eights)
trikjy collected $2.14 from pot
*** SUMMARY ***
Total pot $2.24 | Rake $0.10 
Board [8d 8h Jh 5s Qs]
Seat 1: iFold72o (button) folded before Flop (didn't bet)
Seat 2: Loewenher189 (small blind) showed [Td Qh] and lost with two pair, Queens and Eights
Seat 3: trikjy (big blind) showed [As Ac] and won ($2.14) with two pair, Aces and Eights
Seat 4: 50´s Ghost folded before Flop (didn't bet)
Seat 5: Mahu2021 folded before Flop (didn't bet)
Seat 6: todd17800 folded before Flop (didn't bet)



PokerStars Zoom Hand #254717729303:  Hold'em No Limit ($0.05/$0.10) - 2025/02/05 13:45:02 CET [2025/02/05 7:45:02 ET]
Table 'Aludra' 6-max Seat #1 is the button
Seat 1: Mahu2021 ($8.83 in chips) 
Seat 2: SynieZz ($10.81 in chips) 
Seat 3: trikjy ($13.54 in chips) 
Seat 4: todd17800 ($13.84 in chips) 
Seat 5: putzkedudu ($14.92 in chips) 
Seat 6: Sorlys ($6.19 in chips) 
SynieZz: posts small blind $0.05
trikjy: posts big blind $0.10
*** HOLE CARDS ***
Dealt to Mahu2021 [6s Jc]
todd17800: folds 
putzkedudu: folds 
Sorlys: folds 
Mahu2021: folds 
SynieZz: raises $0.20 to $0.30
trikjy: calls $0.20
*** FLOP *** [Ts 4h 3h]
SynieZz: checks 
trikjy: bets $0.38
SynieZz: folds 
Uncalled bet ($0.38) returned to trikjy
trikjy collected $0.57 from pot
trikjy: doesn't show hand 
*** SUMMARY ***
Total pot $0.60 | Rake $0.03 
Board [Ts 4h 3h]
Seat 1: Mahu2021 (button) folded before Flop (didn't bet)
Seat 2: SynieZz (small blind) folded on the Flop
Seat 3: trikjy (big blind) collected ($0.57)
Seat 4: todd17800 folded before Flop (didn't bet)
Seat 5: putzkedudu folded before Flop (didn't bet)
Seat 6: Sorlys folded before Flop (didn't bet)



PokerStars Zoom Hand #254717730929:  Hold'em No Limit ($0.05/$0.10) - 2025/02/05 13:45:13 CET [2025/02/05 7:45:13 ET]
Table 'Aludra' 6-max Seat #1 is the button
Seat 1: iFold72o ($17 in chips) 
Seat 2: ppbbrat ($3.50 in chips) 
Seat 3: Mahu2021 ($8.83 in chips) 
Seat 4: iNteldrive ($11.56 in chips) 
Seat 5: "QOTILL" ($12.92 in chips) 
Seat 6: iceballantyne ($18.43 in chips) 
ppbbrat: posts small blind $0.05
Mahu2021: posts big blind $0.10
*** HOLE CARDS ***
Dealt to Mahu2021 [Jc Tc]
iNteldrive: raises $0.10 to $0.20
"QOTILL": folds 
iceballantyne: folds 
iFold72o: folds 
ppbbrat: folds 
Mahu2021: calls $0.10
*** FLOP *** [9s Jd Qc]
Mahu2021: checks 
iNteldrive: checks 
*** TURN *** [9s Jd Qc] [8s]
Mahu2021: checks 
iNteldrive: checks 
*** RIVER *** [9s Jd Qc 8s] [Qs]
Mahu2021: bets $1
iNteldrive: folds 
Uncalled bet ($1) returned to Mahu2021
Mahu2021 collected $0.43 from pot
Mahu2021: doesn't show hand 
*** SUMMARY ***
Total pot $0.45 | Rake $0.02 
Board [9s Jd Qc 8s Qs]
Seat 1: iFold72o (button) folded before Flop (didn't bet)
Seat 2: ppbbrat (small blind) folded before Flop
Seat 3: Mahu2021 (big blind) collected ($0.43)
Seat 4: iNteldrive folded on the River
Seat 5: "QOTILL" folded before Flop (didn't bet)
Seat 6: iceballantyne folded before Flop (didn't bet)



PokerStars Zoom Hand #254717722048:  Hold'em No Limit ($0.05/$0.10) - 2025/02/05 13:44:12 CET [2025/02/05 7:44:12 ET]
Table 'Aludra' 6-max Seat #1 is the button
Seat 1: Bowlestown ($10 in chips) 
Seat 2: SynieZz ($11.88 in chips) 
Seat 3: Cristi/Arg ($20.55 in chips) 
Seat 4: Mahu2021 ($9.13 in chips) 
Seat 5: schinkel1 ($12.61 in chips) 
Seat 6: 50´s Ghost ($19.71 in chips) 
SynieZz: posts small blind $0.05
Cristi/Arg: posts big blind $0.10
*** HOLE CARDS ***
Dealt to Mahu2021 [6c Kd]
Mahu2021: folds 
schinkel1: raises $0.10 to $0.20
50´s Ghost: folds 
Bowlestown: folds 
SynieZz: calls $0.15
Cristi/Arg: folds 
*** FLOP *** [3s 2c 3c]
SynieZz: checks 
schinkel1: bets $0.24
SynieZz: calls $0.24
*** TURN *** [3s 2c 3c] [Jh]
SynieZz: checks 
schinkel1: bets $0.37
SynieZz: calls $0.37
*** RIVER *** [3s 2c 3c Jh] [8c]
SynieZz: checks 
schinkel1: checks 
*** SHOW DOWN ***
SynieZz: shows [7c 7s] (two pair, Sevens and Threes)
schinkel1: mucks hand 
SynieZz collected $1.64 from pot
*** SUMMARY ***
Total pot $1.72 | Rake $0.08 
Board [3s 2c 3c Jh 8c]
Seat 1: Bowlestown (button) folded before Flop (didn't bet)
Seat 2: SynieZz (small blind) showed [7c 7s] and won ($1.64) with two pair, Sevens and Threes
Seat 3: Cristi/Arg (big blind) folded before Flop
Seat 4: Mahu2021 folded before Flop (didn't bet)
Seat 5: schinkel1 mucked [4s 4c]
Seat 6: 50´s Ghost folded before Flop (didn't bet)



PokerStars Zoom Hand #254717730082:  Hold'em No Limit ($0.05/$0.10) - 2025/02/05 13:45:07 CET [2025/02/05 7:45:07 ET]
Table 'Aludra' 6-max Seat #1 is the button
Seat 1: sho0506 ($13.34 in chips) 
Seat 2: LevA1989 ($16 in chips) 
Seat 3: AlvinoD ($31.93 in chips) 
Seat 4: KoreanHippo ($17.90 in chips) 
Seat 5: Mahu2021 ($8.83 in chips) 
Seat 6: Bowlestown ($12.66 in chips) 
LevA1989: posts small blind $0.05
AlvinoD: posts big blind $0.10
*** HOLE CARDS ***
Dealt to Mahu2021 [3c 6d]
KoreanHippo: raises $0.15 to $0.25
Mahu2021: folds 
Bowlestown: folds 
sho0506: folds 
LevA1989: calls $0.20
AlvinoD: folds 
*** FLOP *** [7s 2h 7c]
LevA1989: checks 
KoreanHippo: bets $0.19
LevA1989: calls $0.19
*** TURN *** [7s 2h 7c] [Js]
LevA1989: checks 
KoreanHippo: bets $0.47
LevA1989: folds 
Uncalled bet ($0.47) returned to KoreanHippo
KoreanHippo collected $0.94 from pot
KoreanHippo: doesn't show hand 
*** SUMMARY ***
Total pot $0.98 | Rake $0.04 
Board [7s 2h 7c Js]
Seat 1: sho0506 (button) folded before Flop (didn't bet)
Seat 2: LevA1989 (small blind) folded on the Turn
Seat 3: AlvinoD (big blind) folded before Flop
Seat 4: KoreanHippo collected ($0.94)
Seat 5: Mahu2021 folded before Flop (didn't bet)
Seat 6: Bowlestown folded before Flop (didn't bet)



PokerStars Zoom Hand #254717736436:  Hold'em No Limit ($0.05/$0.10) - 2025/02/05 13:45:50 CET [2025/02/05 7:45:50 ET]
Table 'Aludra' 6-max Seat #1 is the button
Seat 1: UNKNOWN_x_13 ($4.31 in chips) 
Seat 2: Bowlestown ($12.31 in chips) 
Seat 3: sbela23 ($11.54 in chips) 
Seat 4: Mahu2021 ($9.01 in chips) 
Seat 5: putzkedudu ($11.38 in chips) 
Seat 6: rk_ito7 ($12.38 in chips) 
Bowlestown: posts small blind $0.05
sbela23: posts big blind $0.10
*** HOLE CARDS ***
Dealt to Mahu2021 [Jd 6c]
Mahu2021: folds 
putzkedudu: folds 
rk_ito7: folds 
UNKNOWN_x_13: folds 
Bowlestown: folds 
Uncalled bet ($0.05) returned to sbela23
sbela23 collected $0.10 from pot
sbela23: doesn't show hand 
*** SUMMARY ***
Total pot $0.10 | Rake $0 
Seat 1: UNKNOWN_x_13 (button) folded before Flop (didn't bet)
Seat 2: Bowlestown (small blind) folded before Flop
Seat 3: sbela23 (big blind) collected ($0.10)
Seat 4: Mahu2021 folded before Flop (didn't bet)
Seat 5: putzkedudu folded before Flop (didn't bet)
Seat 6: rk_ito7 folded before Flop (didn't bet)



PokerStars Zoom Hand #254717734356:  Hold'em No Limit ($0.05/$0.10) - 2025/02/05 13:45:36 CET [2025/02/05 7:45:36 ET]
Table 'Aludra' 6-max Seat #1 is the button
Seat 1: SynieZz ($10.21 in chips) 
Seat 2: fundave88 ($20.62 in chips) 
Seat 3: Tarancher ($7.13 in chips) 
Seat 4: rk_ito7 ($12.43 in chips) 
Seat 5: tojo201 ($6.38 in chips) 
Seat 6: Mahu2021 ($9.06 in chips) 
fundave88: posts small blind $0.05
Tarancher: posts big blind $0.10
*** HOLE CARDS ***
Dealt to Mahu2021 [4d 7h]
rk_ito7: folds 
tojo201: folds 
Mahu2021: folds 
SynieZz: raises $0.10 to $0.20
fundave88: folds 
Tarancher: calls $0.10
*** FLOP *** [3h 8s Kh]
Tarancher: checks 
SynieZz: bets $0.22
Tarancher: calls $0.22
*** TURN *** [3h 8s Kh] [8h]
Tarancher: checks 
SynieZz: checks 
*** RIVER *** [3h 8s Kh 8h] [Jh]
Tarancher: bets $0.20
SynieZz: calls $0.20
*** SHOW DOWN ***
Tarancher: shows [2h 3s] (a flush, King high)
SynieZz: mucks hand 
Tarancher collected $1.23 from pot
*** SUMMARY ***
Total pot $1.29 | Rake $0.06 
Board [3h 8s Kh 8h Jh]
Seat 1: SynieZz (button) mucked [Td Kc]
Seat 2: fundave88 (small blind) folded before Flop
Seat 3: Tarancher (big blind) showed [2h 3s] and won ($1.23) with a flush, King high
Seat 4: rk_ito7 folded before Flop (didn't bet)
Seat 5: tojo201 folded before Flop (didn't bet)
Seat 6: Mahu2021 folded before Flop (didn't bet)



PokerStars Zoom Hand #254717734944:  Hold'em No Limit ($0.05/$0.10) - 2025/02/05 13:45:40 CET [2025/02/05 7:45:40 ET]
Table 'Aludra' 6-max Seat #1 is the button
Seat 1: miu_0716 ($10 in chips) 
Seat 2: Mahu2021 ($9.06 in chips) 
Seat 3: Baratrum777 ($10.40 in chips) 
Seat 4: Ruslik1974 ($11.72 in chips) 
Seat 5: 50´s Ghost ($19.91 in chips) 
Seat 6: tojo201 ($6.38 in chips) 
Mahu2021: posts small blind $0.05
Baratrum777: posts big blind $0.10
*** HOLE CARDS ***
Dealt to Mahu2021 [Td 8h]
Ruslik1974: raises $0.15 to $0.25
50´s Ghost: folds 
tojo201: folds 
miu_0716: raises $0.75 to $1
Mahu2021: folds 
Baratrum777: raises $1.30 to $2.30
Ruslik1974: folds 
miu_0716: folds 
Uncalled bet ($1.30) returned to Baratrum777
Baratrum777 collected $2.30 from pot
Baratrum777: doesn't show hand 
*** SUMMARY ***
Total pot $2.30 | Rake $0 
Seat 1: miu_0716 (button) folded before Flop
Seat 2: Mahu2021 (small blind) folded before Flop
Seat 3: Baratrum777 (big blind) collected ($2.30)
Seat 4: Ruslik1974 folded before Flop
Seat 5: 50´s Ghost folded before Flop (didn't bet)
Seat 6: tojo201 folded before Flop (didn't bet)



PokerStars Zoom Hand #254717737509:  Hold'em No Limit ($0.05/$0.10) - 2025/02/05 13:45:57 CET [2025/02/05 7:45:57 ET]
Table 'Aludra' 6-max Seat #1 is the button
Seat 1: Mahu2021 ($9.01 in chips) 
Seat 2: humo97 ($14.50 in chips) 
Seat 3: 50´s Ghost ($19.91 in chips) 
Seat 4: sho0506 ($12.13 in chips) 
Seat 5: UNKNOWN_x_13 ($5 in chips) 
Seat 6: AlvinoD ($15.80 in chips) 
humo97: posts small blind $0.05
50´s Ghost: posts big blind $0.10
*** HOLE CARDS ***
Dealt to Mahu2021 [5d Qh]
sho0506: raises $0.10 to $0.20
UNKNOWN_x_13: folds 
AlvinoD: folds 
Mahu2021: folds 
humo97: calls $0.15
50´s Ghost: folds 
*** FLOP *** [Kd 4c Jd]
humo97: checks 
sho0506: checks 
*** TURN *** [Kd 4c Jd] [4s]
humo97: bets $0.38
sho0506: folds 
Uncalled bet ($0.38) returned to humo97
humo97 collected $0.48 from pot
humo97: doesn't show hand 
*** SUMMARY ***
Total pot $0.50 | Rake $0.02 
Board [Kd 4c Jd 4s]
Seat 1: Mahu2021 (button) folded before Flop (didn't bet)
Seat 2: humo97 (small blind) collected ($0.48)
Seat 3: 50´s Ghost (big blind) folded before Flop
Seat 4: sho0506 folded on the Turn
Seat 5: UNKNOWN_x_13 folded before Flop (didn't bet)
Seat 6: AlvinoD folded before Flop (didn't bet)



PokerStars Zoom Hand #254717736896:  Hold'em No Limit ($0.05/$0.10) - 2025/02/05 13:45:53 CET [2025/02/05 7:45:53 ET]
Table 'Aludra' 6-max Seat #1 is the button
Seat 1: rk_ito7 ($12.38 in chips) 
Seat 2: Roma88K ($5.67 in chips) 
Seat 3: abcpoiloo ($16.84 in chips) 
Seat 4: Mahu2021 ($9.01 in chips) 
Seat 5: IVERNMAN ($10.77 in chips) 
Seat 6: sho0506 ($12.13 in chips) 
Roma88K: posts small blind $0.05
abcpoiloo: posts big blind $0.10
*** HOLE CARDS ***
Dealt to Mahu2021 [Ah 8d]
Mahu2021: folds 
IVERNMAN: raises $0.10 to $0.20
sho0506: folds 
rk_ito7: folds 
Roma88K: calls $0.15
abcpoiloo: folds 
*** FLOP *** [9s 3s 8c]
Roma88K: checks 
IVERNMAN: checks 
*** TURN *** [9s 3s 8c] [8s]
Roma88K: checks 
IVERNMAN: bets $0.16
Roma88K: calls $0.16
*** RIVER *** [9s 3s 8c 8s] [4s]
Roma88K: checks 
IVERNMAN: checks 
*** SHOW DOWN ***
Roma88K: shows [6s Ac] (a flush, Nine high)
IVERNMAN: mucks hand 
Roma88K collected $0.78 from pot
*** SUMMARY ***
Total pot $0.82 | Rake $0.04 
Board [9s 3s 8c 8s 4s]
Seat 1: rk_ito7 (button) folded before Flop (didn't bet)
Seat 2: Roma88K (small blind) showed [6s Ac] and won ($0.78) with a flush, Nine high
Seat 3: abcpoiloo (big blind) folded before Flop
Seat 4: Mahu2021 folded before Flop (didn't bet)
Seat 5: IVERNMAN mucked [Kh Ad]
Seat 6: sho0506 folded before Flop (didn't bet)



PokerStars Zoom Hand #254717744768:  Hold'em No Limit ($0.05/$0.10) - 2025/02/05 13:46:45 CET [2025/02/05 7:46:45 ET]
Table 'Aludra' 6-max Seat #1 is the button
Seat 1: Kashtanello ($10 in chips) 
Seat 2: Petresa ($11.42 in chips) 
Seat 3: mrbombpot ($20.81 in chips) 
Seat 4: miu_0716 ($10.10 in chips) 
Seat 5: iFold72o ($26.24 in chips) 
Seat 6: Mahu2021 ($8.71 in chips) 
Petresa: posts small blind $0.05
mrbombpot: posts big blind $0.10
*** HOLE CARDS ***
Dealt to Mahu2021 [Ah Ts]
miu_0716: folds 
iFold72o: folds 
Mahu2021: raises $0.20 to $0.30
Kashtanello: folds 
Petresa: folds 
mrbombpot: folds 
Uncalled bet ($0.20) returned to Mahu2021
Mahu2021 collected $0.25 from pot
Mahu2021: doesn't show hand 
*** SUMMARY ***
Total pot $0.25 | Rake $0 
Seat 1: Kashtanello (button) folded before Flop (didn't bet)
Seat 2: Petresa (small blind) folded before Flop
Seat 3: mrbombpot (big blind) folded before Flop
Seat 4: miu_0716 folded before Flop (didn't bet)
Seat 5: iFold72o folded before Flop (didn't bet)
Seat 6: Mahu2021 collected ($0.25)



PokerStars Zoom Hand #254717737971:  Hold'em No Limit ($0.05/$0.10) - 2025/02/05 13:46:00 CET [2025/02/05 7:46:00 ET]
Table 'Aludra' 6-max Seat #1 is the button
Seat 1: Petresa ($11.29 in chips) 
Seat 2: Cristi/Arg ($20.98 in chips) 
Seat 3: Mahu2021 ($9.01 in chips) 
Seat 4: swalley9999 ($13.22 in chips) 
Seat 5: Bowlestown ($12.26 in chips) 
Seat 6: Currivilla ($5.49 in chips) 
Cristi/Arg: posts small blind $0.05
Mahu2021: posts big blind $0.10
*** HOLE CARDS ***
Dealt to Mahu2021 [7d 7s]
swalley9999: folds 
Bowlestown: raises $0.15 to $0.25
Currivilla: calls $0.25
Petresa: folds 
Cristi/Arg: folds 
Mahu2021: calls $0.15
*** FLOP *** [8h 2h 8d]
Mahu2021: checks 
Bowlestown: checks 
Currivilla: checks 
*** TURN *** [8h 2h 8d] [Ac]
Mahu2021: checks 
Bowlestown: checks 
Currivilla: bets $0.38
Mahu2021: folds 
Bowlestown: calls $0.38
*** RIVER *** [8h 2h 8d Ac] [9c]
Bowlestown: checks 
Currivilla: bets $2
Bowlestown: folds 
Uncalled bet ($2) returned to Currivilla
Currivilla collected $1.49 from pot
Currivilla: doesn't show hand 
*** SUMMARY ***
Total pot $1.56 | Rake $0.07 
Board [8h 2h 8d Ac 9c]
Seat 1: Petresa (button) folded before Flop (didn't bet)
Seat 2: Cristi/Arg (small blind) folded before Flop
Seat 3: Mahu2021 (big blind) folded on the Turn
Seat 4: swalley9999 folded before Flop (didn't bet)
Seat 5: Bowlestown folded on the River
Seat 6: Currivilla collected ($1.49)



PokerStars Zoom Hand #254717747410:  Hold'em No Limit ($0.05/$0.10) - 2025/02/05 13:47:02 CET [2025/02/05 7:47:02 ET]
Table 'Aludra' 6-max Seat #1 is the button
Seat 1: Bowlestown ($10.68 in chips) 
Seat 2: joorup ($10.30 in chips) 
Seat 3: IVERNMAN ($10.41 in chips) 
Seat 4: schinkel1 ($4.72 in chips) 
Seat 5: Mahu2021 ($8.86 in chips) 
Seat 6: Windows 21xp ($10.05 in chips) 
joorup: posts small blind $0.05
IVERNMAN: posts big blind $0.10
*** HOLE CARDS ***
Dealt to Mahu2021 [9s 3h]
schinkel1: folds 
Mahu2021: folds 
Windows 21xp: folds 
Bowlestown: folds 
joorup: folds 
Uncalled bet ($0.05) returned to IVERNMAN
IVERNMAN collected $0.10 from pot
IVERNMAN: doesn't show hand 
*** SUMMARY ***
Total pot $0.10 | Rake $0 
Seat 1: Bowlestown (button) folded before Flop (didn't bet)
Seat 2: joorup (small blind) folded before Flop
Seat 3: IVERNMAN (big blind) collected ($0.10)
Seat 4: schinkel1 folded before Flop (didn't bet)
Seat 5: Mahu2021 folded before Flop (didn't bet)
Seat 6: Windows 21xp folded before Flop (didn't bet)



PokerStars Zoom Hand #254717743875:  Hold'em No Limit ($0.05/$0.10) - 2025/02/05 13:46:39 CET [2025/02/05 7:46:39 ET]
Table 'Aludra' 6-max Seat #1 is the button
Seat 1: schinkel1 ($10.80 in chips) 
Seat 2: Mahu2021 ($8.76 in chips) 
Seat 3: sinister_mogi ($10 in chips) 
Seat 4: AlvinoD ($15.90 in chips) 
Seat 5: Ruslik1974 ($12.54 in chips) 
Seat 6: 50´s Ghost ($19.76 in chips) 
Mahu2021: posts small blind $0.05
sinister_mogi: posts big blind $0.10
*** HOLE CARDS ***
Dealt to Mahu2021 [Jh 9c]
AlvinoD: folds 
Ruslik1974: raises $0.15 to $0.25
50´s Ghost: folds 
schinkel1: folds 
Mahu2021: folds 
sinister_mogi: raises $0.15 to $0.40
Ruslik1974: raises $1 to $1.40
sinister_mogi: calls $1
*** FLOP *** [7s 9h Kc]
sinister_mogi: bets $1.70
Ruslik1974: calls $1.70
*** TURN *** [7s 9h Kc] [4s]
sinister_mogi: checks 
Ruslik1974: bets $2.99
sinister_mogi: folds 
Uncalled bet ($2.99) returned to Ruslik1974
Ruslik1974 collected $5.97 from pot
Ruslik1974: doesn't show hand 
*** SUMMARY ***
Total pot $6.25 | Rake $0.28 
Board [7s 9h Kc 4s]
Seat 1: schinkel1 (button) folded before Flop (didn't bet)
Seat 2: Mahu2021 (small blind) folded before Flop
Seat 3: sinister_mogi (big blind) folded on the Turn
Seat 4: AlvinoD folded before Flop (didn't bet)
Seat 5: Ruslik1974 collected ($5.97)
Seat 6: 50´s Ghost folded before Flop (didn't bet)



PokerStars Zoom Hand #254717748156:  Hold'em No Limit ($0.05/$0.10) - 2025/02/05 13:47:07 CET [2025/02/05 7:47:07 ET]
Table 'Aludra' 6-max Seat #1 is the button
Seat 1: sbela23 ($16.13 in chips) 
Seat 2: schinkel1 ($4.72 in chips) 
Seat 3: KoreanHippo ($16.52 in chips) 
Seat 4: Mahu2021 ($8.86 in chips) 
Seat 5: IVERNMAN ($10.15 in chips) 
Seat 6: suikaa ($10.53 in chips) 
schinkel1: posts small blind $0.05
KoreanHippo: posts big blind $0.10
*** HOLE CARDS ***
Dealt to Mahu2021 [9d 6c]
Mahu2021: folds 
IVERNMAN: raises $0.10 to $0.20
suikaa: folds 
sbela23: folds 
schinkel1: folds 
KoreanHippo: folds 
Uncalled bet ($0.10) returned to IVERNMAN
IVERNMAN collected $0.25 from pot
IVERNMAN: doesn't show hand 
*** SUMMARY ***
Total pot $0.25 | Rake $0 
Seat 1: sbela23 (button) folded before Flop (didn't bet)
Seat 2: schinkel1 (small blind) folded before Flop
Seat 3: KoreanHippo (big blind) folded before Flop
Seat 4: Mahu2021 folded before Flop (didn't bet)
Seat 5: IVERNMAN collected ($0.25)
Seat 6: suikaa folded before Flop (didn't bet)



PokerStars Zoom Hand #254717750734:  Hold'em No Limit ($0.05/$0.10) - 2025/02/05 13:47:24 CET [2025/02/05 7:47:24 ET]
Table 'Aludra' 6-max Seat #1 is the button
Seat 1: Mahu2021 ($8.81 in chips) 
Seat 2: putzkedudu ($14.83 in chips) 
Seat 3: Ruslik1974 ($15.41 in chips) 
Seat 4: AlvinoD ($10 in chips) 
Seat 5: tal-kaj ($10 in chips) 
Seat 6: Kac4kac ($12.99 in chips) 
putzkedudu: posts small blind $0.05
Ruslik1974: posts big blind $0.10
*** HOLE CARDS ***
Dealt to Mahu2021 [Kd Ad]
AlvinoD: folds 
tal-kaj: folds 
Kac4kac: raises $0.10 to $0.20
Mahu2021: raises $0.60 to $0.80
putzkedudu: folds 
Ruslik1974: folds 
Kac4kac: folds 
Uncalled bet ($0.60) returned to Mahu2021
Mahu2021 collected $0.55 from pot
Mahu2021: doesn't show hand 
*** SUMMARY ***
Total pot $0.55 | Rake $0 
Seat 1: Mahu2021 (button) collected ($0.55)
Seat 2: putzkedudu (small blind) folded before Flop
Seat 3: Ruslik1974 (big blind) folded before Flop
Seat 4: AlvinoD folded before Flop (didn't bet)
Seat 5: tal-kaj folded before Flop (didn't bet)
Seat 6: Kac4kac folded before Flop



PokerStars Zoom Hand #254717749791:  Hold'em No Limit ($0.05/$0.10) - 2025/02/05 13:47:18 CET [2025/02/05 7:47:18 ET]
Table 'Aludra' 6-max Seat #1 is the button
Seat 1: suikaa ($13.55 in chips) 
Seat 2: Mahu2021 ($8.86 in chips) 
Seat 3: iFold72o ($10 in chips) 
Seat 4: humo97 ($14.63 in chips) 
Seat 5: ronny2106 ($13.79 in chips) 
Seat 6: schinkel1 ($4.67 in chips) 
Mahu2021: posts small blind $0.05
iFold72o: posts big blind $0.10
*** HOLE CARDS ***
Dealt to Mahu2021 [8c 5c]
humo97: raises $0.13 to $0.23
ronny2106: folds 
schinkel1: calls $0.23
suikaa: folds 
Mahu2021: folds 
iFold72o: folds 
*** FLOP *** [6c As 5s]
humo97: bets $0.19
schinkel1: calls $0.19
*** TURN *** [6c As 5s] [8h]
humo97: checks 
schinkel1: checks 
*** RIVER *** [6c As 5s 8h] [3d]
humo97: checks 
schinkel1: bets $0.48
humo97: folds 
Uncalled bet ($0.48) returned to schinkel1
schinkel1 collected $0.94 from pot
schinkel1: doesn't show hand 
*** SUMMARY ***
Total pot $0.99 | Rake $0.05 
Board [6c As 5s 8h 3d]
Seat 1: suikaa (button) folded before Flop (didn't bet)
Seat 2: Mahu2021 (small blind) folded before Flop
Seat 3: iFold72o (big blind) folded before Flop
Seat 4: humo97 folded on the River
Seat 5: ronny2106 folded before Flop (didn't bet)
Seat 6: schinkel1 collected ($0.94)



PokerStars Zoom Hand #254717755127:  Hold'em No Limit ($0.05/$0.10) - 2025/02/05 13:47:53 CET [2025/02/05 7:47:53 ET]
Table 'Aludra' 6-max Seat #1 is the button
Seat 1: Tarancher ($7.68 in chips) 
Seat 2: IVERNMAN ($19.29 in chips) 
Seat 3: Sorlys ($1.91 in chips) 
Seat 4: iceballantyne ($12.10 in chips) 
Seat 5: Shark5Omaha ($8.39 in chips) 
Seat 6: Mahu2021 ($9.16 in chips) 
IVERNMAN: posts small blind $0.05
Sorlys: posts big blind $0.10
*** HOLE CARDS ***
Dealt to Mahu2021 [Tc Jc]
iceballantyne: folds 
Shark5Omaha: folds 
Mahu2021: raises $0.14 to $0.24
Tarancher: folds 
IVERNMAN: folds 
Sorlys: folds 
Uncalled bet ($0.14) returned to Mahu2021
Mahu2021 collected $0.25 from pot
Mahu2021: doesn't show hand 
*** SUMMARY ***
Total pot $0.25 | Rake $0 
Seat 1: Tarancher (button) folded before Flop (didn't bet)
Seat 2: IVERNMAN (small blind) folded before Flop
Seat 3: Sorlys (big blind) folded before Flop
Seat 4: iceballantyne folded before Flop (didn't bet)
Seat 5: Shark5Omaha folded before Flop (didn't bet)
Seat 6: Mahu2021 collected ($0.25)



PokerStars Zoom Hand #254717757634:  Hold'em No Limit ($0.05/$0.10) - 2025/02/05 13:48:10 CET [2025/02/05 7:48:10 ET]
Table 'Aludra' 6-max Seat #1 is the button
Seat 1: sho0506 ($14.54 in chips) 
Seat 2: "QOTILL" ($11.28 in chips) 
Seat 3: Mahu2021 ($9.31 in chips) 
Seat 4: todd17800 ($57.34 in chips) 
Seat 5: miu_0716 ($11.37 in chips) 
Seat 6: MaeBolada ($13.95 in chips) 
"QOTILL": posts small blind $0.05
Mahu2021: posts big blind $0.10
*** HOLE CARDS ***
Dealt to Mahu2021 [Ts 5c]
todd17800: raises $0.10 to $0.20
miu_0716: folds 
MaeBolada: folds 
sho0506: folds 
"QOTILL": folds 
Mahu2021: folds 
Uncalled bet ($0.10) returned to todd17800
todd17800 collected $0.25 from pot
todd17800: doesn't show hand 
*** SUMMARY ***
Total pot $0.25 | Rake $0 
Seat 1: sho0506 (button) folded before Flop (didn't bet)
Seat 2: "QOTILL" (small blind) folded before Flop
Seat 3: Mahu2021 (big blind) folded before Flop
Seat 4: todd17800 collected ($0.25)
Seat 5: miu_0716 folded before Flop (didn't bet)
Seat 6: MaeBolada folded before Flop (didn't bet)



PokerStars Zoom Hand #254717759219:  Hold'em No Limit ($0.05/$0.10) - 2025/02/05 13:48:21 CET [2025/02/05 7:48:21 ET]
Table 'Aludra' 6-max Seat #1 is the button
Seat 1: Bowlestown ($10 in chips) 
Seat 2: pougia777 ($12.05 in chips) 
Seat 3: fundave88 ($20.47 in chips) 
Seat 4: sbela23 ($10.34 in chips) 
Seat 5: Mahu2021 ($9.21 in chips) 
Seat 6: LevA1989 ($17.37 in chips) 
pougia777: posts small blind $0.05
fundave88: posts big blind $0.10
*** HOLE CARDS ***
Dealt to Mahu2021 [7s 9s]
sbela23: folds 
Mahu2021: raises $0.14 to $0.24
LevA1989: folds 
Bowlestown: folds 
pougia777: folds 
fundave88: folds 
Uncalled bet ($0.14) returned to Mahu2021
Mahu2021 collected $0.25 from pot
Mahu2021: doesn't show hand 
*** SUMMARY ***
Total pot $0.25 | Rake $0 
Seat 1: Bowlestown (button) folded before Flop (didn't bet)
Seat 2: pougia777 (small blind) folded before Flop
Seat 3: fundave88 (big blind) folded before Flop
Seat 4: sbela23 folded before Flop (didn't bet)
Seat 5: Mahu2021 collected ($0.25)
Seat 6: LevA1989 folded before Flop (didn't bet)



PokerStars Zoom Hand #254717758795:  Hold'em No Limit ($0.05/$0.10) - 2025/02/05 13:48:18 CET [2025/02/05 7:48:18 ET]
Table 'Aludra' 6-max Seat #1 is the button
Seat 1: felipepassos1 ($19.41 in chips) 
Seat 2: ergooss ($19.02 in chips) 
Seat 3: Chun221 ($10 in chips) 
Seat 4: Mahu2021 ($9.21 in chips) 
Seat 5: AlvinoD ($12.68 in chips) 
Seat 6: Cristi/Arg ($10.43 in chips) 
ergooss: posts small blind $0.05
Chun221: posts big blind $0.10
*** HOLE CARDS ***
Dealt to Mahu2021 [8d 6c]
Mahu2021: folds 
AlvinoD: raises $0.12 to $0.22
Cristi/Arg: folds 
felipepassos1: raises $0.58 to $0.80
ergooss: folds 
Chun221: folds 
AlvinoD: folds 
Uncalled bet ($0.58) returned to felipepassos1
felipepassos1 collected $0.59 from pot
felipepassos1: doesn't show hand 
*** SUMMARY ***
Total pot $0.59 | Rake $0 
Seat 1: felipepassos1 (button) collected ($0.59)
Seat 2: ergooss (small blind) folded before Flop
Seat 3: Chun221 (big blind) folded before Flop
Seat 4: Mahu2021 folded before Flop (didn't bet)
Seat 5: AlvinoD folded before Flop
Seat 6: Cristi/Arg folded before Flop (didn't bet)



PokerStars Zoom Hand #254717758239:  Hold'em No Limit ($0.05/$0.10) - 2025/02/05 13:48:14 CET [2025/02/05 7:48:14 ET]
Table 'Aludra' 6-max Seat #1 is the button
Seat 1: LevA1989 ($17.37 in chips) 
Seat 2: felipepassos1 ($19.46 in chips) 
Seat 3: "QOTILL" ($11.23 in chips) 
Seat 4: iFold72o ($10 in chips) 
Seat 5: Mahu2021 ($9.21 in chips) 
Seat 6: novak77777 ($6.18 in chips) 
felipepassos1: posts small blind $0.05
"QOTILL": posts big blind $0.10
*** HOLE CARDS ***
Dealt to Mahu2021 [6s 8d]
iFold72o: folds 
Mahu2021: folds 
novak77777: calls $0.10
LevA1989: folds 
felipepassos1: folds 
"QOTILL": checks 
*** FLOP *** [5c Qh 2h]
"QOTILL": checks 
novak77777: checks 
*** TURN *** [5c Qh 2h] [Kh]
"QOTILL": checks 
novak77777: bets $0.12
"QOTILL": folds 
Uncalled bet ($0.12) returned to novak77777
novak77777 collected $0.24 from pot
novak77777: doesn't show hand 
*** SUMMARY ***
Total pot $0.25 | Rake $0.01 
Board [5c Qh 2h Kh]
Seat 1: LevA1989 (button) folded before Flop (didn't bet)
Seat 2: felipepassos1 (small blind) folded before Flop
Seat 3: "QOTILL" (big blind) folded on the Turn
Seat 4: iFold72o folded before Flop (didn't bet)
Seat 5: Mahu2021 folded before Flop (didn't bet)
Seat 6: novak77777 collected ($0.24)



PokerStars Zoom Hand #254717762505:  Hold'em No Limit ($0.05/$0.10) - 2025/02/05 13:48:43 CET [2025/02/05 7:48:43 ET]
Table 'Aludra' 6-max Seat #1 is the button
Seat 1: Shark5Omaha ($9.55 in chips) 
Seat 2: Bowlestown ($10.58 in chips) 
Seat 3: schinkel1 ($11.16 in chips) 
Seat 4: iFold72o ($25.44 in chips) 
Seat 5: Mahu2021 ($9.36 in chips) 
Seat 6: "QOTILL" ($11.99 in chips) 
Bowlestown: posts small blind $0.05
schinkel1: posts big blind $0.10
*** HOLE CARDS ***
Dealt to Mahu2021 [6h 2h]
iFold72o: folds 
Mahu2021: folds 
"QOTILL": folds 
Shark5Omaha: raises $0.15 to $0.25
Bowlestown: folds 
schinkel1: folds 
Uncalled bet ($0.15) returned to Shark5Omaha
Shark5Omaha collected $0.25 from pot
Shark5Omaha: doesn't show hand 
*** SUMMARY ***
Total pot $0.25 | Rake $0 
Seat 1: Shark5Omaha (button) collected ($0.25)
Seat 2: Bowlestown (small blind) folded before Flop
Seat 3: schinkel1 (big blind) folded before Flop
Seat 4: iFold72o folded before Flop (didn't bet)
Seat 5: Mahu2021 folded before Flop (didn't bet)
Seat 6: "QOTILL" folded before Flop (didn't bet)



PokerStars Zoom Hand #254717763283:  Hold'em No Limit ($0.05/$0.10) - 2025/02/05 13:48:48 CET [2025/02/05 7:48:48 ET]
Table 'Aludra' 6-max Seat #1 is the button
Seat 1: iceballantyne ($22.28 in chips) 
Seat 2: AlvinoD ($12.46 in chips) 
Seat 3: Mahu2021 ($9.36 in chips) 
Seat 4: Cristi/Arg ($21.71 in chips) 
Seat 5: suikaa ($10.48 in chips) 
Seat 6: Currivilla ($6.01 in chips) 
AlvinoD: posts small blind $0.05
Mahu2021: posts big blind $0.10
*** HOLE CARDS ***
Dealt to Mahu2021 [9c 4c]
Cristi/Arg: folds 
suikaa: folds 
Currivilla: folds 
iceballantyne: raises $0.15 to $0.25
AlvinoD: folds 
Mahu2021: folds 
Uncalled bet ($0.15) returned to iceballantyne
iceballantyne collected $0.25 from pot
iceballantyne: doesn't show hand 
*** SUMMARY ***
Total pot $0.25 | Rake $0 
Seat 1: iceballantyne (button) collected ($0.25)
Seat 2: AlvinoD (small blind) folded before Flop
Seat 3: Mahu2021 (big blind) folded before Flop
Seat 4: Cristi/Arg folded before Flop (didn't bet)
Seat 5: suikaa folded before Flop (didn't bet)
Seat 6: Currivilla folded before Flop (didn't bet)



PokerStars Zoom Hand #254717764723:  Hold'em No Limit ($0.05/$0.10) - 2025/02/05 13:48:58 CET [2025/02/05 7:48:58 ET]
Table 'Aludra' 6-max Seat #1 is the button
Seat 1: "QOTILL" ($11.94 in chips) 
Seat 2: Mahu2021 ($9.26 in chips) 
Seat 3: tal-kaj ($10.50 in chips) 
Seat 4: abcpoiloo ($22.08 in chips) 
Seat 5: sbela23 ($10.70 in chips) 
Seat 6: Bowlestown ($10.53 in chips) 
Mahu2021: posts small blind $0.05
tal-kaj: posts big blind $0.10
*** HOLE CARDS ***
Dealt to Mahu2021 [Ah 9s]
abcpoiloo: folds 
sbela23: folds 
Bowlestown: folds 
"QOTILL": folds 
Mahu2021: raises $0.20 to $0.30
tal-kaj: folds 
Uncalled bet ($0.20) returned to Mahu2021
Mahu2021 collected $0.20 from pot
Mahu2021: doesn't show hand 
*** SUMMARY ***
Total pot $0.20 | Rake $0 
Seat 1: "QOTILL" (button) folded before Flop (didn't bet)
Seat 2: Mahu2021 (small blind) collected ($0.20)
Seat 3: tal-kaj (big blind) folded before Flop
Seat 4: abcpoiloo folded before Flop (didn't bet)
Seat 5: sbela23 folded before Flop (didn't bet)
Seat 6: Bowlestown folded before Flop (didn't bet)



PokerStars Zoom Hand #254717766795:  Hold'em No Limit ($0.05/$0.10) - 2025/02/05 13:49:13 CET [2025/02/05 7:49:13 ET]
Table 'Aludra' 6-max Seat #1 is the button
Seat 1: Mahu2021 ($9.36 in chips) 
Seat 2: tal-kaj ($10.40 in chips) 
Seat 3: franz Z750 ($10 in chips) 
Seat 4: joorup ($10.03 in chips) 
Seat 5: suikaa ($10.33 in chips) 
Seat 6: iceballantyne ($22.38 in chips) 
tal-kaj: posts small blind $0.05
franz Z750: posts big blind $0.10
*** HOLE CARDS ***
Dealt to Mahu2021 [9c 7c]
joorup: folds 
suikaa: folds 
iceballantyne: folds 
Mahu2021: raises $0.20 to $0.30
tal-kaj: folds 
franz Z750: folds 
Uncalled bet ($0.20) returned to Mahu2021
Mahu2021 collected $0.25 from pot
Mahu2021: doesn't show hand 
*** SUMMARY ***
Total pot $0.25 | Rake $0 
Seat 1: Mahu2021 (button) collected ($0.25)
Seat 2: tal-kaj (small blind) folded before Flop
Seat 3: franz Z750 (big blind) folded before Flop
Seat 4: joorup folded before Flop (didn't bet)
Seat 5: suikaa folded before Flop (didn't bet)
Seat 6: iceballantyne folded before Flop (didn't bet)



PokerStars Zoom Hand #254717769828:  Hold'em No Limit ($0.05/$0.10) - 2025/02/05 13:49:34 CET [2025/02/05 7:49:34 ET]
Table 'Aludra' 6-max Seat #1 is the button
Seat 1: AlvinoD ($16 in chips) 
Seat 2: killerita67 ($11.64 in chips) 
Seat 3: kloniss ($12.75 in chips) 
Seat 4: humo97 ($13.91 in chips) 
Seat 5: miu_0716 ($10 in chips) 
Seat 6: Mahu2021 ($9.51 in chips) 
killerita67: posts small blind $0.05
kloniss: posts big blind $0.10
*** HOLE CARDS ***
Dealt to Mahu2021 [3c 6s]
humo97: folds 
miu_0716: folds 
Mahu2021: folds 
AlvinoD: folds 
killerita67: folds 
Uncalled bet ($0.05) returned to kloniss
kloniss collected $0.10 from pot
kloniss: doesn't show hand 
*** SUMMARY ***
Total pot $0.10 | Rake $0 
Seat 1: AlvinoD (button) folded before Flop (didn't bet)
Seat 2: killerita67 (small blind) folded before Flop
Seat 3: kloniss (big blind) collected ($0.10)
Seat 4: humo97 folded before Flop (didn't bet)
Seat 5: miu_0716 folded before Flop (didn't bet)
Seat 6: Mahu2021 folded before Flop (didn't bet)



PokerStars Zoom Hand #254717771029:  Hold'em No Limit ($0.05/$0.10) - 2025/02/05 13:49:42 CET [2025/02/05 7:49:42 ET]
Table 'Aludra' 6-max Seat #1 is the button
Seat 1: Mahu2021 ($9.51 in chips) 
Seat 2: 50´s Ghost ($17.29 in chips) 
Seat 3: Chun221 ($10 in chips) 
Seat 4: tal-kaj ($10.35 in chips) 
Seat 5: ronny2106 ($12.35 in chips) 
Seat 6: LevA1989 ($10.07 in chips) 
50´s Ghost: posts small blind $0.05
Chun221: posts big blind $0.10
*** HOLE CARDS ***
Dealt to Mahu2021 [Kh 8s]
tal-kaj: folds 
ronny2106: folds 
LevA1989: folds 
Mahu2021: folds 
50´s Ghost: folds 
Uncalled bet ($0.05) returned to Chun221
Chun221 collected $0.10 from pot
Chun221: doesn't show hand 
*** SUMMARY ***
Total pot $0.10 | Rake $0 
Seat 1: Mahu2021 (button) folded before Flop (didn't bet)
Seat 2: 50´s Ghost (small blind) folded before Flop
Seat 3: Chun221 (big blind) collected ($0.10)
Seat 4: tal-kaj folded before Flop (didn't bet)
Seat 5: ronny2106 folded before Flop (didn't bet)
Seat 6: LevA1989 folded before Flop (didn't bet)



PokerStars Zoom Hand #254717772219:  Hold'em No Limit ($0.05/$0.10) - 2025/02/05 13:49:50 CET [2025/02/05 7:49:50 ET]
Table 'Aludra' 6-max Seat #1 is the button
Seat 1: mrbombpot ($4.90 in chips) 
Seat 2: Mahu2021 ($9.51 in chips) 
Seat 3: Windows 21xp ($10 in chips) 
Seat 4: MaeBolada ($14.25 in chips) 
Seat 5: ronny2106 ($12.35 in chips) 
Seat 6: iFold72o ($25.14 in chips) 
Mahu2021: posts small blind $0.05
Windows 21xp: posts big blind $0.10
*** HOLE CARDS ***
Dealt to Mahu2021 [7s 5s]
MaeBolada: folds 
ronny2106: folds 
iFold72o: folds 
mrbombpot: folds 
Mahu2021: raises $0.20 to $0.30
Windows 21xp: calls $0.20
*** FLOP *** [7h 6d 2d]
Mahu2021: bets $0.30
Windows 21xp: folds 
Uncalled bet ($0.30) returned to Mahu2021
Mahu2021 collected $0.57 from pot
Mahu2021: doesn't show hand 
*** SUMMARY ***
Total pot $0.60 | Rake $0.03 
Board [7h 6d 2d]
Seat 1: mrbombpot (button) folded before Flop (didn't bet)
Seat 2: Mahu2021 (small blind) collected ($0.57)
Seat 3: Windows 21xp (big blind) folded on the Flop
Seat 4: MaeBolada folded before Flop (didn't bet)
Seat 5: ronny2106 folded before Flop (didn't bet)
Seat 6: iFold72o folded before Flop (didn't bet)



PokerStars Zoom Hand #254717770421:  Hold'em No Limit ($0.05/$0.10) - 2025/02/05 13:49:38 CET [2025/02/05 7:49:38 ET]
Table 'Aludra' 6-max Seat #1 is the button
Seat 1: Ruslik1974 ($14.13 in chips) 
Seat 2: felipepassos1 ($20.89 in chips) 
Seat 3: miu_0716 ($10 in chips) 
Seat 4: sbela23 ($14.38 in chips) 
Seat 5: killerita67 ($11.59 in chips) 
Seat 6: Mahu2021 ($9.51 in chips) 
felipepassos1: posts small blind $0.05
miu_0716: posts big blind $0.10
*** HOLE CARDS ***
Dealt to Mahu2021 [9s 8c]
sbela23: folds 
killerita67 has timed out
killerita67: folds 
Mahu2021: folds 
Ruslik1974: raises $0.15 to $0.25
felipepassos1: folds 
miu_0716: calls $0.15
*** FLOP *** [Ad Ts Kc]
miu_0716: checks 
Ruslik1974: bets $0.27
miu_0716: raises $0.80 to $1.07
Ruslik1974: folds 
Uncalled bet ($0.80) returned to miu_0716
miu_0716 collected $1.04 from pot
miu_0716: doesn't show hand 
*** SUMMARY ***
Total pot $1.09 | Rake $0.05 
Board [Ad Ts Kc]
Seat 1: Ruslik1974 (button) folded on the Flop
Seat 2: felipepassos1 (small blind) folded before Flop
Seat 3: miu_0716 (big blind) collected ($1.04)
Seat 4: sbela23 folded before Flop (didn't bet)
Seat 5: killerita67 folded before Flop (didn't bet)
Seat 6: Mahu2021 folded before Flop (didn't bet)



PokerStars Zoom Hand #254717776955:  Hold'em No Limit ($0.05/$0.10) - 2025/02/05 13:50:22 CET [2025/02/05 7:50:22 ET]
Table 'Aludra' 6-max Seat #1 is the button
Seat 1: sbela23 ($14.23 in chips) 
Seat 2: mintyu ($14.54 in chips) 
Seat 3: Mahu2021 ($9.78 in chips) 
Seat 4: Currivilla ($7.37 in chips) 
Seat 5: putzkedudu ($14.18 in chips) 
Seat 6: mrbombpot ($21.36 in chips) 
mintyu: posts small blind $0.05
Mahu2021: posts big blind $0.10
*** HOLE CARDS ***
Dealt to Mahu2021 [3s Ts]
Currivilla: folds 
putzkedudu: folds 
mrbombpot: raises $0.12 to $0.22
sbela23: folds 
mintyu: folds 
Mahu2021: folds 
Uncalled bet ($0.12) returned to mrbombpot
mrbombpot collected $0.25 from pot
mrbombpot: doesn't show hand 
*** SUMMARY ***
Total pot $0.25 | Rake $0 
Seat 1: sbela23 (button) folded before Flop (didn't bet)
Seat 2: mintyu (small blind) folded before Flop
Seat 3: Mahu2021 (big blind) folded before Flop
Seat 4: Currivilla folded before Flop (didn't bet)
Seat 5: putzkedudu folded before Flop (didn't bet)
Seat 6: mrbombpot collected ($0.25)



PokerStars Zoom Hand #254717779508:  Hold'em No Limit ($0.05/$0.10) - 2025/02/05 13:50:39 CET [2025/02/05 7:50:39 ET]
Table 'Aludra' 6-max Seat #1 is the button
Seat 1: sho0506 ($10 in chips) 
Seat 2: 8ujn ($10.05 in chips) 
Seat 3: suikaa ($12.74 in chips) 
Seat 4: Baratrum777 ($10.30 in chips) 
Seat 5: Mahu2021 ($9.68 in chips) 
Seat 6: iceballantyne ($11.50 in chips) 
8ujn: posts small blind $0.05
suikaa: posts big blind $0.10
*** HOLE CARDS ***
Dealt to Mahu2021 [7s Th]
Baratrum777: raises $0.14 to $0.24
Mahu2021: folds 
iceballantyne: folds 
sho0506: folds 
8ujn: folds 
suikaa: folds 
Uncalled bet ($0.14) returned to Baratrum777
Baratrum777 collected $0.25 from pot
Baratrum777: doesn't show hand 
*** SUMMARY ***
Total pot $0.25 | Rake $0 
Seat 1: sho0506 (button) folded before Flop (didn't bet)
Seat 2: 8ujn (small blind) folded before Flop
Seat 3: suikaa (big blind) folded before Flop
Seat 4: Baratrum777 collected ($0.25)
Seat 5: Mahu2021 folded before Flop (didn't bet)
Seat 6: iceballantyne folded before Flop (didn't bet)



PokerStars Zoom Hand #254717784813:  Hold'em No Limit ($0.05/$0.10) - 2025/02/05 13:51:14 CET [2025/02/05 7:51:14 ET]
Table 'Aludra' 6-max Seat #1 is the button
Seat 1: MaeBolada ($14.70 in chips) 
Seat 2: Schnulzoletto ($9.90 in chips) 
Seat 3: 8ujn ($10 in chips) 
Seat 4: Mahu2021 ($9.44 in chips) 
Seat 5: felipepassos1 ($20.91 in chips) 
Seat 6: iNteldrive ($9.60 in chips) 
Schnulzoletto: posts small blind $0.05
8ujn: posts big blind $0.10
*** HOLE CARDS ***
Dealt to Mahu2021 [4s Kc]
Mahu2021: folds 
felipepassos1: folds 
iNteldrive: folds 
MaeBolada: folds 
Schnulzoletto: raises $0.20 to $0.30
8ujn: folds 
Uncalled bet ($0.20) returned to Schnulzoletto
Schnulzoletto collected $0.20 from pot
Schnulzoletto: doesn't show hand 
*** SUMMARY ***
Total pot $0.20 | Rake $0 
Seat 1: MaeBolada (button) folded before Flop (didn't bet)
Seat 2: Schnulzoletto (small blind) collected ($0.20)
Seat 3: 8ujn (big blind) folded before Flop
Seat 4: Mahu2021 folded before Flop (didn't bet)
Seat 5: felipepassos1 folded before Flop (didn't bet)
Seat 6: iNteldrive folded before Flop (didn't bet)



PokerStars Zoom Hand #254717780443:  Hold'em No Limit ($0.05/$0.10) - 2025/02/05 13:50:45 CET [2025/02/05 7:50:45 ET]
Table 'Aludra' 6-max Seat #1 is the button
Seat 1: todd17800 ($11.04 in chips) 
Seat 2: maticesa10 ($10.25 in chips) 
Seat 3: Loewenher189 ($6.15 in chips) 
Seat 4: Mahu2021 ($9.68 in chips) 
Seat 5: Ruslik1974 ($13.46 in chips) 
Seat 6: pougia777 ($10.54 in chips) 
maticesa10: posts small blind $0.05
Loewenher189: posts big blind $0.10
*** HOLE CARDS ***
Dealt to Mahu2021 [Ac Qh]
Mahu2021: raises $0.14 to $0.24
Ruslik1974: folds 
pougia777: calls $0.24
todd17800: folds 
maticesa10: folds 
Loewenher189: raises $0.77 to $1.01
Mahu2021: folds 
pougia777: calls $0.77
*** FLOP *** [3c Ts 5s]
Loewenher189: bets $2.21
pougia777: folds 
Uncalled bet ($2.21) returned to Loewenher189
Loewenher189 collected $2.19 from pot
Loewenher189: doesn't show hand 
*** SUMMARY ***
Total pot $2.31 | Rake $0.12 
Board [3c Ts 5s]
Seat 1: todd17800 (button) folded before Flop (didn't bet)
Seat 2: maticesa10 (small blind) folded before Flop
Seat 3: Loewenher189 (big blind) collected ($2.19)
Seat 4: Mahu2021 folded before Flop
Seat 5: Ruslik1974 folded before Flop (didn't bet)
Seat 6: pougia777 folded on the Flop



PokerStars Zoom Hand #254717785385:  Hold'em No Limit ($0.05/$0.10) - 2025/02/05 13:51:18 CET [2025/02/05 7:51:18 ET]
Table 'Aludra' 6-max Seat #1 is the button
Seat 1: Mahu2021 ($9.44 in chips) 
Seat 2: Currivilla ($7.62 in chips) 
Seat 3: todd17800 ($56.94 in chips) 
Seat 4: LevA1989 ($10.05 in chips) 
Seat 5: franz Z750 ($19.35 in chips) 
Seat 6: IVERNMAN ($10 in chips) 
Currivilla: posts small blind $0.05
todd17800: posts big blind $0.10
*** HOLE CARDS ***
Dealt to Mahu2021 [Jd 3h]
LevA1989: folds 
franz Z750: folds 
IVERNMAN: folds 
Mahu2021: folds 
Currivilla: folds 
Uncalled bet ($0.05) returned to todd17800
todd17800 collected $0.10 from pot
todd17800: doesn't show hand 
*** SUMMARY ***
Total pot $0.10 | Rake $0 
Seat 1: Mahu2021 (button) folded before Flop (didn't bet)
Seat 2: Currivilla (small blind) folded before Flop
Seat 3: todd17800 (big blind) collected ($0.10)
Seat 4: LevA1989 folded before Flop (didn't bet)
Seat 5: franz Z750 folded before Flop (didn't bet)
Seat 6: IVERNMAN folded before Flop (didn't bet)



PokerStars Zoom Hand #254717785982:  Hold'em No Limit ($0.05/$0.10) - 2025/02/05 13:51:22 CET [2025/02/05 7:51:22 ET]
Table 'Aludra' 6-max Seat #1 is the button
Seat 1: killerita67 ($10.05 in chips) 
Seat 2: iNteldrive ($20.33 in chips) 
Seat 3: Windows 21xp ($10.05 in chips) 
Seat 4: ronny2106 ($8.36 in chips) 
Seat 5: d11dozer ($11.76 in chips) 
Seat 6: Mahu2021 ($9.44 in chips) 
iNteldrive: posts small blind $0.05
Windows 21xp: posts big blind $0.10
*** HOLE CARDS ***
Dealt to Mahu2021 [Jh Tc]
ronny2106: folds 
d11dozer: calls $0.10
Mahu2021: folds 
killerita67: raises $0.30 to $0.40
iNteldrive: folds 
Windows 21xp: folds 
d11dozer: calls $0.30
*** FLOP *** [Td Kh 5c]
d11dozer: checks 
killerita67: bets $0.60
d11dozer: folds 
Uncalled bet ($0.60) returned to killerita67
killerita67 collected $0.91 from pot
killerita67: doesn't show hand 
*** SUMMARY ***
Total pot $0.95 | Rake $0.04 
Board [Td Kh 5c]
Seat 1: killerita67 (button) collected ($0.91)
Seat 2: iNteldrive (small blind) folded before Flop
Seat 3: Windows 21xp (big blind) folded before Flop
Seat 4: ronny2106 folded before Flop (didn't bet)
Seat 5: d11dozer folded on the Flop
Seat 6: Mahu2021 folded before Flop (didn't bet)



PokerStars Zoom Hand #254717793112:  Hold'em No Limit ($0.05/$0.10) - 2025/02/05 13:52:10 CET [2025/02/05 7:52:10 ET]
Table 'Aludra' 6-max Seat #1 is the button
Seat 1: dodo4848 ($23.03 in chips) 
Seat 2: Ruslik1974 ($13.49 in chips) 
Seat 3: iNteldrive ($12.34 in chips) 
Seat 4: Mahu2021 ($9.09 in chips) 
Seat 5: humo97 ($13.48 in chips) 
Seat 6: iFold72o ($25.61 in chips) 
Ruslik1974: posts small blind $0.05
iNteldrive: posts big blind $0.10
*** HOLE CARDS ***
Dealt to Mahu2021 [Ks 3s]
Mahu2021: folds 
humo97: folds 
iFold72o: folds 
dodo4848: folds 
Ruslik1974: folds 
Uncalled bet ($0.05) returned to iNteldrive
iNteldrive collected $0.10 from pot
iNteldrive: doesn't show hand 
*** SUMMARY ***
Total pot $0.10 | Rake $0 
Seat 1: dodo4848 (button) folded before Flop (didn't bet)
Seat 2: Ruslik1974 (small blind) folded before Flop
Seat 3: iNteldrive (big blind) collected ($0.10)
Seat 4: Mahu2021 folded before Flop (didn't bet)
Seat 5: humo97 folded before Flop (didn't bet)
Seat 6: iFold72o folded before Flop (didn't bet)



PokerStars Zoom Hand #254717792422:  Hold'em No Limit ($0.05/$0.10) - 2025/02/05 13:52:05 CET [2025/02/05 7:52:05 ET]
Table 'Aludra' 6-max Seat #1 is the button
Seat 1: Bowlestown ($10.46 in chips) 
Seat 2: s1auka ($11.62 in chips) 
Seat 3: iFold72o ($10.30 in chips) 
Seat 4: MaeBolada ($21.85 in chips) 
Seat 5: Mahu2021 ($9.09 in chips) 
Seat 6: iNteldrive ($12.65 in chips) 
s1auka: posts small blind $0.05
iFold72o: posts big blind $0.10
*** HOLE CARDS ***
Dealt to Mahu2021 [8h Kc]
MaeBolada: raises $0.20 to $0.30
Mahu2021: folds 
iNteldrive: folds 
Bowlestown: folds 
s1auka: folds 
iFold72o: folds 
Uncalled bet ($0.20) returned to MaeBolada
MaeBolada collected $0.25 from pot
MaeBolada: doesn't show hand 
*** SUMMARY ***
Total pot $0.25 | Rake $0 
Seat 1: Bowlestown (button) folded before Flop (didn't bet)
Seat 2: s1auka (small blind) folded before Flop
Seat 3: iFold72o (big blind) folded before Flop
Seat 4: MaeBolada collected ($0.25)
Seat 5: Mahu2021 folded before Flop (didn't bet)
Seat 6: iNteldrive folded before Flop (didn't bet)



PokerStars Zoom Hand #254717791856:  Hold'em No Limit ($0.05/$0.10) - 2025/02/05 13:52:01 CET [2025/02/05 7:52:01 ET]
Table 'Aludra' 6-max Seat #1 is the button
Seat 1: pandaman9010 ($14.62 in chips) 
Seat 2: Mahu2021 ($9.14 in chips) 
Seat 3: Tarancher ($7.46 in chips) 
Seat 4: killerita67 ($10.56 in chips) 
Seat 5: Kac4kac ($15.77 in chips) 
Seat 6: MarcosV184 ($2.05 in chips) 
Mahu2021: posts small blind $0.05
Tarancher: posts big blind $0.10
*** HOLE CARDS ***
Dealt to Mahu2021 [9s Qd]
killerita67: folds 
Kac4kac: folds 
MarcosV184: raises $0.10 to $0.20
pandaman9010: folds 
Mahu2021: folds 
Tarancher: calls $0.10
*** FLOP *** [5s 6c 4s]
Tarancher: checks 
MarcosV184: checks 
*** TURN *** [5s 6c 4s] [4d]
Tarancher: bets $0.22
MarcosV184: calls $0.22
*** RIVER *** [5s 6c 4s 4d] [As]
Tarancher: checks 
MarcosV184: bets $0.30
Tarancher: calls $0.30
*** SHOW DOWN ***
MarcosV184: shows [Jc Ah] (two pair, Aces and Fours)
Tarancher: mucks hand 
MarcosV184 collected $1.42 from pot
*** SUMMARY ***
Total pot $1.49 | Rake $0.07 
Board [5s 6c 4s 4d As]
Seat 1: pandaman9010 (button) folded before Flop (didn't bet)
Seat 2: Mahu2021 (small blind) folded before Flop
Seat 3: Tarancher (big blind) mucked [2s Ad]
Seat 4: killerita67 folded before Flop (didn't bet)
Seat 5: Kac4kac folded before Flop (didn't bet)
Seat 6: MarcosV184 showed [Jc Ah] and won ($1.42) with two pair, Aces and Fours



PokerStars Zoom Hand #254717786713:  Hold'em No Limit ($0.05/$0.10) - 2025/02/05 13:51:27 CET [2025/02/05 7:51:27 ET]
Table 'Aludra' 6-max Seat #1 is the button
Seat 1: lotoplayer1 ($7.21 in chips) 
Seat 2: ronny2106 ($8.36 in chips) 
Seat 3: Mahu2021 ($9.44 in chips) 
Seat 4: sho0506 ($14.70 in chips) 
Seat 5: bogata111 ($5.73 in chips) 
Seat 6: putzkedudu ($14.93 in chips) 
ronny2106: posts small blind $0.05
Mahu2021: posts big blind $0.10
*** HOLE CARDS ***
Dealt to Mahu2021 [8h 8d]
sho0506: folds 
bogata111: folds 
putzkedudu: raises $0.20 to $0.30
lotoplayer1: folds 
ronny2106: calls $0.25
Mahu2021: calls $0.20
*** FLOP *** [9d Ac 2h]
ronny2106: checks 
Mahu2021: checks 
putzkedudu: bets $0.22
ronny2106: calls $0.22
Mahu2021: folds 
*** TURN *** [9d Ac 2h] [7s]
ronny2106: checks 
putzkedudu: checks 
*** RIVER *** [9d Ac 2h 7s] [3d]
ronny2106: checks 
putzkedudu: checks 
*** SHOW DOWN ***
ronny2106: shows [Ts 9s] (a pair of Nines)
putzkedudu: mucks hand 
ronny2106 collected $1.26 from pot
*** SUMMARY ***
Total pot $1.34 | Rake $0.08 
Board [9d Ac 2h 7s 3d]
Seat 1: lotoplayer1 (button) folded before Flop (didn't bet)
Seat 2: ronny2106 (small blind) showed [Ts 9s] and won ($1.26) with a pair of Nines
Seat 3: Mahu2021 (big blind) folded on the Flop
Seat 4: sho0506 folded before Flop (didn't bet)
Seat 5: bogata111 folded before Flop (didn't bet)
Seat 6: putzkedudu mucked [6c 6d]



PokerStars Zoom Hand #254717793871:  Hold'em No Limit ($0.05/$0.10) - 2025/02/05 13:52:15 CET [2025/02/05 7:52:15 ET]
Table 'Aludra' 6-max Seat #1 is the button
Seat 1: Mahu2021 ($9.09 in chips) 
Seat 2: Windows 21xp ($10 in chips) 
Seat 3: mikelac1821 ($5.48 in chips) 
Seat 4: schinkel1 ($4.62 in chips) 
Seat 5: Bowlestown ($10.46 in chips) 
Seat 6: putzkedudu ($13.71 in chips) 
Windows 21xp: posts small blind $0.05
mikelac1821: posts big blind $0.10
*** HOLE CARDS ***
Dealt to Mahu2021 [5h Kh]
schinkel1: raises $0.10 to $0.20
Bowlestown: folds 
putzkedudu: folds 
Mahu2021: calls $0.20
Windows 21xp: folds 
mikelac1821: calls $0.10
*** FLOP *** [Kd Kc Qc]
mikelac1821: checks 
schinkel1: bets $0.31
Mahu2021: raises $0.69 to $1
mikelac1821: folds 
schinkel1: calls $0.69
*** TURN *** [Kd Kc Qc] [Ah]
schinkel1: checks 
Mahu2021: bets $3.50
schinkel1: calls $3.42 and is all-in
Uncalled bet ($0.08) returned to Mahu2021
*** RIVER *** [Kd Kc Qc Ah] [Jd]
*** SHOW DOWN ***
schinkel1: shows [Ac Qh] (two pair, Aces and Kings)
Mahu2021: shows [5h Kh] (three of a kind, Kings)
Mahu2021 cashed out the hand for $8.47 | Cash Out Fee $0.17
*** SUMMARY ***
Total pot $9.49 | Rake $0.43 
Board [Kd Kc Qc Ah Jd]
Seat 1: Mahu2021 (button) showed [5h Kh] and won ($9.06) with three of a kind, Kings (pot not awarded as player cashed out)
Seat 2: Windows 21xp (small blind) folded before Flop
Seat 3: mikelac1821 (big blind) folded on the Flop
Seat 4: schinkel1 showed [Ac Qh] and lost with two pair, Aces and Kings
Seat 5: Bowlestown folded before Flop (didn't bet)
Seat 6: putzkedudu folded before Flop (didn't bet)



