PokerStars Zoom Hand #255756380063:  Hold'em No Limit ($0.05/$0.10) - 2025/04/16 12:20:41 CET [2025/04/16 6:20:41 ET]
Table 'Aludra' 6-max Seat #1 is the button
Seat 1: putzkedudu ($11.60 in chips) 
Seat 2: limz ($11.52 in chips) 
Seat 3: Mahu2021 ($10 in chips) 
Seat 4: HartCos ($10 in chips) 
Seat 5: mami272 ($6.49 in chips) 
Seat 6: cRicRilebritish ($18.79 in chips) 
limz: posts small blind $0.05
Mahu2021: posts big blind $0.10
*** HOLE CARDS ***
Dealt to Mahu2021 [Kc Qh]
HartCos: raises $0.15 to $0.25
mami272: folds 
cRicRilebritish: folds 
putzkedudu: folds 
limz: folds 
Mahu2021: calls $0.15
*** FLOP *** [2h 6s Td]
Mahu2021: checks 
HartCos: bets $0.27
Mahu2021: calls $0.27
*** TURN *** [2h 6s Td] [Qc]
Mahu2021: checks 
HartCos: checks 
*** RIVER *** [2h 6s Td Qc] [4d]
Mahu2021: bets $1.04
HartCos: folds 
Uncalled bet ($1.04) returned to Mahu2021
Mahu2021 collected $1.04 from pot
Mahu2021: doesn't show hand 
*** SUMMARY ***
Total pot $1.09 | Rake $0.05 
Board [2h 6s Td Qc 4d]
Seat 1: putzkedudu (button) folded before Flop (didn't bet)
Seat 2: limz (small blind) folded before Flop
Seat 3: Mahu2021 (big blind) collected ($1.04)
Seat 4: HartCos folded on the River
Seat 5: mami272 folded before Flop (didn't bet)
Seat 6: cRicRilebritish folded before Flop (didn't bet)



PokerStars Zoom Hand #255756382895:  Hold'em No Limit ($0.05/$0.10) - 2025/04/16 12:21:08 CET [2025/04/16 6:21:08 ET]
Table 'Aludra' 6-max Seat #1 is the button
Seat 1: cRicRilebritish ($10 in chips) 
Seat 2: Yash1ch ($55.69 in chips) 
Seat 3: Vadim91_blr ($10 in chips) 
Seat 4: ilynskiy ($5.65 in chips) 
Seat 5: limz ($11.47 in chips) 
Seat 6: Mahu2021 ($10.52 in chips) 
Yash1ch: posts small blind $0.05
Vadim91_blr: posts big blind $0.10
*** HOLE CARDS ***
Dealt to Mahu2021 [3c Jc]
ilynskiy: folds 
limz: folds 
Mahu2021: folds 
cRicRilebritish: folds 
Yash1ch: raises $0.10 to $0.20
Vadim91_blr: folds 
Uncalled bet ($0.10) returned to Yash1ch
Yash1ch collected $0.20 from pot
Yash1ch: doesn't show hand 
*** SUMMARY ***
Total pot $0.20 | Rake $0 
Seat 1: cRicRilebritish (button) folded before Flop (didn't bet)
Seat 2: Yash1ch (small blind) collected ($0.20)
Seat 3: Vadim91_blr (big blind) folded before Flop
Seat 4: ilynskiy folded before Flop (didn't bet)
Seat 5: limz folded before Flop (didn't bet)
Seat 6: Mahu2021 folded before Flop (didn't bet)



PokerStars Zoom Hand #255756383286:  Hold'em No Limit ($0.05/$0.10) - 2025/04/16 12:21:12 CET [2025/04/16 6:21:12 ET]
Table 'Aludra' 6-max Seat #1 is the button
Seat 1: limz ($11.47 in chips) 
Seat 2: Mahu2021 ($10.52 in chips) 
Seat 3: BlueLway ($10.87 in chips) 
Seat 4: putzkedudu ($10.13 in chips) 
Seat 5: si6789 ($8.51 in chips) 
Seat 6: Bizzie1991 ($12.54 in chips) 
Mahu2021: posts small blind $0.05
BlueLway: posts big blind $0.10
*** HOLE CARDS ***
Dealt to Mahu2021 [9d 8d]
Bizzie1991 is disconnected 
putzkedudu: folds 
si6789: folds 
Bizzie1991 has timed out while disconnected
Bizzie1991: folds 
limz: folds 
Mahu2021: raises $0.20 to $0.30
BlueLway: folds 
Uncalled bet ($0.20) returned to Mahu2021
Mahu2021 collected $0.20 from pot
Mahu2021: doesn't show hand 
*** SUMMARY ***
Total pot $0.20 | Rake $0 
Seat 1: limz (button) folded before Flop (didn't bet)
Seat 2: Mahu2021 (small blind) collected ($0.20)
Seat 3: BlueLway (big blind) folded before Flop
Seat 4: putzkedudu folded before Flop (didn't bet)
Seat 5: si6789 folded before Flop (didn't bet)
Seat 6: Bizzie1991 folded before Flop (didn't bet)



PokerStars Zoom Hand #255756385777:  Hold'em No Limit ($0.05/$0.10) - 2025/04/16 12:21:36 CET [2025/04/16 6:21:36 ET]
Table 'Aludra' 6-max Seat #1 is the button
Seat 1: Mahu2021 ($10.62 in chips) 
Seat 2: BlueLway ($10 in chips) 
Seat 3: sergM87 ($10 in chips) 
Seat 4: cRicRilebritish ($18.49 in chips) 
Seat 5: nidal55 ($12.13 in chips) 
Seat 6: kimi978 ($9.28 in chips) 
BlueLway: posts small blind $0.05
sergM87: posts big blind $0.10
*** HOLE CARDS ***
Dealt to Mahu2021 [Ks As]
cRicRilebritish: folds 
nidal55: folds 
kimi978: folds 
Mahu2021: raises $0.20 to $0.30
BlueLway: folds 
sergM87: folds 
Uncalled bet ($0.20) returned to Mahu2021
Mahu2021 collected $0.25 from pot
Mahu2021: doesn't show hand 
*** SUMMARY ***
Total pot $0.25 | Rake $0 
Seat 1: Mahu2021 (button) collected ($0.25)
Seat 2: BlueLway (small blind) folded before Flop
Seat 3: sergM87 (big blind) folded before Flop
Seat 4: cRicRilebritish folded before Flop (didn't bet)
Seat 5: nidal55 folded before Flop (didn't bet)
Seat 6: kimi978 folded before Flop (didn't bet)



PokerStars Zoom Hand #255756387549:  Hold'em No Limit ($0.05/$0.10) - 2025/04/16 12:21:53 CET [2025/04/16 6:21:53 ET]
Table 'Aludra' 6-max Seat #1 is the button
Seat 1: putzkedudu ($11.30 in chips) 
Seat 2: willpea2 ($13.05 in chips) 
Seat 3: kimi978 ($9.28 in chips) 
Seat 4: PaDenV ($10 in chips) 
Seat 5: Mahu2021 ($10.77 in chips) 
Seat 6: BlueLway ($10 in chips) 
willpea2: posts small blind $0.05
kimi978: posts big blind $0.10
*** HOLE CARDS ***
Dealt to Mahu2021 [Ah Jd]
PaDenV: folds 
Mahu2021: raises $0.10 to $0.20
BlueLway: folds 
putzkedudu: folds 
willpea2: folds 
kimi978: folds 
Uncalled bet ($0.10) returned to Mahu2021
Mahu2021 collected $0.25 from pot
Mahu2021: doesn't show hand 
*** SUMMARY ***
Total pot $0.25 | Rake $0 
Seat 1: putzkedudu (button) folded before Flop (didn't bet)
Seat 2: willpea2 (small blind) folded before Flop
Seat 3: kimi978 (big blind) folded before Flop
Seat 4: PaDenV folded before Flop (didn't bet)
Seat 5: Mahu2021 collected ($0.25)
Seat 6: BlueLway folded before Flop (didn't bet)



PokerStars Zoom Hand #255756390343:  Hold'em No Limit ($0.05/$0.10) - 2025/04/16 12:22:20 CET [2025/04/16 6:22:20 ET]
Table 'Aludra' 6-max Seat #1 is the button
Seat 1: allrauneR ($6.15 in chips) 
Seat 2: BlueLway ($10.62 in chips) 
Seat 3: Yash1ch ($56.35 in chips) 
Seat 4: Mahu2021 ($10.92 in chips) 
Seat 5: PaDenV ($10.05 in chips) 
Seat 6: HartCos ($10.92 in chips) 
BlueLway: posts small blind $0.05
Yash1ch: posts big blind $0.10
*** HOLE CARDS ***
Dealt to Mahu2021 [6h 7c]
Mahu2021: folds 
PaDenV: folds 
HartCos: folds 
allrauneR: folds 
BlueLway: folds 
Uncalled bet ($0.05) returned to Yash1ch
Yash1ch collected $0.10 from pot
Yash1ch: doesn't show hand 
*** SUMMARY ***
Total pot $0.10 | Rake $0 
Seat 1: allrauneR (button) folded before Flop (didn't bet)
Seat 2: BlueLway (small blind) folded before Flop
Seat 3: Yash1ch (big blind) collected ($0.10)
Seat 4: Mahu2021 folded before Flop (didn't bet)
Seat 5: PaDenV folded before Flop (didn't bet)
Seat 6: HartCos folded before Flop (didn't bet)



PokerStars Zoom Hand #255756390712:  Hold'em No Limit ($0.05/$0.10) - 2025/04/16 12:22:24 CET [2025/04/16 6:22:24 ET]
Table 'Aludra' 6-max Seat #1 is the button
Seat 1: willpea2 ($26.73 in chips) 
Seat 2: BlueLway ($10.40 in chips) 
Seat 3: Mahu2021 ($10.92 in chips) 
Seat 4: nidal55 ($11.98 in chips) 
Seat 5: Vadim91_blr ($15.48 in chips) 
Seat 6: cRicRilebritish ($10.30 in chips) 
BlueLway: posts small blind $0.05
Mahu2021: posts big blind $0.10
*** HOLE CARDS ***
Dealt to Mahu2021 [Jd Kh]
nidal55: raises $0.10 to $0.20
Vadim91_blr: folds 
cRicRilebritish: raises $0.55 to $0.75
willpea2: folds 
BlueLway: folds 
Mahu2021: folds 
nidal55: folds 
Uncalled bet ($0.55) returned to cRicRilebritish
cRicRilebritish collected $0.55 from pot
cRicRilebritish: doesn't show hand 
*** SUMMARY ***
Total pot $0.55 | Rake $0 
Seat 1: willpea2 (button) folded before Flop (didn't bet)
Seat 2: BlueLway (small blind) folded before Flop
Seat 3: Mahu2021 (big blind) folded before Flop
Seat 4: nidal55 folded before Flop
Seat 5: Vadim91_blr folded before Flop (didn't bet)
Seat 6: cRicRilebritish collected ($0.55)



PokerStars Zoom Hand #255756389739:  Hold'em No Limit ($0.05/$0.10) - 2025/04/16 12:22:14 CET [2025/04/16 6:22:14 ET]
Table 'Aludra' 6-max Seat #1 is the button
Seat 1: Vadim91_blr ($15.48 in chips) 
Seat 2: Bond 25-33 ($8.34 in chips) 
Seat 3: cRicRilebritish ($18.89 in chips) 
Seat 4: ilynskiy ($5.60 in chips) 
Seat 5: Dodaari ($11.09 in chips) 
Seat 6: Mahu2021 ($10.92 in chips) 
Bond 25-33: posts small blind $0.05
cRicRilebritish: posts big blind $0.10
*** HOLE CARDS ***
Dealt to Mahu2021 [4s Ks]
ilynskiy: folds 
Dodaari: folds 
Mahu2021: folds 
Vadim91_blr: folds 
Bond 25-33: raises $0.10 to $0.20
cRicRilebritish: raises $0.40 to $0.60
Bond 25-33: calls $0.40
*** FLOP *** [4d Tc Qh]
Bond 25-33: checks 
cRicRilebritish: bets $0.38
Bond 25-33: calls $0.38
*** TURN *** [4d Tc Qh] [6c]
Bond 25-33: checks 
cRicRilebritish: checks 
*** RIVER *** [4d Tc Qh 6c] [Th]
Bond 25-33: bets $0.94
cRicRilebritish: folds 
Uncalled bet ($0.94) returned to Bond 25-33
Bond 25-33 collected $1.87 from pot
Bond 25-33: doesn't show hand 
*** SUMMARY ***
Total pot $1.96 | Rake $0.09 
Board [4d Tc Qh 6c Th]
Seat 1: Vadim91_blr (button) folded before Flop (didn't bet)
Seat 2: Bond 25-33 (small blind) collected ($1.87)
Seat 3: cRicRilebritish (big blind) folded on the River
Seat 4: ilynskiy folded before Flop (didn't bet)
Seat 5: Dodaari folded before Flop (didn't bet)
Seat 6: Mahu2021 folded before Flop (didn't bet)



PokerStars Zoom Hand #255756392501:  Hold'em No Limit ($0.05/$0.10) - 2025/04/16 12:22:42 CET [2025/04/16 6:22:42 ET]
Table 'Aludra' 6-max Seat #1 is the button
Seat 1: Mahu2021 ($10.77 in chips) 
Seat 2: Vadim91_blr ($12.83 in chips) 
Seat 3: allrauneR ($6.10 in chips) 
Seat 4: cRicRilebritish ($10.65 in chips) 
Seat 5: Tozsy17 ($10 in chips) 
Seat 6: willpea2 ($13.05 in chips) 
Vadim91_blr: posts small blind $0.05
allrauneR: posts big blind $0.10
*** HOLE CARDS ***
Dealt to Mahu2021 [7s 9h]
cRicRilebritish: folds 
Tozsy17: raises $0.21 to $0.31
willpea2: folds 
Mahu2021: folds 
Vadim91_blr: folds 
allrauneR: folds 
Uncalled bet ($0.21) returned to Tozsy17
Tozsy17 collected $0.25 from pot
Tozsy17: doesn't show hand 
*** SUMMARY ***
Total pot $0.25 | Rake $0 
Seat 1: Mahu2021 (button) folded before Flop (didn't bet)
Seat 2: Vadim91_blr (small blind) folded before Flop
Seat 3: allrauneR (big blind) folded before Flop
Seat 4: cRicRilebritish folded before Flop (didn't bet)
Seat 5: Tozsy17 collected ($0.25)
Seat 6: willpea2 folded before Flop (didn't bet)



PokerStars Zoom Hand #255756393209:  Hold'em No Limit ($0.05/$0.10) - 2025/04/16 12:22:48 CET [2025/04/16 6:22:48 ET]
Table 'Aludra' 6-max Seat #1 is the button
Seat 1: Mahu2021 ($10.77 in chips) 
Seat 2: NaritaSenpai ($11.72 in chips) 
Seat 3: cRicRilebritish ($10.65 in chips) 
Seat 4: Denis070384 ($9.90 in chips) 
Seat 5: RedVee95 ($11.77 in chips) 
Seat 6: HartCos ($10.16 in chips) 
NaritaSenpai: posts small blind $0.05
cRicRilebritish: posts big blind $0.10
*** HOLE CARDS ***
Dealt to Mahu2021 [6s 2s]
Denis070384: folds 
RedVee95: raises $0.20 to $0.30
HartCos: folds 
Mahu2021: folds 
NaritaSenpai: folds 
cRicRilebritish: calls $0.20
*** FLOP *** [8c Ac Qc]
cRicRilebritish: checks 
RedVee95: bets $0.20
cRicRilebritish: folds 
Uncalled bet ($0.20) returned to RedVee95
RedVee95 collected $0.62 from pot
RedVee95: doesn't show hand 
*** SUMMARY ***
Total pot $0.65 | Rake $0.03 
Board [8c Ac Qc]
Seat 1: Mahu2021 (button) folded before Flop (didn't bet)
Seat 2: NaritaSenpai (small blind) folded before Flop
Seat 3: cRicRilebritish (big blind) folded on the Flop
Seat 4: Denis070384 folded before Flop (didn't bet)
Seat 5: RedVee95 collected ($0.62)
Seat 6: HartCos folded before Flop (didn't bet)



PokerStars Zoom Hand #255756392897:  Hold'em No Limit ($0.05/$0.10) - 2025/04/16 12:22:45 CET [2025/04/16 6:22:45 ET]
Table 'Aludra' 6-max Seat #1 is the button
Seat 1: Denis070384 ($9.90 in chips) 
Seat 2: mami272 ($5.78 in chips) 
Seat 3: kiks220272 ($12.75 in chips) 
Seat 4: Mahu2021 ($10.77 in chips) 
Seat 5: sergM87 ($10 in chips) 
Seat 6: BlueLway ($10 in chips) 
mami272: posts small blind $0.05
kiks220272: posts big blind $0.10
*** HOLE CARDS ***
Dealt to Mahu2021 [2h 3s]
Mahu2021: folds 
sergM87: raises $0.15 to $0.25
BlueLway: raises $0.45 to $0.70
Denis070384: folds 
mami272: raises $1.75 to $2.45
kiks220272: folds 
sergM87: folds 
BlueLway: raises $7.55 to $10 and is all-in
mami272: calls $3.33 and is all-in
Uncalled bet ($4.22) returned to BlueLway
*** FLOP *** [3c 7c 5h]
*** TURN *** [3c 7c 5h] [As]
*** RIVER *** [3c 7c 5h As] [8c]
*** SHOW DOWN ***
mami272: shows [6h 5s] (a pair of Fives)
BlueLway: shows [Ad Ah] (three of a kind, Aces)
BlueLway cashed out the hand for $9.06 | Cash Out Fee $0.18
*** SUMMARY ***
Total pot $11.91 | Rake $0.54 
Board [3c 7c 5h As 8c]
Seat 1: Denis070384 (button) folded before Flop (didn't bet)
Seat 2: mami272 (small blind) showed [6h 5s] and lost with a pair of Fives
Seat 3: kiks220272 (big blind) folded before Flop
Seat 4: Mahu2021 folded before Flop (didn't bet)
Seat 5: sergM87 folded before Flop
Seat 6: BlueLway showed [Ad Ah] and won ($11.37) with three of a kind, Aces (pot not awarded as player cashed out)



PokerStars Zoom Hand #255756396535:  Hold'em No Limit ($0.05/$0.10) - 2025/04/16 12:23:21 CET [2025/04/16 6:23:21 ET]
Table 'Aludra' 6-max Seat #1 is the button
Seat 1: 7stanbul ($28.38 in chips) 
Seat 2: ilynskiy ($5.35 in chips) 
Seat 3: willpea2 ($23.75 in chips) 
Seat 4: BlueLway ($13.28 in chips) 
Seat 5: Mahu2021 ($10.67 in chips) 
Seat 6: dillon524 ($10 in chips) 
ilynskiy: posts small blind $0.05
willpea2: posts big blind $0.10
*** HOLE CARDS ***
Dealt to Mahu2021 [2s 6c]
BlueLway: folds 
Mahu2021: folds 
dillon524: folds 
7stanbul: folds 
ilynskiy: raises $0.20 to $0.30
willpea2: folds 
Uncalled bet ($0.20) returned to ilynskiy
ilynskiy collected $0.20 from pot
ilynskiy: doesn't show hand 
*** SUMMARY ***
Total pot $0.20 | Rake $0 
Seat 1: 7stanbul (button) folded before Flop (didn't bet)
Seat 2: ilynskiy (small blind) collected ($0.20)
Seat 3: willpea2 (big blind) folded before Flop
Seat 4: BlueLway folded before Flop (didn't bet)
Seat 5: Mahu2021 folded before Flop (didn't bet)
Seat 6: dillon524 folded before Flop (didn't bet)



PokerStars Zoom Hand #255756396017:  Hold'em No Limit ($0.05/$0.10) - 2025/04/16 12:23:16 CET [2025/04/16 6:23:16 ET]
Table 'Aludra' 6-max Seat #1 is the button
Seat 1: NaritaSenpai ($11.67 in chips) 
Seat 2: Vadim91_blr ($15.02 in chips) 
Seat 3: Cigarrinh0 ($12.07 in chips) 
Seat 4: RedVee95 ($12.09 in chips) 
Seat 5: kiks220272 ($12.39 in chips) 
Seat 6: Mahu2021 ($10.67 in chips) 
Vadim91_blr: posts small blind $0.05
Cigarrinh0: posts big blind $0.10
*** HOLE CARDS ***
Dealt to Mahu2021 [7d Js]
RedVee95: folds 
kiks220272: folds 
Mahu2021: folds 
NaritaSenpai: folds 
Vadim91_blr: raises $0.10 to $0.20
Cigarrinh0: folds 
Uncalled bet ($0.10) returned to Vadim91_blr
Vadim91_blr collected $0.20 from pot
Vadim91_blr: doesn't show hand 
*** SUMMARY ***
Total pot $0.20 | Rake $0 
Seat 1: NaritaSenpai (button) folded before Flop (didn't bet)
Seat 2: Vadim91_blr (small blind) collected ($0.20)
Seat 3: Cigarrinh0 (big blind) folded before Flop
Seat 4: RedVee95 folded before Flop (didn't bet)
Seat 5: kiks220272 folded before Flop (didn't bet)
Seat 6: Mahu2021 folded before Flop (didn't bet)



PokerStars Zoom Hand #255756392198:  Hold'em No Limit ($0.05/$0.10) - 2025/04/16 12:22:38 CET [2025/04/16 6:22:38 ET]
Table 'Aludra' 6-max Seat #1 is the button
Seat 1: allrauneR ($6.10 in chips) 
Seat 2: Mahu2021 ($10.82 in chips) 
Seat 3: Dodaari ($11.04 in chips) 
Seat 4: BlueLway ($10 in chips) 
Seat 5: nidal55 ($13.65 in chips) 
Seat 6: limz ($17.75 in chips) 
Mahu2021: posts small blind $0.05
Dodaari: posts big blind $0.10
*** HOLE CARDS ***
Dealt to Mahu2021 [6s 8c]
BlueLway: folds 
nidal55: folds 
limz: raises $0.10 to $0.20
allrauneR: folds 
Mahu2021: folds 
Dodaari: calls $0.10
*** FLOP *** [2s Th Qc]
Dodaari: checks 
limz: checks 
*** TURN *** [2s Th Qc] [3s]
Dodaari: bets $0.22
limz: calls $0.22
*** RIVER *** [2s Th Qc 3s] [3d]
Dodaari: bets $0.30
limz: calls $0.30
*** SHOW DOWN ***
Dodaari: shows [9h Jh] (a pair of Threes)
limz: shows [Ad Ts] (two pair, Tens and Threes)
limz collected $1.42 from pot
*** SUMMARY ***
Total pot $1.49 | Rake $0.07 
Board [2s Th Qc 3s 3d]
Seat 1: allrauneR (button) folded before Flop (didn't bet)
Seat 2: Mahu2021 (small blind) folded before Flop
Seat 3: Dodaari (big blind) showed [9h Jh] and lost with a pair of Threes
Seat 4: BlueLway folded before Flop (didn't bet)
Seat 5: nidal55 folded before Flop (didn't bet)
Seat 6: limz showed [Ad Ts] and won ($1.42) with two pair, Tens and Threes



PokerStars Zoom Hand #255756397189:  Hold'em No Limit ($0.05/$0.10) - 2025/04/16 12:23:28 CET [2025/04/16 6:23:28 ET]
Table 'Aludra' 6-max Seat #1 is the button
Seat 1: 00O-2Z ($10 in chips) 
Seat 2: Mahu2021 ($10.67 in chips) 
Seat 3: Bond 25-33 ($8.98 in chips) 
Seat 4: StTr34cle ($10 in chips) 
Seat 5: BlueLway ($13.28 in chips) 
Seat 6: HartCos ($10.01 in chips) 
Mahu2021: posts small blind $0.05
Bond 25-33: posts big blind $0.10
*** HOLE CARDS ***
Dealt to Mahu2021 [Ac 9h]
StTr34cle: folds 
BlueLway: folds 
HartCos: raises $0.15 to $0.25
00O-2Z: calls $0.25
Mahu2021: folds 
Bond 25-33: folds 
*** FLOP *** [3h Kh 2h]
HartCos: bets $0.20
00O-2Z: folds 
Uncalled bet ($0.20) returned to HartCos
HartCos collected $0.62 from pot
HartCos: doesn't show hand 
*** SUMMARY ***
Total pot $0.65 | Rake $0.03 
Board [3h Kh 2h]
Seat 1: 00O-2Z (button) folded on the Flop
Seat 2: Mahu2021 (small blind) folded before Flop
Seat 3: Bond 25-33 (big blind) folded before Flop
Seat 4: StTr34cle folded before Flop (didn't bet)
Seat 5: BlueLway folded before Flop (didn't bet)
Seat 6: HartCos collected ($0.62)



PokerStars Zoom Hand #255756398410:  Hold'em No Limit ($0.05/$0.10) - 2025/04/16 12:23:40 CET [2025/04/16 6:23:40 ET]
Table 'Aludra' 6-max Seat #1 is the button
Seat 1: Dodaari ($10.77 in chips) 
Seat 2: StTr34cle ($10 in chips) 
Seat 3: nidal55 ($14.66 in chips) 
Seat 4: willpea2 ($12.75 in chips) 
Seat 5: Mahu2021 ($10.62 in chips) 
Seat 6: Tozsy17 ($10 in chips) 
StTr34cle: posts small blind $0.05
nidal55: posts big blind $0.10
*** HOLE CARDS ***
Dealt to Mahu2021 [Ac 4h]
willpea2: raises $0.15 to $0.25
Mahu2021: folds 
Tozsy17: folds 
Dodaari: folds 
StTr34cle: folds 
nidal55: folds 
Uncalled bet ($0.15) returned to willpea2
willpea2 collected $0.25 from pot
willpea2: doesn't show hand 
*** SUMMARY ***
Total pot $0.25 | Rake $0 
Seat 1: Dodaari (button) folded before Flop (didn't bet)
Seat 2: StTr34cle (small blind) folded before Flop
Seat 3: nidal55 (big blind) folded before Flop
Seat 4: willpea2 collected ($0.25)
Seat 5: Mahu2021 folded before Flop (didn't bet)
Seat 6: Tozsy17 folded before Flop (didn't bet)



PokerStars Zoom Hand #255756396876:  Hold'em No Limit ($0.05/$0.10) - 2025/04/16 12:23:25 CET [2025/04/16 6:23:25 ET]
Table 'Aludra' 6-max Seat #1 is the button
Seat 1: Bond 25-33 ($8.98 in chips) 
Seat 2: kiks220272 ($12.39 in chips) 
Seat 3: Seat2000 ($10 in chips) 
Seat 4: Mahu2021 ($10.67 in chips) 
Seat 5: Baratrum777 ($10.98 in chips) 
Seat 6: BlueLway ($13.28 in chips) 
kiks220272: posts small blind $0.05
Seat2000: posts big blind $0.10
*** HOLE CARDS ***
Dealt to Mahu2021 [7h Ah]
Mahu2021: folds 
Baratrum777: folds 
BlueLway: folds 
Bond 25-33: folds 
kiks220272: raises $0.20 to $0.30
Seat2000: calls $0.20
*** FLOP *** [5s As 4h]
kiks220272: bets $0.29
Seat2000: folds 
Uncalled bet ($0.29) returned to kiks220272
kiks220272 collected $0.57 from pot
kiks220272: doesn't show hand 
*** SUMMARY ***
Total pot $0.60 | Rake $0.03 
Board [5s As 4h]
Seat 1: Bond 25-33 (button) folded before Flop (didn't bet)
Seat 2: kiks220272 (small blind) collected ($0.57)
Seat 3: Seat2000 (big blind) folded on the Flop
Seat 4: Mahu2021 folded before Flop (didn't bet)
Seat 5: Baratrum777 folded before Flop (didn't bet)
Seat 6: BlueLway folded before Flop (didn't bet)



PokerStars Zoom Hand #255756393723:  Hold'em No Limit ($0.05/$0.10) - 2025/04/16 12:22:53 CET [2025/04/16 6:22:53 ET]
Table 'Aludra' 6-max Seat #1 is the button
Seat 1: BlueLway ($10.40 in chips) 
Seat 2: Dodaari ($10.48 in chips) 
Seat 3: Mahu2021 ($10.77 in chips) 
Seat 4: HartCos ($10.16 in chips) 
Seat 5: Cigarrinh0 ($12.07 in chips) 
Seat 6: 7stanbul ($28.38 in chips) 
Dodaari: posts small blind $0.05
Mahu2021: posts big blind $0.10
*** HOLE CARDS ***
Dealt to Mahu2021 [Ts Js]
HartCos: folds 
Cigarrinh0: folds 
7stanbul: folds 
BlueLway: raises $0.15 to $0.25
Dodaari: raises $0.95 to $1.20
Mahu2021: folds 
BlueLway: calls $0.95
*** FLOP *** [2c 5d Jc]
Dodaari: bets $0.79
BlueLway: calls $0.79
*** TURN *** [2c 5d Jc] [Jh]
Dodaari: bets $1.95
BlueLway: folds 
Uncalled bet ($1.95) returned to Dodaari
Dodaari collected $3.90 from pot
Dodaari: doesn't show hand 
*** SUMMARY ***
Total pot $4.08 | Rake $0.18 
Board [2c 5d Jc Jh]
Seat 1: BlueLway (button) folded on the Turn
Seat 2: Dodaari (small blind) collected ($3.90)
Seat 3: Mahu2021 (big blind) folded before Flop
Seat 4: HartCos folded before Flop (didn't bet)
Seat 5: Cigarrinh0 folded before Flop (didn't bet)
Seat 6: 7stanbul folded before Flop (didn't bet)



PokerStars Zoom Hand #255756398920:  Hold'em No Limit ($0.05/$0.10) - 2025/04/16 12:23:45 CET [2025/04/16 6:23:45 ET]
Table 'Aludra' 6-max Seat #1 is the button
Seat 1: NaritaSenpai ($11.67 in chips) 
Seat 2: Baratrum777 ($10 in chips) 
Seat 3: Mahu2021 ($10.62 in chips) 
Seat 4: Denis070384 ($10.89 in chips) 
Seat 5: cRicRilebritish ($10 in chips) 
Seat 6: Dodaari ($10.77 in chips) 
Baratrum777: posts small blind $0.05
Mahu2021: posts big blind $0.10
*** HOLE CARDS ***
Dealt to Mahu2021 [Js 9c]
Denis070384: folds 
cRicRilebritish: folds 
Dodaari: folds 
NaritaSenpai: folds 
Baratrum777: folds 
Uncalled bet ($0.05) returned to Mahu2021
Mahu2021 collected $0.10 from pot
Mahu2021: doesn't show hand 
*** SUMMARY ***
Total pot $0.10 | Rake $0 
Seat 1: NaritaSenpai (button) folded before Flop (didn't bet)
Seat 2: Baratrum777 (small blind) folded before Flop
Seat 3: Mahu2021 (big blind) collected ($0.10)
Seat 4: Denis070384 folded before Flop (didn't bet)
Seat 5: cRicRilebritish folded before Flop (didn't bet)
Seat 6: Dodaari folded before Flop (didn't bet)



PokerStars Zoom Hand #255756400941:  Hold'em No Limit ($0.05/$0.10) - 2025/04/16 12:24:04 CET [2025/04/16 6:24:04 ET]
Table 'Aludra' 6-max Seat #1 is the button
Seat 1: Mahu2021 ($10.67 in chips) 
Seat 2: BlueLway ($10.15 in chips) 
Seat 3: Dodaari ($10.77 in chips) 
Seat 4: HartCos ($10.87 in chips) 
Seat 5: Vadim91_blr ($13.39 in chips) 
Seat 6: cRicRilebritish ($23.93 in chips) 
BlueLway: posts small blind $0.05
Dodaari: posts big blind $0.10
*** HOLE CARDS ***
Dealt to Mahu2021 [8h 7s]
HartCos: raises $0.15 to $0.25
Vadim91_blr: folds 
cRicRilebritish: folds 
Mahu2021: folds 
BlueLway: raises $0.50 to $0.75
Dodaari: folds 
HartCos: calls $0.50
*** FLOP *** [3c 6s 8d]
BlueLway: checks 
HartCos: checks 
*** TURN *** [3c 6s 8d] [5h]
BlueLway: bets $0.90
HartCos: folds 
Uncalled bet ($0.90) returned to BlueLway
BlueLway collected $1.53 from pot
BlueLway: doesn't show hand 
*** SUMMARY ***
Total pot $1.60 | Rake $0.07 
Board [3c 6s 8d 5h]
Seat 1: Mahu2021 (button) folded before Flop (didn't bet)
Seat 2: BlueLway (small blind) collected ($1.53)
Seat 3: Dodaari (big blind) folded before Flop
Seat 4: HartCos folded on the Turn
Seat 5: Vadim91_blr folded before Flop (didn't bet)
Seat 6: cRicRilebritish folded before Flop (didn't bet)



PokerStars Zoom Hand #255756401324:  Hold'em No Limit ($0.05/$0.10) - 2025/04/16 12:24:08 CET [2025/04/16 6:24:08 ET]
Table 'Aludra' 6-max Seat #1 is the button
Seat 1: nidal55 ($14.51 in chips) 
Seat 2: dillon524 ($10 in chips) 
Seat 3: NaritaSenpai ($11.67 in chips) 
Seat 4: putzkedudu ($15.95 in chips) 
Seat 5: willpea2 ($23.60 in chips) 
Seat 6: Mahu2021 ($10.67 in chips) 
dillon524: posts small blind $0.05
NaritaSenpai: posts big blind $0.10
*** HOLE CARDS ***
Dealt to Mahu2021 [6h 2c]
putzkedudu: folds 
willpea2: folds 
Mahu2021: folds 
nidal55: folds 
dillon524: raises $0.15 to $0.25
NaritaSenpai: calls $0.15
*** FLOP *** [4s Jc Th]
dillon524: bets $0.29
NaritaSenpai: raises $0.96 to $1.25
dillon524: folds 
Uncalled bet ($0.96) returned to NaritaSenpai
NaritaSenpai collected $1.03 from pot
NaritaSenpai: doesn't show hand 
*** SUMMARY ***
Total pot $1.08 | Rake $0.05 
Board [4s Jc Th]
Seat 1: nidal55 (button) folded before Flop (didn't bet)
Seat 2: dillon524 (small blind) folded on the Flop
Seat 3: NaritaSenpai (big blind) collected ($1.03)
Seat 4: putzkedudu folded before Flop (didn't bet)
Seat 5: willpea2 folded before Flop (didn't bet)
Seat 6: Mahu2021 folded before Flop (didn't bet)



PokerStars Zoom Hand #255756401863:  Hold'em No Limit ($0.05/$0.10) - 2025/04/16 12:24:13 CET [2025/04/16 6:24:13 ET]
Table 'Aludra' 6-max Seat #1 is the button
Seat 1: willpea2 ($13.05 in chips) 
Seat 2: Mahu2021 ($10.67 in chips) 
Seat 3: Tozsy17 ($10 in chips) 
Seat 4: Vadim91_blr ($10 in chips) 
Seat 5: cRicRilebritish ($23.93 in chips) 
Seat 6: Baratrum777 ($10 in chips) 
Mahu2021: posts small blind $0.05
Tozsy17: posts big blind $0.10
*** HOLE CARDS ***
Dealt to Mahu2021 [3c Ac]
Vadim91_blr: raises $0.10 to $0.20
cRicRilebritish: folds 
Baratrum777: folds 
willpea2: folds 
Mahu2021: calls $0.15
Tozsy17: folds 
*** FLOP *** [2c 9d 6c]
Mahu2021: checks 
Vadim91_blr: bets $0.31
Mahu2021: calls $0.31
*** TURN *** [2c 9d 6c] [Qc]
Mahu2021: checks 
Vadim91_blr: bets $0.86
Mahu2021: raises $0.86 to $1.72
Vadim91_blr: calls $0.86
*** RIVER *** [2c 9d 6c Qc] [4d]
Mahu2021: checks 
Vadim91_blr: bets $3.48
Mahu2021: raises $4.96 to $8.44 and is all-in
Vadim91_blr: calls $4.29 and is all-in
Uncalled bet ($0.67) returned to Mahu2021
*** SHOW DOWN ***
Mahu2021: shows [3c Ac] (a flush, Ace high)
Vadim91_blr: shows [Tc 9c] (a flush, Queen high)
Mahu2021 collected $19.20 from pot
*** SUMMARY ***
Total pot $20.10 | Rake $0.90 
Board [2c 9d 6c Qc 4d]
Seat 1: willpea2 (button) folded before Flop (didn't bet)
Seat 2: Mahu2021 (small blind) showed [3c Ac] and won ($19.20) with a flush, Ace high
Seat 3: Tozsy17 (big blind) folded before Flop
Seat 4: Vadim91_blr showed [Tc 9c] and lost with a flush, Queen high
Seat 5: cRicRilebritish folded before Flop (didn't bet)
Seat 6: Baratrum777 folded before Flop (didn't bet)



