PokerStars Zoom Hand #255783142114:  Hold'em No Limit ($0.05/$0.10) - 2025/04/18 10:20:15 CET [2025/04/18 4:20:15 ET]
Table 'Aludra' 6-max Seat #1 is the button
Seat 1: Bestology ($23.05 in chips) 
Seat 2: szabarna ($10 in chips) 
Seat 3: Mahu2021 ($10 in chips) 
Seat 4: kiks220272 ($10.20 in chips) 
Seat 5: AltayT90 ($9.51 in chips) 
Seat 6: pokerstar671 ($9.85 in chips) 
szabarna: posts small blind $0.05
Mahu2021: posts big blind $0.10
*** HOLE CARDS ***
Dealt to Mahu2021 [Ac 5d]
kiks220272: folds 
AltayT90: folds 
pokerstar671: folds 
Bestology: folds 
szabarna: raises $0.20 to $0.30
Mahu2021: calls $0.20
*** FLOP *** [2h 8h 9h]
szabarna: bets $0.10
Mahu2021: raises $1 to $1.10
szabarna: raises $1.10 to $2.20
Mahu2021: raises $1.20 to $3.40
szabarna: raises $1.30 to $4.70
Mahu2021: folds 
Uncalled bet ($1.30) returned to szabarna
szabarna collected $7.07 from pot
szabarna: doesn't show hand 
*** SUMMARY ***
Total pot $7.40 | Rake $0.33 
Board [2h 8h 9h]
Seat 1: Bestology (button) folded before Flop (didn't bet)
Seat 2: szabarna (small blind) collected ($7.07)
Seat 3: Mahu2021 (big blind) folded on the Flop
Seat 4: kiks220272 folded before Flop (didn't bet)
Seat 5: AltayT90 folded before Flop (didn't bet)
Seat 6: pokerstar671 folded before Flop (didn't bet)



PokerStars Zoom Hand #255783146196:  Hold'em No Limit ($0.05/$0.10) - 2025/04/18 10:21:03 CET [2025/04/18 4:21:03 ET]
Table 'Aludra' 6-max Seat #1 is the button
Seat 1: Mahu2021 ($6.30 in chips) 
Seat 2: Peter 091964 ($3.78 in chips) 
Seat 3: makwos ($11.02 in chips) 
Seat 4: AltayT90 ($9.36 in chips) 
Seat 5: timothyriddle ($10 in chips) 
Seat 6: kimjw800 ($10 in chips) 
Peter 091964: posts small blind $0.05
makwos: posts big blind $0.10
*** HOLE CARDS ***
Dealt to Mahu2021 [5h 3c]
AltayT90: folds 
timothyriddle: raises $0.12 to $0.22
kimjw800: folds 
Mahu2021: folds 
Peter 091964: raises $0.58 to $0.80
makwos: folds 
timothyriddle: raises $9.20 to $10 and is all-in
Peter 091964: calls $2.98 and is all-in
Uncalled bet ($6.22) returned to timothyriddle
*** FLOP *** [3s Qc 6c]
*** TURN *** [3s Qc 6c] [9s]
*** RIVER *** [3s Qc 6c 9s] [4h]
*** SHOW DOWN ***
Peter 091964: shows [Ks Kd] (a pair of Kings)
timothyriddle: shows [7h 7d] (a pair of Sevens)
Peter 091964 collected $7.24 from pot
*** SUMMARY ***
Total pot $7.66 | Rake $0.42 
Board [3s Qc 6c 9s 4h]
Seat 1: Mahu2021 (button) folded before Flop (didn't bet)
Seat 2: Peter 091964 (small blind) showed [Ks Kd] and won ($7.24) with a pair of Kings
Seat 3: makwos (big blind) folded before Flop
Seat 4: AltayT90 folded before Flop (didn't bet)
Seat 5: timothyriddle showed [7h 7d] and lost with a pair of Sevens
Seat 6: kimjw800 folded before Flop (didn't bet)



PokerStars Zoom Hand #255783148208:  Hold'em No Limit ($0.05/$0.10) - 2025/04/18 10:21:26 CET [2025/04/18 4:21:26 ET]
Table 'Aludra' 6-max Seat #1 is the button
Seat 1: hong0627 ($10 in chips) 
Seat 2: kazu1979 ($11.61 in chips) 
Seat 3: cadenza16 ($10 in chips) 
Seat 4: pokerstar671 ($10.62 in chips) 
Seat 5: timothyriddle ($10 in chips) 
Seat 6: Mahu2021 ($6.25 in chips) 
kazu1979: posts small blind $0.05
cadenza16: posts big blind $0.10
*** HOLE CARDS ***
Dealt to Mahu2021 [5c Th]
pokerstar671: folds 
timothyriddle: folds 
Mahu2021: folds 
hong0627: folds 
kazu1979: folds 
Uncalled bet ($0.05) returned to cadenza16
cadenza16 collected $0.10 from pot
cadenza16: doesn't show hand 
*** SUMMARY ***
Total pot $0.10 | Rake $0 
Seat 1: hong0627 (button) folded before Flop (didn't bet)
Seat 2: kazu1979 (small blind) folded before Flop
Seat 3: cadenza16 (big blind) collected ($0.10)
Seat 4: pokerstar671 folded before Flop (didn't bet)
Seat 5: timothyriddle folded before Flop (didn't bet)
Seat 6: Mahu2021 folded before Flop (didn't bet)



PokerStars Zoom Hand #255783148590:  Hold'em No Limit ($0.05/$0.10) - 2025/04/18 10:21:30 CET [2025/04/18 4:21:30 ET]
Table 'Aludra' 6-max Seat #1 is the button
Seat 1: pokerstar671 ($10.62 in chips) 
Seat 2: MikeFatsi ($15.10 in chips) 
Seat 3: luchim18 ($10 in chips) 
Seat 4: Mahu2021 ($6.25 in chips) 
Seat 5: liakouras86 ($15.27 in chips) 
Seat 6: kimjw800 ($10 in chips) 
MikeFatsi: posts small blind $0.05
luchim18: posts big blind $0.10
*** HOLE CARDS ***
Dealt to Mahu2021 [6c 5c]
Mahu2021: raises $0.10 to $0.20
liakouras86: folds 
kimjw800: folds 
pokerstar671: folds 
MikeFatsi: folds 
luchim18: folds 
Uncalled bet ($0.10) returned to Mahu2021
Mahu2021 collected $0.25 from pot
Mahu2021: doesn't show hand 
*** SUMMARY ***
Total pot $0.25 | Rake $0 
Seat 1: pokerstar671 (button) folded before Flop (didn't bet)
Seat 2: MikeFatsi (small blind) folded before Flop
Seat 3: luchim18 (big blind) folded before Flop
Seat 4: Mahu2021 collected ($0.25)
Seat 5: liakouras86 folded before Flop (didn't bet)
Seat 6: kimjw800 folded before Flop (didn't bet)



PokerStars Zoom Hand #255783149999:  Hold'em No Limit ($0.05/$0.10) - 2025/04/18 10:21:46 CET [2025/04/18 4:21:46 ET]
Table 'Aludra' 6-max Seat #1 is the button
Seat 1: Mahu2021 ($6.40 in chips) 
Seat 2: MikeFatsi ($10.92 in chips) 
Seat 3: hong0627 ($10 in chips) 
Seat 4: latoots ($12.15 in chips) 
Seat 5: kimjw800 ($10 in chips) 
Seat 6: kiks220272 ($15.08 in chips) 
MikeFatsi: posts small blind $0.05
hong0627: posts big blind $0.10
*** HOLE CARDS ***
Dealt to Mahu2021 [3h Ac]
latoots: folds 
kimjw800: folds 
kiks220272: folds 
Mahu2021: raises $0.10 to $0.20
MikeFatsi: folds 
hong0627: folds 
Uncalled bet ($0.10) returned to Mahu2021
Mahu2021 collected $0.25 from pot
Mahu2021: doesn't show hand 
*** SUMMARY ***
Total pot $0.25 | Rake $0 
Seat 1: Mahu2021 (button) collected ($0.25)
Seat 2: MikeFatsi (small blind) folded before Flop
Seat 3: hong0627 (big blind) folded before Flop
Seat 4: latoots folded before Flop (didn't bet)
Seat 5: kimjw800 folded before Flop (didn't bet)
Seat 6: kiks220272 folded before Flop (didn't bet)



PokerStars Zoom Hand #255783147847:  Hold'em No Limit ($0.05/$0.10) - 2025/04/18 10:21:22 CET [2025/04/18 4:21:22 ET]
Table 'Aludra' 6-max Seat #1 is the button
Seat 1: XXXXX466 ($10.30 in chips) 
Seat 2: Bur1k ($5.56 in chips) 
Seat 3: Vadim91_blr ($41.28 in chips) 
Seat 4: kazu1979 ($11.61 in chips) 
Seat 5: Mahu2021 ($6.25 in chips) 
Seat 6: szabarna ($10.14 in chips) 
Bur1k: posts small blind $0.05
Vadim91_blr: posts big blind $0.10
*** HOLE CARDS ***
Dealt to Mahu2021 [6s Jc]
kazu1979: folds 
Mahu2021: folds 
szabarna: folds 
XXXXX466: folds 
Bur1k: raises $0.14 to $0.24
Vadim91_blr: calls $0.14
*** FLOP *** [9d 4d 7h]
Bur1k: bets $0.26
Vadim91_blr: calls $0.26
*** TURN *** [9d 4d 7h] [2h]
Bur1k: checks 
Vadim91_blr: checks 
*** RIVER *** [9d 4d 7h 2h] [5c]
Bur1k: bets $0.54
Vadim91_blr: calls $0.54
*** SHOW DOWN ***
Bur1k: shows [Jh 8h] (high card Jack)
Vadim91_blr: shows [Ac 9s] (a pair of Nines)
Vadim91_blr collected $1.99 from pot
*** SUMMARY ***
Total pot $2.08 | Rake $0.09 
Board [9d 4d 7h 2h 5c]
Seat 1: XXXXX466 (button) folded before Flop (didn't bet)
Seat 2: Bur1k (small blind) showed [Jh 8h] and lost with high card Jack
Seat 3: Vadim91_blr (big blind) showed [Ac 9s] and won ($1.99) with a pair of Nines
Seat 4: kazu1979 folded before Flop (didn't bet)
Seat 5: Mahu2021 folded before Flop (didn't bet)
Seat 6: szabarna folded before Flop (didn't bet)



PokerStars Zoom Hand #255783146542:  Hold'em No Limit ($0.05/$0.10) - 2025/04/18 10:21:07 CET [2025/04/18 4:21:07 ET]
Table 'Aludra' 6-max Seat #1 is the button
Seat 1: Bur1k ($5.70 in chips) 
Seat 2: Mahu2021 ($6.30 in chips) 
Seat 3: seignior ($10 in chips) 
Seat 4: hong0627 ($10.05 in chips) 
Seat 5: Vadim91_blr ($10 in chips) 
Seat 6: camposiza ($9.98 in chips) 
Mahu2021: posts small blind $0.05
seignior: posts big blind $0.10
*** HOLE CARDS ***
Dealt to Mahu2021 [Qd 3d]
hong0627: folds 
Vadim91_blr: folds 
camposiza: raises $0.20 to $0.30
Bur1k: calls $0.30
Mahu2021: folds 
seignior: folds 
*** FLOP *** [3c Ks Td]
camposiza: bets $0.40
Bur1k: calls $0.40
*** TURN *** [3c Ks Td] [Kc]
camposiza: checks 
Bur1k: checks 
*** RIVER *** [3c Ks Td Kc] [4d]
camposiza: bets $1.28
Bur1k: folds 
Uncalled bet ($1.28) returned to camposiza
camposiza collected $1.48 from pot
camposiza: doesn't show hand 
*** SUMMARY ***
Total pot $1.55 | Rake $0.07 
Board [3c Ks Td Kc 4d]
Seat 1: Bur1k (button) folded on the River
Seat 2: Mahu2021 (small blind) folded before Flop
Seat 3: seignior (big blind) folded before Flop
Seat 4: hong0627 folded before Flop (didn't bet)
Seat 5: Vadim91_blr folded before Flop (didn't bet)
Seat 6: camposiza collected ($1.48)



PokerStars Zoom Hand #255783153296:  Hold'em No Limit ($0.05/$0.10) - 2025/04/18 10:22:23 CET [2025/04/18 4:22:23 ET]
Table 'Aludra' 6-max Seat #1 is the button
Seat 1: pokerstar671 ($9.51 in chips) 
Seat 2: rabitpieter ($10.08 in chips) 
Seat 3: timothyriddle ($10 in chips) 
Seat 4: latoots ($12.05 in chips) 
Seat 5: Mahu2021 ($6.40 in chips) 
Seat 6: TreeTreeTreeAA ($11.91 in chips) 
rabitpieter: posts small blind $0.05
timothyriddle: posts big blind $0.10
*** HOLE CARDS ***
Dealt to Mahu2021 [8d 2s]
latoots: folds 
Mahu2021: folds 
TreeTreeTreeAA: folds 
pokerstar671: folds 
rabitpieter: folds 
Uncalled bet ($0.05) returned to timothyriddle
timothyriddle collected $0.10 from pot
timothyriddle: doesn't show hand 
*** SUMMARY ***
Total pot $0.10 | Rake $0 
Seat 1: pokerstar671 (button) folded before Flop (didn't bet)
Seat 2: rabitpieter (small blind) folded before Flop
Seat 3: timothyriddle (big blind) collected ($0.10)
Seat 4: latoots folded before Flop (didn't bet)
Seat 5: Mahu2021 folded before Flop (didn't bet)
Seat 6: TreeTreeTreeAA folded before Flop (didn't bet)



PokerStars Zoom Hand #255783152933:  Hold'em No Limit ($0.05/$0.10) - 2025/04/18 10:22:19 CET [2025/04/18 4:22:19 ET]
Table 'Aludra' 6-max Seat #1 is the button
Seat 1: Bestology ($13.28 in chips) 
Seat 2: Mahu2021 ($6.45 in chips) 
Seat 3: allinanyti ($10.10 in chips) 
Seat 4: Bur1k ($5 in chips) 
Seat 5: XXXXX466 ($10.44 in chips) 
Seat 6: kentbel ($10.05 in chips) 
Mahu2021: posts small blind $0.05
allinanyti: posts big blind $0.10
*** HOLE CARDS ***
Dealt to Mahu2021 [9d 6h]
Bur1k: folds 
XXXXX466: folds 
kentbel: folds 
Bestology: folds 
Mahu2021: folds 
Uncalled bet ($0.05) returned to allinanyti
allinanyti collected $0.10 from pot
allinanyti: doesn't show hand 
*** SUMMARY ***
Total pot $0.10 | Rake $0 
Seat 1: Bestology (button) folded before Flop (didn't bet)
Seat 2: Mahu2021 (small blind) folded before Flop
Seat 3: allinanyti (big blind) collected ($0.10)
Seat 4: Bur1k folded before Flop (didn't bet)
Seat 5: XXXXX466 folded before Flop (didn't bet)
Seat 6: kentbel folded before Flop (didn't bet)



PokerStars Zoom Hand #255783153711:  Hold'em No Limit ($0.05/$0.10) - 2025/04/18 10:22:28 CET [2025/04/18 4:22:28 ET]
Table 'Aludra' 6-max Seat #1 is the button
Seat 1: tsurb26 ($23.56 in chips) 
Seat 2: TreeTreeTreeAA ($15.86 in chips) 
Seat 3: cadenza16 ($10 in chips) 
Seat 4: Altey09 ($11.87 in chips) 
Seat 5: kiks220272 ($15.18 in chips) 
Seat 6: Mahu2021 ($6.40 in chips) 
TreeTreeTreeAA: posts small blind $0.05
cadenza16: posts big blind $0.10
*** HOLE CARDS ***
Dealt to Mahu2021 [Jh Qc]
Altey09: folds 
kiks220272: folds 
Mahu2021: raises $0.10 to $0.20
tsurb26: folds 
TreeTreeTreeAA: folds 
cadenza16: folds 
Uncalled bet ($0.10) returned to Mahu2021
Mahu2021 collected $0.25 from pot
Mahu2021: doesn't show hand 
*** SUMMARY ***
Total pot $0.25 | Rake $0 
Seat 1: tsurb26 (button) folded before Flop (didn't bet)
Seat 2: TreeTreeTreeAA (small blind) folded before Flop
Seat 3: cadenza16 (big blind) folded before Flop
Seat 4: Altey09 folded before Flop (didn't bet)
Seat 5: kiks220272 folded before Flop (didn't bet)
Seat 6: Mahu2021 collected ($0.25)



PokerStars Zoom Hand #255783151384:  Hold'em No Limit ($0.05/$0.10) - 2025/04/18 10:22:01 CET [2025/04/18 4:22:01 ET]
Table 'Aludra' 6-max Seat #1 is the button
Seat 1: hong0627 ($12.24 in chips) 
Seat 2: cadenza16 ($10 in chips) 
Seat 3: Mahu2021 ($6.55 in chips) 
Seat 4: kazu1979 ($12.03 in chips) 
Seat 5: kimjw800 ($10 in chips) 
Seat 6: founder9 ($8.52 in chips) 
cadenza16: posts small blind $0.05
Mahu2021: posts big blind $0.10
*** HOLE CARDS ***
Dealt to Mahu2021 [7s Qc]
kazu1979: folds 
kimjw800: folds 
founder9: raises $0.25 to $0.35
hong0627: calls $0.35
cadenza16: folds 
Mahu2021: folds 
*** FLOP *** [Kc 6c 4h]
founder9: checks 
hong0627: checks 
*** TURN *** [Kc 6c 4h] [4s]
founder9: checks 
hong0627: checks 
*** RIVER *** [Kc 6c 4h 4s] [Ad]
founder9: bets $0.41
hong0627: folds 
Uncalled bet ($0.41) returned to founder9
founder9 collected $0.81 from pot
founder9: doesn't show hand 
*** SUMMARY ***
Total pot $0.85 | Rake $0.04 
Board [Kc 6c 4h 4s Ad]
Seat 1: hong0627 (button) folded on the River
Seat 2: cadenza16 (small blind) folded before Flop
Seat 3: Mahu2021 (big blind) folded before Flop
Seat 4: kazu1979 folded before Flop (didn't bet)
Seat 5: kimjw800 folded before Flop (didn't bet)
Seat 6: founder9 collected ($0.81)



PokerStars Zoom Hand #255783154822:  Hold'em No Limit ($0.05/$0.10) - 2025/04/18 10:22:40 CET [2025/04/18 4:22:40 ET]
Table 'Aludra' 6-max Seat #1 is the button
Seat 1: allinanyti ($10.58 in chips) 
Seat 2: pokerstar671 ($10.30 in chips) 
Seat 3: makwos ($16.59 in chips) 
Seat 4: Mahu2021 ($6.55 in chips) 
Seat 5: Bestology ($22.87 in chips) 
Seat 6: Vadim91_blr ($19.08 in chips) 
pokerstar671: posts small blind $0.05
makwos: posts big blind $0.10
*** HOLE CARDS ***
Dealt to Mahu2021 [Tc Js]
Mahu2021: folds 
Bestology: folds 
Vadim91_blr: folds 
allinanyti: raises $0.15 to $0.25
pokerstar671: folds 
makwos: folds 
Uncalled bet ($0.15) returned to allinanyti
allinanyti collected $0.25 from pot
allinanyti: doesn't show hand 
*** SUMMARY ***
Total pot $0.25 | Rake $0 
Seat 1: allinanyti (button) collected ($0.25)
Seat 2: pokerstar671 (small blind) folded before Flop
Seat 3: makwos (big blind) folded before Flop
Seat 4: Mahu2021 folded before Flop (didn't bet)
Seat 5: Bestology folded before Flop (didn't bet)
Seat 6: Vadim91_blr folded before Flop (didn't bet)



PokerStars Zoom Hand #255783156224:  Hold'em No Limit ($0.05/$0.10) - 2025/04/18 10:22:56 CET [2025/04/18 4:22:56 ET]
Table 'Aludra' 6-max Seat #1 is the button
Seat 1: d11dozer ($19.09 in chips) 
Seat 2: rabitpieter ($10.08 in chips) 
Seat 3: hong0627 ($10.38 in chips) 
Seat 4: Mahu2021 ($6.45 in chips) 
Seat 5: Bur1k ($5 in chips) 
Seat 6: Peter 091964 ($7.38 in chips) 
rabitpieter: posts small blind $0.05
hong0627: posts big blind $0.10
*** HOLE CARDS ***
Dealt to Mahu2021 [3s 5s]
Mahu2021: folds 
Bur1k: raises $0.20 to $0.30
Peter 091964: folds 
d11dozer: folds 
rabitpieter: folds 
hong0627: folds 
Uncalled bet ($0.20) returned to Bur1k
Bur1k collected $0.25 from pot
Bur1k: doesn't show hand 
*** SUMMARY ***
Total pot $0.25 | Rake $0 
Seat 1: d11dozer (button) folded before Flop (didn't bet)
Seat 2: rabitpieter (small blind) folded before Flop
Seat 3: hong0627 (big blind) folded before Flop
Seat 4: Mahu2021 folded before Flop (didn't bet)
Seat 5: Bur1k collected ($0.25)
Seat 6: Peter 091964 folded before Flop (didn't bet)



PokerStars Zoom Hand #255783156586:  Hold'em No Limit ($0.05/$0.10) - 2025/04/18 10:23:00 CET [2025/04/18 4:23:00 ET]
Table 'Aludra' 6-max Seat #1 is the button
Seat 1: Mahu2021 ($6.45 in chips) 
Seat 2: luchim18 ($10 in chips) 
Seat 3: pokerstar671 ($9.51 in chips) 
Seat 4: allinanyti ($10.73 in chips) 
Seat 5: kazu1979 ($13.55 in chips) 
Seat 6: makwos ($16.44 in chips) 
luchim18: posts small blind $0.05
pokerstar671: posts big blind $0.10
*** HOLE CARDS ***
Dealt to Mahu2021 [4h Ac]
allinanyti: folds 
kazu1979: raises $0.10 to $0.20
makwos: folds 
Mahu2021: folds 
luchim18: folds 
pokerstar671: folds 
Uncalled bet ($0.10) returned to kazu1979
kazu1979 collected $0.25 from pot
kazu1979: doesn't show hand 
*** SUMMARY ***
Total pot $0.25 | Rake $0 
Seat 1: Mahu2021 (button) folded before Flop (didn't bet)
Seat 2: luchim18 (small blind) folded before Flop
Seat 3: pokerstar671 (big blind) folded before Flop
Seat 4: allinanyti folded before Flop (didn't bet)
Seat 5: kazu1979 collected ($0.25)
Seat 6: makwos folded before Flop (didn't bet)



PokerStars Zoom Hand #255783155168:  Hold'em No Limit ($0.05/$0.10) - 2025/04/18 10:22:44 CET [2025/04/18 4:22:44 ET]
Table 'Aludra' 6-max Seat #1 is the button
Seat 1: cadenza16 ($10 in chips) 
Seat 2: sergio199921 ($10 in chips) 
Seat 3: Mahu2021 ($6.55 in chips) 
Seat 4: MikeFatsi ($15.46 in chips) 
Seat 5: allinanyti ($10.15 in chips) 
Seat 6: kazu1979 ($10 in chips) 
sergio199921: posts small blind $0.05
Mahu2021: posts big blind $0.10
*** HOLE CARDS ***
Dealt to Mahu2021 [2h 3d]
MikeFatsi: folds 
allinanyti: folds 
kazu1979: raises $0.13 to $0.23
cadenza16: calls $0.23
sergio199921: calls $0.18
Mahu2021: folds 
*** FLOP *** [9c Ah 5s]
sergio199921: checks 
kazu1979: checks 
cadenza16: bets $0.25
sergio199921: folds 
kazu1979: folds 
Uncalled bet ($0.25) returned to cadenza16
cadenza16 collected $0.75 from pot
cadenza16: doesn't show hand 
*** SUMMARY ***
Total pot $0.79 | Rake $0.04 
Board [9c Ah 5s]
Seat 1: cadenza16 (button) collected ($0.75)
Seat 2: sergio199921 (small blind) folded on the Flop
Seat 3: Mahu2021 (big blind) folded before Flop
Seat 4: MikeFatsi folded before Flop (didn't bet)
Seat 5: allinanyti folded before Flop (didn't bet)
Seat 6: kazu1979 folded on the Flop



PokerStars Zoom Hand #255783158576:  Hold'em No Limit ($0.05/$0.10) - 2025/04/18 10:23:22 CET [2025/04/18 4:23:22 ET]
Table 'Aludra' 6-max Seat #1 is the button
Seat 1: tiki.dinamo ($22.42 in chips) 
Seat 2: kentbel ($10.28 in chips) 
Seat 3: luchim18 ($10 in chips) 
Seat 4: TreeTreeTreeAA ($15.66 in chips) 
Seat 5: cadenza16 ($10.52 in chips) 
Seat 6: Mahu2021 ($6.40 in chips) 
kentbel: posts small blind $0.05
luchim18: posts big blind $0.10
*** HOLE CARDS ***
Dealt to Mahu2021 [6h 4d]
TreeTreeTreeAA: raises $0.10 to $0.20
cadenza16: folds 
Mahu2021: folds 
tiki.dinamo: folds 
kentbel: folds 
luchim18: folds 
Uncalled bet ($0.10) returned to TreeTreeTreeAA
TreeTreeTreeAA collected $0.25 from pot
TreeTreeTreeAA: doesn't show hand 
*** SUMMARY ***
Total pot $0.25 | Rake $0 
Seat 1: tiki.dinamo (button) folded before Flop (didn't bet)
Seat 2: kentbel (small blind) folded before Flop
Seat 3: luchim18 (big blind) folded before Flop
Seat 4: TreeTreeTreeAA collected ($0.25)
Seat 5: cadenza16 folded before Flop (didn't bet)
Seat 6: Mahu2021 folded before Flop (didn't bet)



PokerStars Zoom Hand #255783158973:  Hold'em No Limit ($0.05/$0.10) - 2025/04/18 10:23:26 CET [2025/04/18 4:23:26 ET]
Table 'Aludra' 6-max Seat #1 is the button
Seat 1: pokerstar671 ($9.36 in chips) 
Seat 2: XXXXX466 ($10.64 in chips) 
Seat 3: kimjw800 ($10.23 in chips) 
Seat 4: BluffsLord ($11.43 in chips) 
Seat 5: Mahu2021 ($6.40 in chips) 
Seat 6: kazu1979 ($10 in chips) 
XXXXX466: posts small blind $0.05
kimjw800: posts big blind $0.10
*** HOLE CARDS ***
Dealt to Mahu2021 [2h Ah]
BluffsLord: folds 
Mahu2021: raises $0.20 to $0.30
kazu1979: folds 
pokerstar671: folds 
XXXXX466: folds 
kimjw800: calls $0.20
*** FLOP *** [7d Qd 4s]
kimjw800: checks 
Mahu2021: bets $0.30
kimjw800: folds 
Uncalled bet ($0.30) returned to Mahu2021
Mahu2021 collected $0.62 from pot
Mahu2021: doesn't show hand 
*** SUMMARY ***
Total pot $0.65 | Rake $0.03 
Board [7d Qd 4s]
Seat 1: pokerstar671 (button) folded before Flop (didn't bet)
Seat 2: XXXXX466 (small blind) folded before Flop
Seat 3: kimjw800 (big blind) folded on the Flop
Seat 4: BluffsLord folded before Flop (didn't bet)
Seat 5: Mahu2021 collected ($0.62)
Seat 6: kazu1979 folded before Flop (didn't bet)



PokerStars Zoom Hand #255783158121:  Hold'em No Limit ($0.05/$0.10) - 2025/04/18 10:23:17 CET [2025/04/18 4:23:17 ET]
Table 'Aludra' 6-max Seat #1 is the button
Seat 1: kimjw800 ($10.23 in chips) 
Seat 2: Vadim91_blr ($32.23 in chips) 
Seat 3: camposiza ($10.86 in chips) 
Seat 4: pokerstar671 ($10.15 in chips) 
Seat 5: Mahu2021 ($6.40 in chips) 
Seat 6: TreeTreeTreeAA ($15.66 in chips) 
Vadim91_blr: posts small blind $0.05
camposiza: posts big blind $0.10
*** HOLE CARDS ***
Dealt to Mahu2021 [6h 3h]
pokerstar671: raises $0.10 to $0.20
Mahu2021: folds 
TreeTreeTreeAA: folds 
kimjw800: folds 
Vadim91_blr: calls $0.15
camposiza: folds 
*** FLOP *** [Ah 7d 5c]
Vadim91_blr: checks 
pokerstar671: bets $0.24
Vadim91_blr: calls $0.24
*** TURN *** [Ah 7d 5c] [Jd]
Vadim91_blr: checks 
pokerstar671: checks 
*** RIVER *** [Ah 7d 5c Jd] [6s]
Vadim91_blr: bets $31.79 and is all-in
pokerstar671: folds 
Uncalled bet ($31.79) returned to Vadim91_blr
Vadim91_blr collected $0.94 from pot
Vadim91_blr: doesn't show hand 
*** SUMMARY ***
Total pot $0.98 | Rake $0.04 
Board [Ah 7d 5c Jd 6s]
Seat 1: kimjw800 (button) folded before Flop (didn't bet)
Seat 2: Vadim91_blr (small blind) collected ($0.94)
Seat 3: camposiza (big blind) folded before Flop
Seat 4: pokerstar671 folded on the River
Seat 5: Mahu2021 folded before Flop (didn't bet)
Seat 6: TreeTreeTreeAA folded before Flop (didn't bet)



PokerStars Zoom Hand #255783157767:  Hold'em No Limit ($0.05/$0.10) - 2025/04/18 10:23:13 CET [2025/04/18 4:23:13 ET]
Table 'Aludra' 6-max Seat #1 is the button
Seat 1: Peter 091964 ($8.47 in chips) 
Seat 2: Mahu2021 ($6.45 in chips) 
Seat 3: jltm1994 ($10 in chips) 
Seat 4: camposiza ($10.86 in chips) 
Seat 5: gardener883 ($10.84 in chips) 
Seat 6: kimjw800 ($10.23 in chips) 
Mahu2021: posts small blind $0.05
jltm1994: posts big blind $0.10
*** HOLE CARDS ***
Dealt to Mahu2021 [Td 6c]
camposiza: folds 
gardener883: raises $0.10 to $0.20
kimjw800: folds 
Peter 091964: calls $0.20
Mahu2021: folds 
jltm1994: calls $0.10
*** FLOP *** [Qs 5h Jh]
jltm1994: checks 
gardener883: bets $0.24
Peter 091964: calls $0.24
jltm1994: folds 
*** TURN *** [Qs 5h Jh] [5s]
gardener883: bets $0.36
Peter 091964: calls $0.36
*** RIVER *** [Qs 5h Jh 5s] [8c]
gardener883: bets $0.77
Peter 091964: folds 
Uncalled bet ($0.77) returned to gardener883
gardener883 collected $1.77 from pot
gardener883: doesn't show hand 
*** SUMMARY ***
Total pot $1.85 | Rake $0.08 
Board [Qs 5h Jh 5s 8c]
Seat 1: Peter 091964 (button) folded on the River
Seat 2: Mahu2021 (small blind) folded before Flop
Seat 3: jltm1994 (big blind) folded on the Flop
Seat 4: camposiza folded before Flop (didn't bet)
Seat 5: gardener883 collected ($1.77)
Seat 6: kimjw800 folded before Flop (didn't bet)



PokerStars Zoom Hand #255783160942:  Hold'em No Limit ($0.05/$0.10) - 2025/04/18 10:23:48 CET [2025/04/18 4:23:48 ET]
Table 'Aludra' 6-max Seat #1 is the button
Seat 1: allinanyti ($10 in chips) 
Seat 2: Mahu2021 ($6.72 in chips) 
Seat 3: Bur1k ($5.10 in chips) 
Seat 4: XXXXX466 ($10.59 in chips) 
Seat 5: jltm1994 ($9.75 in chips) 
Seat 6: Bestology ($13.28 in chips) 
Mahu2021: posts small blind $0.05
Bur1k: posts big blind $0.10
*** HOLE CARDS ***
Dealt to Mahu2021 [7h 6s]
XXXXX466: folds 
jltm1994: folds 
Bestology: folds 
allinanyti: raises $0.15 to $0.25
Mahu2021: calls $0.20
Bur1k: raises $0.65 to $0.90
allinanyti: folds 
Mahu2021: folds 
Uncalled bet ($0.65) returned to Bur1k
Bur1k collected $0.75 from pot
Bur1k: doesn't show hand 
*** SUMMARY ***
Total pot $0.75 | Rake $0 
Seat 1: allinanyti (button) folded before Flop
Seat 2: Mahu2021 (small blind) folded before Flop
Seat 3: Bur1k (big blind) collected ($0.75)
Seat 4: XXXXX466 folded before Flop (didn't bet)
Seat 5: jltm1994 folded before Flop (didn't bet)
Seat 6: Bestology folded before Flop (didn't bet)



PokerStars Zoom Hand #255783162919:  Hold'em No Limit ($0.05/$0.10) - 2025/04/18 10:24:10 CET [2025/04/18 4:24:10 ET]
Table 'Aludra' 6-max Seat #1 is the button
Seat 1: rabitpieter ($9.63 in chips) 
Seat 2: Bur1k ($5.90 in chips) 
Seat 3: Mahu2021 ($6.47 in chips) 
Seat 4: kazu1979 ($12.96 in chips) 
Seat 5: luchim18 ($10 in chips) 
Seat 6: cadenza16 ($10 in chips) 
Bur1k: posts small blind $0.05
Mahu2021: posts big blind $0.10
*** HOLE CARDS ***
Dealt to Mahu2021 [3c Ah]
kazu1979: folds 
luchim18: raises $0.12 to $0.22
cadenza16: folds 
rabitpieter: folds 
Bur1k: folds 
Mahu2021: folds 
Uncalled bet ($0.12) returned to luchim18
luchim18 collected $0.25 from pot
luchim18: doesn't show hand 
*** SUMMARY ***
Total pot $0.25 | Rake $0 
Seat 1: rabitpieter (button) folded before Flop (didn't bet)
Seat 2: Bur1k (small blind) folded before Flop
Seat 3: Mahu2021 (big blind) folded before Flop
Seat 4: kazu1979 folded before Flop (didn't bet)
Seat 5: luchim18 collected ($0.25)
Seat 6: cadenza16 folded before Flop (didn't bet)



PokerStars Zoom Hand #255783165529:  Hold'em No Limit ($0.05/$0.10) - 2025/04/18 10:24:39 CET [2025/04/18 4:24:39 ET]
Table 'Aludra' 6-max Seat #1 is the button
Seat 1: cadenza16 ($10 in chips) 
Seat 2: BluffsLord ($14.47 in chips) 
Seat 3: Bur1k ($5.40 in chips) 
Seat 4: luchim18 ($10 in chips) 
Seat 5: kentbel ($10.46 in chips) 
Seat 6: Mahu2021 ($6.37 in chips) 
BluffsLord: posts small blind $0.05
Bur1k: posts big blind $0.10
*** HOLE CARDS ***
Dealt to Mahu2021 [6c 4d]
luchim18: folds 
kentbel: folds 
Mahu2021: folds 
cadenza16: folds 
BluffsLord: folds 
Uncalled bet ($0.05) returned to Bur1k
Bur1k collected $0.10 from pot
Bur1k: doesn't show hand 
*** SUMMARY ***
Total pot $0.10 | Rake $0 
Seat 1: cadenza16 (button) folded before Flop (didn't bet)
Seat 2: BluffsLord (small blind) folded before Flop
Seat 3: Bur1k (big blind) collected ($0.10)
Seat 4: luchim18 folded before Flop (didn't bet)
Seat 5: kentbel folded before Flop (didn't bet)
Seat 6: Mahu2021 folded before Flop (didn't bet)



PokerStars Zoom Hand #255783164820:  Hold'em No Limit ($0.05/$0.10) - 2025/04/18 10:24:31 CET [2025/04/18 4:24:31 ET]
Table 'Aludra' 6-max Seat #1 is the button
Seat 1: Mahu2021 ($6.37 in chips) 
Seat 2: allinanyti ($10.05 in chips) 
Seat 3: Peter 091964 ($6.62 in chips) 
Seat 4: tiki.dinamo ($22.22 in chips) 
Seat 5: Bur1k ($5.85 in chips) 
Seat 6: Bestology ($13.03 in chips) 
allinanyti: posts small blind $0.05
Peter 091964: posts big blind $0.10
*** HOLE CARDS ***
Dealt to Mahu2021 [2c Qs]
tiki.dinamo: folds 
Bur1k: folds 
Bestology: folds 
Mahu2021: folds 
allinanyti: raises $0.20 to $0.30
Peter 091964: calls $0.20
*** FLOP *** [Kh Ts As]
allinanyti: checks 
Peter 091964: checks 
*** TURN *** [Kh Ts As] [5d]
allinanyti: bets $0.46
Peter 091964: folds 
Uncalled bet ($0.46) returned to allinanyti
allinanyti collected $0.57 from pot
allinanyti: doesn't show hand 
*** SUMMARY ***
Total pot $0.60 | Rake $0.03 
Board [Kh Ts As 5d]
Seat 1: Mahu2021 (button) folded before Flop (didn't bet)
Seat 2: allinanyti (small blind) collected ($0.57)
Seat 3: Peter 091964 (big blind) folded on the Turn
Seat 4: tiki.dinamo folded before Flop (didn't bet)
Seat 5: Bur1k folded before Flop (didn't bet)
Seat 6: Bestology folded before Flop (didn't bet)



PokerStars Zoom Hand #255783166086:  Hold'em No Limit ($0.05/$0.10) - 2025/04/18 10:24:45 CET [2025/04/18 4:24:45 ET]
Table 'Aludra' 6-max Seat #1 is the button
Seat 1: timothyriddle ($10.25 in chips) 
Seat 2: rabitpieter ($9.68 in chips) 
Seat 3: luchim18 ($10.18 in chips) 
Seat 4: Mahu2021 ($6.37 in chips) 
Seat 5: kimjw800 ($10 in chips) 
Seat 6: TreeTreeTreeAA ($11.51 in chips) 
rabitpieter: posts small blind $0.05
luchim18: posts big blind $0.10
*** HOLE CARDS ***
Dealt to Mahu2021 [6d 4s]
Mahu2021: folds 
kimjw800: raises $0.10 to $0.20
TreeTreeTreeAA: folds 
timothyriddle: folds 
rabitpieter: folds 
luchim18: folds 
Uncalled bet ($0.10) returned to kimjw800
kimjw800 collected $0.25 from pot
kimjw800: doesn't show hand 
*** SUMMARY ***
Total pot $0.25 | Rake $0 
Seat 1: timothyriddle (button) folded before Flop (didn't bet)
Seat 2: rabitpieter (small blind) folded before Flop
Seat 3: luchim18 (big blind) folded before Flop
Seat 4: Mahu2021 folded before Flop (didn't bet)
Seat 5: kimjw800 collected ($0.25)
Seat 6: TreeTreeTreeAA folded before Flop (didn't bet)



PokerStars Zoom Hand #255783167688:  Hold'em No Limit ($0.05/$0.10) - 2025/04/18 10:25:03 CET [2025/04/18 4:25:03 ET]
Table 'Aludra' 6-max Seat #1 is the button
Seat 1: Sorathan ($4.19 in chips) 
Seat 2: Bur1k ($5.12 in chips) 
Seat 3: Mahu2021 ($6.32 in chips) 
Seat 4: makwos ($16.14 in chips) 
Seat 5: cadenza16 ($10 in chips) 
Seat 6: szabarna ($10 in chips) 
Bur1k: posts small blind $0.05
Mahu2021: posts big blind $0.10
*** HOLE CARDS ***
Dealt to Mahu2021 [Qs 4h]
makwos: folds 
cadenza16: folds 
szabarna: folds 
Sorathan: folds 
Bur1k: raises $0.14 to $0.24
Mahu2021: folds 
Uncalled bet ($0.14) returned to Bur1k
Bur1k collected $0.20 from pot
Bur1k: doesn't show hand 
*** SUMMARY ***
Total pot $0.20 | Rake $0 
Seat 1: Sorathan (button) folded before Flop (didn't bet)
Seat 2: Bur1k (small blind) collected ($0.20)
Seat 3: Mahu2021 (big blind) folded before Flop
Seat 4: makwos folded before Flop (didn't bet)
Seat 5: cadenza16 folded before Flop (didn't bet)
Seat 6: szabarna folded before Flop (didn't bet)



PokerStars Zoom Hand #255783169059:  Hold'em No Limit ($0.05/$0.10) - 2025/04/18 10:25:18 CET [2025/04/18 4:25:18 ET]
Table 'Aludra' 6-max Seat #1 is the button
Seat 1: kentbel ($10.31 in chips) 
Seat 2: Vadim91_blr ($12.74 in chips) 
Seat 3: cadenza16 ($10 in chips) 
Seat 4: kimjw800 ($10.30 in chips) 
Seat 5: Bestology ($22.63 in chips) 
Seat 6: Mahu2021 ($6.22 in chips) 
Vadim91_blr: posts small blind $0.05
cadenza16: posts big blind $0.10
*** HOLE CARDS ***
Dealt to Mahu2021 [Kh Td]
kimjw800: folds 
Bestology: folds 
Mahu2021: raises $0.10 to $0.20
kentbel: folds 
Vadim91_blr: folds 
cadenza16: folds 
Uncalled bet ($0.10) returned to Mahu2021
Mahu2021 collected $0.25 from pot
Mahu2021: doesn't show hand 
*** SUMMARY ***
Total pot $0.25 | Rake $0 
Seat 1: kentbel (button) folded before Flop (didn't bet)
Seat 2: Vadim91_blr (small blind) folded before Flop
Seat 3: cadenza16 (big blind) folded before Flop
Seat 4: kimjw800 folded before Flop (didn't bet)
Seat 5: Bestology folded before Flop (didn't bet)
Seat 6: Mahu2021 collected ($0.25)



PokerStars Zoom Hand #255783166426:  Hold'em No Limit ($0.05/$0.10) - 2025/04/18 10:24:49 CET [2025/04/18 4:24:49 ET]
Table 'Aludra' 6-max Seat #1 is the button
Seat 1: makwos ($16.14 in chips) 
Seat 2: Mahu2021 ($6.37 in chips) 
Seat 3: luchim18 ($10 in chips) 
Seat 4: Huckypete ($11.20 in chips) 
Seat 5: gardener883 ($11.76 in chips) 
Seat 6: XXXXX466 ($10.30 in chips) 
Mahu2021: posts small blind $0.05
luchim18: posts big blind $0.10
*** HOLE CARDS ***
Dealt to Mahu2021 [5d 4h]
Huckypete: calls $0.10
gardener883: raises $0.20 to $0.30
XXXXX466: folds 
makwos: folds 
Mahu2021: folds 
luchim18: calls $0.20
Huckypete: calls $0.20
*** FLOP *** [Kd 6h 6s]
luchim18: checks 
Huckypete: checks 
gardener883: checks 
*** TURN *** [Kd 6h 6s] [Jc]
luchim18: checks 
Huckypete: checks 
gardener883: bets $0.43
luchim18: folds 
Huckypete: folds 
Uncalled bet ($0.43) returned to gardener883
gardener883 collected $0.91 from pot
gardener883: doesn't show hand 
*** SUMMARY ***
Total pot $0.95 | Rake $0.04 
Board [Kd 6h 6s Jc]
Seat 1: makwos (button) folded before Flop (didn't bet)
Seat 2: Mahu2021 (small blind) folded before Flop
Seat 3: luchim18 (big blind) folded on the Turn
Seat 4: Huckypete folded on the Turn
Seat 5: gardener883 collected ($0.91)
Seat 6: XXXXX466 folded before Flop (didn't bet)



PokerStars Zoom Hand #255783167328:  Hold'em No Limit ($0.05/$0.10) - 2025/04/18 10:24:59 CET [2025/04/18 4:24:59 ET]
Table 'Aludra' 6-max Seat #1 is the button
Seat 1: Mahu2021 ($6.32 in chips) 
Seat 2: Bestology ($22.63 in chips) 
Seat 3: kentbel ($10.41 in chips) 
Seat 4: TreeTreeTreeAA ($11.51 in chips) 
Seat 5: allinanyti ($11.08 in chips) 
Seat 6: rabitpieter ($9.63 in chips) 
Bestology: posts small blind $0.05
kentbel: posts big blind $0.10
*** HOLE CARDS ***
Dealt to Mahu2021 [2h 9c]
TreeTreeTreeAA: raises $0.10 to $0.20
allinanyti: folds 
rabitpieter: calls $0.20
Mahu2021: folds 
Bestology: folds 
kentbel: folds 
*** FLOP *** [Qh 7h 2c]
TreeTreeTreeAA: bets $0.27
rabitpieter: calls $0.27
*** TURN *** [Qh 7h 2c] [Js]
TreeTreeTreeAA: bets $1.50
rabitpieter: folds 
Uncalled bet ($1.50) returned to TreeTreeTreeAA
TreeTreeTreeAA collected $1.04 from pot
TreeTreeTreeAA: doesn't show hand 
*** SUMMARY ***
Total pot $1.09 | Rake $0.05 
Board [Qh 7h 2c Js]
Seat 1: Mahu2021 (button) folded before Flop (didn't bet)
Seat 2: Bestology (small blind) folded before Flop
Seat 3: kentbel (big blind) folded before Flop
Seat 4: TreeTreeTreeAA collected ($1.04)
Seat 5: allinanyti folded before Flop (didn't bet)
Seat 6: rabitpieter folded on the Turn



PokerStars Zoom Hand #255783169975:  Hold'em No Limit ($0.05/$0.10) - 2025/04/18 10:25:28 CET [2025/04/18 4:25:28 ET]
Table 'Aludra' 6-max Seat #1 is the button
Seat 1: Vadim91_blr ($33.88 in chips) 
Seat 2: XXXXX466 ($10.35 in chips) 
Seat 3: hong0627 ($10.56 in chips) 
Seat 4: Bestology ($22.63 in chips) 
Seat 5: Mahu2021 ($6.37 in chips) 
Seat 6: szabarna ($10 in chips) 
XXXXX466: posts small blind $0.05
hong0627: posts big blind $0.10
*** HOLE CARDS ***
Dealt to Mahu2021 [5c Jc]
Bestology: raises $0.10 to $0.20
Mahu2021: folds 
szabarna: folds 
Vadim91_blr: folds 
XXXXX466: folds 
hong0627: folds 
Uncalled bet ($0.10) returned to Bestology
Bestology collected $0.25 from pot
Bestology: doesn't show hand 
*** SUMMARY ***
Total pot $0.25 | Rake $0 
Seat 1: Vadim91_blr (button) folded before Flop (didn't bet)
Seat 2: XXXXX466 (small blind) folded before Flop
Seat 3: hong0627 (big blind) folded before Flop
Seat 4: Bestology collected ($0.25)
Seat 5: Mahu2021 folded before Flop (didn't bet)
Seat 6: szabarna folded before Flop (didn't bet)



PokerStars Zoom Hand #255783171031:  Hold'em No Limit ($0.05/$0.10) - 2025/04/18 10:25:40 CET [2025/04/18 4:25:40 ET]
Table 'Aludra' 6-max Seat #1 is the button
Seat 1: Mahu2021 ($6.37 in chips) 
Seat 2: cadenza16 ($10 in chips) 
Seat 3: kentbel ($12.94 in chips) 
Seat 4: TreeTreeTreeAA ($12.08 in chips) 
Seat 5: jltm1994 ($13.41 in chips) 
Seat 6: Vadim91_blr ($33.88 in chips) 
cadenza16: posts small blind $0.05
kentbel: posts big blind $0.10
*** HOLE CARDS ***
Dealt to Mahu2021 [8d Ts]
TreeTreeTreeAA: folds 
jltm1994: folds 
Vadim91_blr: folds 
Mahu2021: folds 
cadenza16: folds 
Uncalled bet ($0.05) returned to kentbel
kentbel collected $0.10 from pot
kentbel: doesn't show hand 
*** SUMMARY ***
Total pot $0.10 | Rake $0 
Seat 1: Mahu2021 (button) folded before Flop (didn't bet)
Seat 2: cadenza16 (small blind) folded before Flop
Seat 3: kentbel (big blind) collected ($0.10)
Seat 4: TreeTreeTreeAA folded before Flop (didn't bet)
Seat 5: jltm1994 folded before Flop (didn't bet)
Seat 6: Vadim91_blr folded before Flop (didn't bet)



PokerStars Zoom Hand #255783170694:  Hold'em No Limit ($0.05/$0.10) - 2025/04/18 10:25:36 CET [2025/04/18 4:25:36 ET]
Table 'Aludra' 6-max Seat #1 is the button
Seat 1: Vadim91_blr ($34.15 in chips) 
Seat 2: camposiza ($13.72 in chips) 
Seat 3: luchim18 ($10.45 in chips) 
Seat 4: Mahu2021 ($6.37 in chips) 
Seat 5: XXXXX466 ($10.30 in chips) 
Seat 6: hong0627 ($10.34 in chips) 
camposiza: posts small blind $0.05
luchim18: posts big blind $0.10
*** HOLE CARDS ***
Dealt to Mahu2021 [7s Ts]
Mahu2021: folds 
XXXXX466: folds 
hong0627: folds 
Vadim91_blr: raises $0.10 to $0.20
camposiza: folds 
luchim18: calls $0.10
*** FLOP *** [6d 3h Jh]
luchim18: checks 
Vadim91_blr: checks 
*** TURN *** [6d 3h Jh] [Kh]
luchim18: bets $0.14
Vadim91_blr: calls $0.14
*** RIVER *** [6d 3h Jh Kh] [4s]
luchim18: checks 
Vadim91_blr: checks 
*** SHOW DOWN ***
luchim18: shows [5h 5c] (a pair of Fives)
Vadim91_blr: shows [Ad Kd] (a pair of Kings)
Vadim91_blr collected $0.70 from pot
*** SUMMARY ***
Total pot $0.73 | Rake $0.03 
Board [6d 3h Jh Kh 4s]
Seat 1: Vadim91_blr (button) showed [Ad Kd] and won ($0.70) with a pair of Kings
Seat 2: camposiza (small blind) folded before Flop
Seat 3: luchim18 (big blind) showed [5h 5c] and lost with a pair of Fives
Seat 4: Mahu2021 folded before Flop (didn't bet)
Seat 5: XXXXX466 folded before Flop (didn't bet)
Seat 6: hong0627 folded before Flop (didn't bet)



PokerStars Zoom Hand #255783170342:  Hold'em No Limit ($0.05/$0.10) - 2025/04/18 10:25:32 CET [2025/04/18 4:25:32 ET]
Table 'Aludra' 6-max Seat #1 is the button
Seat 1: Bur1k ($5.40 in chips) 
Seat 2: pokerstar671 ($9.87 in chips) 
Seat 3: liakouras86 ($15 in chips) 
Seat 4: Mahu2021 ($6.37 in chips) 
Seat 5: cadenza16 ($10.37 in chips) 
Seat 6: XXXXX466 ($10.30 in chips) 
pokerstar671: posts small blind $0.05
liakouras86: posts big blind $0.10
*** HOLE CARDS ***
Dealt to Mahu2021 [5d Jh]
Mahu2021: folds 
cadenza16: raises $0.15 to $0.25
XXXXX466: folds 
Bur1k: folds 
pokerstar671: folds 
liakouras86: calls $0.15
*** FLOP *** [2h Js Qc]
liakouras86: checks 
cadenza16: checks 
*** TURN *** [2h Js Qc] [Kd]
liakouras86: checks 
cadenza16: checks 
*** RIVER *** [2h Js Qc Kd] [2s]
liakouras86: checks 
cadenza16: checks 
*** SHOW DOWN ***
liakouras86: shows [8c 8s] (two pair, Eights and Deuces)
cadenza16: mucks hand 
liakouras86 collected $0.53 from pot
*** SUMMARY ***
Total pot $0.55 | Rake $0.02 
Board [2h Js Qc Kd 2s]
Seat 1: Bur1k (button) folded before Flop (didn't bet)
Seat 2: pokerstar671 (small blind) folded before Flop
Seat 3: liakouras86 (big blind) showed [8c 8s] and won ($0.53) with two pair, Eights and Deuces
Seat 4: Mahu2021 folded before Flop (didn't bet)
Seat 5: cadenza16 mucked [7s 7h]
Seat 6: XXXXX466 folded before Flop (didn't bet)



PokerStars Zoom Hand #255783171916:  Hold'em No Limit ($0.05/$0.10) - 2025/04/18 10:25:50 CET [2025/04/18 4:25:50 ET]
Table 'Aludra' 6-max Seat #1 is the button
Seat 1: Huckypete ($10.80 in chips) 
Seat 2: BluffsLord ($10 in chips) 
Seat 3: Mahu2021 ($6.37 in chips) 
Seat 4: XXXXX466 ($10.30 in chips) 
Seat 5: camposiza ($13.67 in chips) 
Seat 6: Vadim91_blr ($19.27 in chips) 
BluffsLord: posts small blind $0.05
Mahu2021: posts big blind $0.10
*** HOLE CARDS ***
Dealt to Mahu2021 [5h 4c]
XXXXX466: folds 
camposiza: folds 
Vadim91_blr: folds 
Huckypete: calls $0.10
BluffsLord: folds 
Mahu2021: checks 
*** FLOP *** [4h 3d Qd]
Mahu2021: bets $0.20
Huckypete: calls $0.20
*** TURN *** [4h 3d Qd] [Ad]
Mahu2021: bets $0.30
Huckypete: calls $0.30
*** RIVER *** [4h 3d Qd Ad] [8s]
Mahu2021: checks 
Huckypete: bets $0.50
Mahu2021: folds 
Uncalled bet ($0.50) returned to Huckypete
Huckypete collected $1.17 from pot
Huckypete: doesn't show hand 
*** SUMMARY ***
Total pot $1.25 | Rake $0.08 
Board [4h 3d Qd Ad 8s]
Seat 1: Huckypete (button) collected ($1.17)
Seat 2: BluffsLord (small blind) folded before Flop
Seat 3: Mahu2021 (big blind) folded on the River
Seat 4: XXXXX466 folded before Flop (didn't bet)
Seat 5: camposiza folded before Flop (didn't bet)
Seat 6: Vadim91_blr folded before Flop (didn't bet)



PokerStars Zoom Hand #255783174952:  Hold'em No Limit ($0.05/$0.10) - 2025/04/18 10:26:24 CET [2025/04/18 4:26:24 ET]
Table 'Aludra' 6-max Seat #1 is the button
Seat 1: kimjw800 ($10 in chips) 
Seat 2: Asphyxion ($10.05 in chips) 
Seat 3: Ramses43 ($6.25 in chips) 
Seat 4: makwos ($15.80 in chips) 
Seat 5: Mahu2021 ($5.77 in chips) 
Seat 6: Huckypete ($11.37 in chips) 
Asphyxion: posts small blind $0.05
Ramses43: posts big blind $0.10
*** HOLE CARDS ***
Dealt to Mahu2021 [6h 7d]
makwos: folds 
Mahu2021: folds 
Huckypete: calls $0.10
kimjw800: folds 
Asphyxion: folds 
Ramses43: checks 
*** FLOP *** [8d 9s 9d]
Ramses43: bets $0.12
Huckypete: folds 
Uncalled bet ($0.12) returned to Ramses43
Ramses43 collected $0.24 from pot
Ramses43: doesn't show hand 
*** SUMMARY ***
Total pot $0.25 | Rake $0.01 
Board [8d 9s 9d]
Seat 1: kimjw800 (button) folded before Flop (didn't bet)
Seat 2: Asphyxion (small blind) folded before Flop
Seat 3: Ramses43 (big blind) collected ($0.24)
Seat 4: makwos folded before Flop (didn't bet)
Seat 5: Mahu2021 folded before Flop (didn't bet)
Seat 6: Huckypete folded on the Flop



PokerStars Zoom Hand #255783176643:  Hold'em No Limit ($0.05/$0.10) - 2025/04/18 10:26:43 CET [2025/04/18 4:26:43 ET]
Table 'Aludra' 6-max Seat #1 is the button
Seat 1: Bestology ($12.58 in chips) 
Seat 2: Vadim91_blr ($12.59 in chips) 
Seat 3: pokerstar671 ($11.60 in chips) 
Seat 4: gardener883 ($11.87 in chips) 
Seat 5: luchim18 ($10.06 in chips) 
Seat 6: Mahu2021 ($5.72 in chips) 
Vadim91_blr: posts small blind $0.05
pokerstar671: posts big blind $0.10
*** HOLE CARDS ***
Dealt to Mahu2021 [5c 3c]
gardener883: raises $0.20 to $0.30
luchim18: raises $0.60 to $0.90
Mahu2021: folds 
Bestology: folds 
Vadim91_blr: folds 
pokerstar671: folds 
gardener883: folds 
Uncalled bet ($0.60) returned to luchim18
luchim18 collected $0.75 from pot
luchim18: doesn't show hand 
*** SUMMARY ***
Total pot $0.75 | Rake $0 
Seat 1: Bestology (button) folded before Flop (didn't bet)
Seat 2: Vadim91_blr (small blind) folded before Flop
Seat 3: pokerstar671 (big blind) folded before Flop
Seat 4: gardener883 folded before Flop
Seat 5: luchim18 collected ($0.75)
Seat 6: Mahu2021 folded before Flop (didn't bet)



PokerStars Zoom Hand #255783177718:  Hold'em No Limit ($0.05/$0.10) - 2025/04/18 10:26:55 CET [2025/04/18 4:26:55 ET]
Table 'Aludra' 6-max Seat #1 is the button
Seat 1: timothyriddle ($10.70 in chips) 
Seat 2: clicclaque ($7.42 in chips) 
Seat 3: kar4tune ($10 in chips) 
Seat 4: araka0279 ($10 in chips) 
Seat 5: Mahu2021 ($5.72 in chips) 
Seat 6: tsurb26 ($19.62 in chips) 
clicclaque: posts small blind $0.05
kar4tune: posts big blind $0.10
*** HOLE CARDS ***
Dealt to Mahu2021 [7c 5s]
araka0279: folds 
Mahu2021: folds 
tsurb26: folds 
timothyriddle: raises $0.16 to $0.26
clicclaque: raises $7.16 to $7.42 and is all-in
kar4tune: folds 
timothyriddle: folds 
Uncalled bet ($7.16) returned to clicclaque
clicclaque collected $0.62 from pot
clicclaque: doesn't show hand 
*** SUMMARY ***
Total pot $0.62 | Rake $0 
Seat 1: timothyriddle (button) folded before Flop
Seat 2: clicclaque (small blind) collected ($0.62)
Seat 3: kar4tune (big blind) folded before Flop
Seat 4: araka0279 folded before Flop (didn't bet)
Seat 5: Mahu2021 folded before Flop (didn't bet)
Seat 6: tsurb26 folded before Flop (didn't bet)



PokerStars Zoom Hand #255783178270:  Hold'em No Limit ($0.05/$0.10) - 2025/04/18 10:27:01 CET [2025/04/18 4:27:01 ET]
Table 'Aludra' 6-max Seat #1 is the button
Seat 1: allinanyti ($10.63 in chips) 
Seat 2: Bur1k ($5.06 in chips) 
Seat 3: Mahu2021 ($5.72 in chips) 
Seat 4: makwos ($16.39 in chips) 
Seat 5: BluffsLord ($12.97 in chips) 
Seat 6: cadenza16 ($10.37 in chips) 
Bur1k: posts small blind $0.05
Mahu2021: posts big blind $0.10
*** HOLE CARDS ***
Dealt to Mahu2021 [9s Jc]
makwos: folds 
BluffsLord: raises $0.15 to $0.25
cadenza16: folds 
allinanyti: folds 
Bur1k: folds 
Mahu2021: folds 
Uncalled bet ($0.15) returned to BluffsLord
BluffsLord collected $0.25 from pot
BluffsLord: doesn't show hand 
*** SUMMARY ***
Total pot $0.25 | Rake $0 
Seat 1: allinanyti (button) folded before Flop (didn't bet)
Seat 2: Bur1k (small blind) folded before Flop
Seat 3: Mahu2021 (big blind) folded before Flop
Seat 4: makwos folded before Flop (didn't bet)
Seat 5: BluffsLord collected ($0.25)
Seat 6: cadenza16 folded before Flop (didn't bet)



PokerStars Zoom Hand #255783179405:  Hold'em No Limit ($0.05/$0.10) - 2025/04/18 10:27:14 CET [2025/04/18 4:27:14 ET]
Table 'Aludra' 6-max Seat #1 is the button
Seat 1: Mahu2021 ($5.62 in chips) 
Seat 2: robkqja ($10.05 in chips) 
Seat 3: founder9 ($9.21 in chips) 
Seat 4: luchim18 ($10 in chips) 
Seat 5: clicclaque ($7.78 in chips) 
Seat 6: pokerstar671 ($11.45 in chips) 
robkqja: posts small blind $0.05
founder9: posts big blind $0.10
*** HOLE CARDS ***
Dealt to Mahu2021 [2d 3d]
luchim18: folds 
clicclaque: folds 
pokerstar671: folds 
Mahu2021: raises $0.20 to $0.30
robkqja: folds 
founder9: calls $0.20
*** FLOP *** [Kh 2h 6h]
founder9: checks 
Mahu2021: bets $0.62
founder9: calls $0.62
*** TURN *** [Kh 2h 6h] [5s]
founder9: checks 
Mahu2021: checks 
*** RIVER *** [Kh 2h 6h 5s] [As]
founder9: checks 
Mahu2021: bets $4.70 and is all-in
founder9: folds 
Uncalled bet ($4.70) returned to Mahu2021
Mahu2021 collected $1.80 from pot
Mahu2021: doesn't show hand 
*** SUMMARY ***
Total pot $1.89 | Rake $0.09 
Board [Kh 2h 6h 5s As]
Seat 1: Mahu2021 (button) collected ($1.80)
Seat 2: robkqja (small blind) folded before Flop
Seat 3: founder9 (big blind) folded on the River
Seat 4: luchim18 folded before Flop (didn't bet)
Seat 5: clicclaque folded before Flop (didn't bet)
Seat 6: pokerstar671 folded before Flop (didn't bet)



PokerStars Zoom Hand #255783175371:  Hold'em No Limit ($0.05/$0.10) - 2025/04/18 10:26:28 CET [2025/04/18 4:26:28 ET]
Table 'Aludra' 6-max Seat #1 is the button
Seat 1: pokerstar671 ($9.62 in chips) 
Seat 2: Mahu2021 ($5.77 in chips) 
Seat 3: cadenza16 ($10.12 in chips) 
Seat 4: camposiza ($13.90 in chips) 
Seat 5: kimjw800 ($10 in chips) 
Seat 6: luchim18 ($10.06 in chips) 
Mahu2021: posts small blind $0.05
cadenza16: posts big blind $0.10
*** HOLE CARDS ***
Dealt to Mahu2021 [2c 9c]
camposiza: raises $0.20 to $0.30
kimjw800: folds 
luchim18: folds 
pokerstar671: calls $0.30
Mahu2021: folds 
cadenza16: calls $0.20
*** FLOP *** [9h 9d 5h]
cadenza16: checks 
camposiza: checks 
pokerstar671: bets $0.46
cadenza16: calls $0.46
camposiza: calls $0.46
*** TURN *** [9h 9d 5h] [Jc]
cadenza16: checks 
camposiza: checks 
pokerstar671: checks 
*** RIVER *** [9h 9d 5h Jc] [9s]
cadenza16: checks 
camposiza: bets $1.14
pokerstar671: folds 
cadenza16: folds 
Uncalled bet ($1.14) returned to camposiza
camposiza collected $2.23 from pot
camposiza: doesn't show hand 
*** SUMMARY ***
Total pot $2.33 | Rake $0.10 
Board [9h 9d 5h Jc 9s]
Seat 1: pokerstar671 (button) folded on the River
Seat 2: Mahu2021 (small blind) folded before Flop
Seat 3: cadenza16 (big blind) folded on the River
Seat 4: camposiza collected ($2.23)
Seat 5: kimjw800 folded before Flop (didn't bet)
Seat 6: luchim18 folded before Flop (didn't bet)



PokerStars Zoom Hand #255783182635:  Hold'em No Limit ($0.05/$0.10) - 2025/04/18 10:27:50 CET [2025/04/18 4:27:50 ET]
Table 'Aludra' 6-max Seat #1 is the button
Seat 1: Bestology ($22.58 in chips) 
Seat 2: Mahu2021 ($6.50 in chips) 
Seat 3: cadenza16 ($10.37 in chips) 
Seat 4: robkqja ($10 in chips) 
Seat 5: Bur1k ($7.70 in chips) 
Seat 6: hong0627 ($10 in chips) 
Mahu2021: posts small blind $0.05
cadenza16: posts big blind $0.10
*** HOLE CARDS ***
Dealt to Mahu2021 [Kd Ts]
robkqja: folds 
Bur1k: folds 
hong0627: folds 
Bestology: folds 
Mahu2021: raises $0.20 to $0.30
cadenza16: calls $0.20
*** FLOP *** [7d 9s Ks]
Mahu2021: bets $0.30
cadenza16: folds 
Uncalled bet ($0.30) returned to Mahu2021
Mahu2021 collected $0.57 from pot
Mahu2021: doesn't show hand 
*** SUMMARY ***
Total pot $0.60 | Rake $0.03 
Board [7d 9s Ks]
Seat 1: Bestology (button) folded before Flop (didn't bet)
Seat 2: Mahu2021 (small blind) collected ($0.57)
Seat 3: cadenza16 (big blind) folded on the Flop
Seat 4: robkqja folded before Flop (didn't bet)
Seat 5: Bur1k folded before Flop (didn't bet)
Seat 6: hong0627 folded before Flop (didn't bet)



PokerStars Zoom Hand #255783182219:  Hold'em No Limit ($0.05/$0.10) - 2025/04/18 10:27:45 CET [2025/04/18 4:27:45 ET]
Table 'Aludra' 6-max Seat #1 is the button
Seat 1: rabitpieter ($10.18 in chips) 
Seat 2: pokerstar671 ($11.35 in chips) 
Seat 3: Vadim91_blr ($20.78 in chips) 
Seat 4: founder9 ($8.29 in chips) 
Seat 5: robkqja ($10 in chips) 
Seat 6: Mahu2021 ($6.50 in chips) 
pokerstar671: posts small blind $0.05
Vadim91_blr: posts big blind $0.10
*** HOLE CARDS ***
Dealt to Mahu2021 [Qd 2c]
founder9: folds 
robkqja: folds 
Mahu2021: folds 
rabitpieter: folds 
pokerstar671: raises $0.20 to $0.30
Vadim91_blr: calls $0.20
*** FLOP *** [Qh 7s 8h]
pokerstar671: checks 
Vadim91_blr: bets $0.20
pokerstar671: calls $0.20
*** TURN *** [Qh 7s 8h] [5h]
pokerstar671: checks 
Vadim91_blr: checks 
*** RIVER *** [Qh 7s 8h 5h] [3s]
pokerstar671: checks 
Vadim91_blr: checks 
*** SHOW DOWN ***
pokerstar671: shows [4d 4c] (a pair of Fours)
Vadim91_blr: shows [Ks 8s] (a pair of Eights)
Vadim91_blr collected $0.96 from pot
*** SUMMARY ***
Total pot $1 | Rake $0.04 
Board [Qh 7s 8h 5h 3s]
Seat 1: rabitpieter (button) folded before Flop (didn't bet)
Seat 2: pokerstar671 (small blind) showed [4d 4c] and lost with a pair of Fours
Seat 3: Vadim91_blr (big blind) showed [Ks 8s] and won ($0.96) with a pair of Eights
Seat 4: founder9 folded before Flop (didn't bet)
Seat 5: robkqja folded before Flop (didn't bet)
Seat 6: Mahu2021 folded before Flop (didn't bet)



PokerStars Zoom Hand #255783185376:  Hold'em No Limit ($0.05/$0.10) - 2025/04/18 10:28:21 CET [2025/04/18 4:28:21 ET]
Table 'Aludra' 6-max Seat #1 is the button
Seat 1: pokerstar671 ($8.81 in chips) 
Seat 2: cadenza16 ($10 in chips) 
Seat 3: Mahu2021 ($6.77 in chips) 
Seat 4: araka0279 ($10 in chips) 
Seat 5: allinanyti ($10.84 in chips) 
Seat 6: kar4tune ($10 in chips) 
cadenza16: posts small blind $0.05
Mahu2021: posts big blind $0.10
*** HOLE CARDS ***
Dealt to Mahu2021 [Tc 8h]
araka0279: folds 
allinanyti: folds 
kar4tune has timed out
kar4tune: folds 
pokerstar671: folds 
cadenza16: raises $0.20 to $0.30
Mahu2021: folds 
Uncalled bet ($0.20) returned to cadenza16
cadenza16 collected $0.20 from pot
cadenza16: doesn't show hand 
*** SUMMARY ***
Total pot $0.20 | Rake $0 
Seat 1: pokerstar671 (button) folded before Flop (didn't bet)
Seat 2: cadenza16 (small blind) collected ($0.20)
Seat 3: Mahu2021 (big blind) folded before Flop
Seat 4: araka0279 folded before Flop (didn't bet)
Seat 5: allinanyti folded before Flop (didn't bet)
Seat 6: kar4tune folded before Flop (didn't bet)



PokerStars Zoom Hand #255783185059:  Hold'em No Limit ($0.05/$0.10) - 2025/04/18 10:28:17 CET [2025/04/18 4:28:17 ET]
Table 'Aludra' 6-max Seat #1 is the button
Seat 1: Vadim91_blr ($34.71 in chips) 
Seat 2: hong0627 ($10.45 in chips) 
Seat 3: Huckypete ($10.92 in chips) 
Seat 4: Mahu2021 ($6.77 in chips) 
Seat 5: AltayT90 ($11.10 in chips) 
Seat 6: szabarna ($10.11 in chips) 
hong0627: posts small blind $0.05
Huckypete: posts big blind $0.10
*** HOLE CARDS ***
Dealt to Mahu2021 [9s 3s]
Mahu2021: folds 
AltayT90: folds 
szabarna: raises $0.10 to $0.20
Vadim91_blr: folds 
hong0627: folds 
Huckypete: calls $0.10
*** FLOP *** [6s 2s As]
Huckypete: checks 
szabarna: bets $0.14
Huckypete: calls $0.14
*** TURN *** [6s 2s As] [Ah]
Huckypete: checks 
szabarna: checks 
*** RIVER *** [6s 2s As Ah] [6d]
Huckypete: checks 
szabarna: checks 
*** SHOW DOWN ***
Huckypete: shows [Ks 7s] (a flush, Ace high)
szabarna: mucks hand 
Huckypete collected $0.69 from pot
*** SUMMARY ***
Total pot $0.73 | Rake $0.04 
Board [6s 2s As Ah 6d]
Seat 1: Vadim91_blr (button) folded before Flop (didn't bet)
Seat 2: hong0627 (small blind) folded before Flop
Seat 3: Huckypete (big blind) showed [Ks 7s] and won ($0.69) with a flush, Ace high
Seat 4: Mahu2021 folded before Flop (didn't bet)
Seat 5: AltayT90 folded before Flop (didn't bet)
Seat 6: szabarna mucked [Jh 8h]



PokerStars Zoom Hand #255783187913:  Hold'em No Limit ($0.05/$0.10) - 2025/04/18 10:28:49 CET [2025/04/18 4:28:49 ET]
Table 'Aludra' 6-max Seat #1 is the button
Seat 1: Mahu2021 ($6.67 in chips) 
Seat 2: timothyriddle ($10.19 in chips) 
Seat 3: AltayT90 ($11.05 in chips) 
Seat 4: pokerstar671 ($10.75 in chips) 
Seat 5: Bur1k ($5 in chips) 
Seat 6: cadenza16 ($10.10 in chips) 
timothyriddle: posts small blind $0.05
AltayT90: posts big blind $0.10
*** HOLE CARDS ***
Dealt to Mahu2021 [Th 8d]
pokerstar671: folds 
Bur1k: folds 
cadenza16: folds 
Mahu2021: folds 
timothyriddle: raises $0.20 to $0.30
AltayT90: folds 
Uncalled bet ($0.20) returned to timothyriddle
timothyriddle collected $0.20 from pot
timothyriddle: doesn't show hand 
*** SUMMARY ***
Total pot $0.20 | Rake $0 
Seat 1: Mahu2021 (button) folded before Flop (didn't bet)
Seat 2: timothyriddle (small blind) collected ($0.20)
Seat 3: AltayT90 (big blind) folded before Flop
Seat 4: pokerstar671 folded before Flop (didn't bet)
Seat 5: Bur1k folded before Flop (didn't bet)
Seat 6: cadenza16 folded before Flop (didn't bet)



PokerStars Zoom Hand #255783189007:  Hold'em No Limit ($0.05/$0.10) - 2025/04/18 10:29:01 CET [2025/04/18 4:29:01 ET]
Table 'Aludra' 6-max Seat #1 is the button
Seat 1: pokerstar671 ($10.70 in chips) 
Seat 2: Mahu2021 ($6.67 in chips) 
Seat 3: tiki.dinamo ($21.63 in chips) 
Seat 4: Wartimebob ($6.17 in chips) 
Seat 5: Bestology ($12.54 in chips) 
Seat 6: gh19950722 ($12.61 in chips) 
Mahu2021: posts small blind $0.05
tiki.dinamo: posts big blind $0.10
*** HOLE CARDS ***
Dealt to Mahu2021 [Qh 4c]
Wartimebob: folds 
Bestology: folds 
gh19950722: folds 
pokerstar671: folds 
Mahu2021: folds 
Uncalled bet ($0.05) returned to tiki.dinamo
tiki.dinamo collected $0.10 from pot
tiki.dinamo: doesn't show hand 
*** SUMMARY ***
Total pot $0.10 | Rake $0 
Seat 1: pokerstar671 (button) folded before Flop (didn't bet)
Seat 2: Mahu2021 (small blind) folded before Flop
Seat 3: tiki.dinamo (big blind) collected ($0.10)
Seat 4: Wartimebob folded before Flop (didn't bet)
Seat 5: Bestology folded before Flop (didn't bet)
Seat 6: gh19950722 folded before Flop (didn't bet)



PokerStars Zoom Hand #255783188622:  Hold'em No Limit ($0.05/$0.10) - 2025/04/18 10:28:57 CET [2025/04/18 4:28:57 ET]
Table 'Aludra' 6-max Seat #1 is the button
Seat 1: Vadim91_blr ($21.19 in chips) 
Seat 2: kimjw800 ($10.95 in chips) 
Seat 3: hong0627 ($10.40 in chips) 
Seat 4: kentbel ($10.15 in chips) 
Seat 5: cadenza16 ($10.38 in chips) 
Seat 6: Mahu2021 ($6.67 in chips) 
kimjw800: posts small blind $0.05
hong0627: posts big blind $0.10
*** HOLE CARDS ***
Dealt to Mahu2021 [2s 9d]
kentbel: raises $0.10 to $0.20
cadenza16: folds 
Mahu2021: folds 
Vadim91_blr: folds 
kimjw800: folds 
hong0627: folds 
Uncalled bet ($0.10) returned to kentbel
kentbel collected $0.25 from pot
kentbel: doesn't show hand 
*** SUMMARY ***
Total pot $0.25 | Rake $0 
Seat 1: Vadim91_blr (button) folded before Flop (didn't bet)
Seat 2: kimjw800 (small blind) folded before Flop
Seat 3: hong0627 (big blind) folded before Flop
Seat 4: kentbel collected ($0.25)
Seat 5: cadenza16 folded before Flop (didn't bet)
Seat 6: Mahu2021 folded before Flop (didn't bet)



PokerStars Zoom Hand #255783189542:  Hold'em No Limit ($0.05/$0.10) - 2025/04/18 10:29:07 CET [2025/04/18 4:29:07 ET]
Table 'Aludra' 6-max Seat #1 is the button
Seat 1: Bur1k ($5 in chips) 
Seat 2: Huckypete ($11.27 in chips) 
Seat 3: cadenza16 ($10.10 in chips) 
Seat 4: hong0627 ($10 in chips) 
Seat 5: Mahu2021 ($6.62 in chips) 
Seat 6: founder9 ($7.79 in chips) 
Huckypete: posts small blind $0.05
cadenza16: posts big blind $0.10
*** HOLE CARDS ***
Dealt to Mahu2021 [4c 4s]
hong0627: folds 
Mahu2021: raises $0.20 to $0.30
founder9: folds 
Bur1k: folds 
Huckypete: folds 
cadenza16: folds 
Uncalled bet ($0.20) returned to Mahu2021
Mahu2021 collected $0.25 from pot
Mahu2021: doesn't show hand 
*** SUMMARY ***
Total pot $0.25 | Rake $0 
Seat 1: Bur1k (button) folded before Flop (didn't bet)
Seat 2: Huckypete (small blind) folded before Flop
Seat 3: cadenza16 (big blind) folded before Flop
Seat 4: hong0627 folded before Flop (didn't bet)
Seat 5: Mahu2021 collected ($0.25)
Seat 6: founder9 folded before Flop (didn't bet)



PokerStars Zoom Hand #255783191181:  Hold'em No Limit ($0.05/$0.10) - 2025/04/18 10:29:25 CET [2025/04/18 4:29:25 ET]
Table 'Aludra' 6-max Seat #1 is the button
Seat 1: Mahu2021 ($6.77 in chips) 
Seat 2: cadenza16 ($10 in chips) 
Seat 3: Bestology ($12.54 in chips) 
Seat 4: rabitpieter ($9.48 in chips) 
Seat 5: kentbel ($10 in chips) 
Seat 6: kar4tune ($9.65 in chips) 
cadenza16: posts small blind $0.05
Bestology: posts big blind $0.10
*** HOLE CARDS ***
Dealt to Mahu2021 [Ts Td]
rabitpieter: folds 
kentbel: folds 
kar4tune: raises $0.10 to $0.20
Mahu2021: raises $1 to $1.20
cadenza16: folds 
Bestology: folds 
kar4tune: folds 
Uncalled bet ($1) returned to Mahu2021
Mahu2021 collected $0.55 from pot
Mahu2021: doesn't show hand 
*** SUMMARY ***
Total pot $0.55 | Rake $0 
Seat 1: Mahu2021 (button) collected ($0.55)
Seat 2: cadenza16 (small blind) folded before Flop
Seat 3: Bestology (big blind) folded before Flop
Seat 4: rabitpieter folded before Flop (didn't bet)
Seat 5: kentbel folded before Flop (didn't bet)
Seat 6: kar4tune folded before Flop



