PokerStars Zoom Hand #254562738551:  Hold'em No Limit ($0.05/$0.10) - 2025/01/26 16:53:59 CET [2025/01/26 10:53:59 ET]
Table 'Aludra' 6-max Seat #1 is the button
Seat 1: looser00091 ($23.46 in chips) 
Seat 2: assuncaogu ($10 in chips) 
Seat 3: Mahu2021 ($10 in chips) 
Seat 4: SIwon1 ($7.96 in chips) 
Seat 5: higgins1989 ($21.14 in chips) 
Seat 6: paxvonpaxton ($10.74 in chips) 
assuncaogu: posts small blind $0.05
Mahu2021: posts big blind $0.10
*** HOLE CARDS ***
Dealt to Mahu2021 [6d Kh]
SIwon1: folds 
higgins1989: folds 
paxvonpaxton: raises $0.30 to $0.40
looser00091: folds 
assuncaogu: folds 
Mahu2021: folds 
Uncalled bet ($0.30) returned to paxvonpaxton
paxvonpaxton collected $0.25 from pot
paxvonpaxton: doesn't show hand 
*** SUMMARY ***
Total pot $0.25 | Rake $0 
Seat 1: looser00091 (button) folded before Flop (didn't bet)
Seat 2: assuncaogu (small blind) folded before Flop
Seat 3: Mahu2021 (big blind) folded before Flop
Seat 4: SIwon1 folded before Flop (didn't bet)
Seat 5: higgins1989 folded before Flop (didn't bet)
Seat 6: paxvonpaxton collected ($0.25)



PokerStars Zoom Hand #254562740890:  Hold'em No Limit ($0.05/$0.10) - 2025/01/26 16:54:08 CET [2025/01/26 10:54:08 ET]
Table 'Aludra' 6-max Seat #1 is the button
Seat 1: eAh_BlackDevil ($23.30 in chips) 
Seat 2: Mahu2021 ($9.90 in chips) 
Seat 3: COVEIROANCAP ($10.49 in chips) 
Seat 4: joe700118 ($7.08 in chips) 
Seat 5: rachelffs ($10 in chips) 
Seat 6: cucubau96 ($20.98 in chips) 
Mahu2021: posts small blind $0.05
COVEIROANCAP: posts big blind $0.10
*** HOLE CARDS ***
Dealt to Mahu2021 [4c 5c]
joe700118: raises $0.25 to $0.35
rachelffs: folds 
cucubau96: folds 
eAh_BlackDevil: folds 
Mahu2021: folds 
COVEIROANCAP: calls $0.25
*** FLOP *** [9c 9h 6c]
COVEIROANCAP: checks 
joe700118: checks 
*** TURN *** [9c 9h 6c] [3d]
COVEIROANCAP: bets $0.36
joe700118: calls $0.36
*** RIVER *** [9c 9h 6c 3d] [2s]
COVEIROANCAP: bets $1.10
joe700118: folds 
Uncalled bet ($1.10) returned to COVEIROANCAP
COVEIROANCAP collected $1.40 from pot
COVEIROANCAP: doesn't show hand 
*** SUMMARY ***
Total pot $1.47 | Rake $0.07 
Board [9c 9h 6c 3d 2s]
Seat 1: eAh_BlackDevil (button) folded before Flop (didn't bet)
Seat 2: Mahu2021 (small blind) folded before Flop
Seat 3: COVEIROANCAP (big blind) collected ($1.40)
Seat 4: joe700118 folded on the River
Seat 5: rachelffs folded before Flop (didn't bet)
Seat 6: cucubau96 folded before Flop (didn't bet)



PokerStars Zoom Hand #254562745404:  Hold'em No Limit ($0.05/$0.10) - 2025/01/26 16:54:26 CET [2025/01/26 10:54:26 ET]
Table 'Aludra' 6-max Seat #1 is the button
Seat 1: D.Rossetti ($15.94 in chips) 
Seat 2: MacDragon007 ($5.77 in chips) 
Seat 3: Mahu2021 ($9.85 in chips) 
Seat 4: enry7.ice ($10.25 in chips) 
Seat 5: Don Patato's ($10.61 in chips) 
Seat 6: BlueLway ($10.79 in chips) 
MacDragon007: posts small blind $0.05
Mahu2021: posts big blind $0.10
*** HOLE CARDS ***
Dealt to Mahu2021 [3s Kc]
enry7.ice: folds 
Don Patato's: folds 
BlueLway: folds 
D.Rossetti: raises $0.15 to $0.25
MacDragon007: folds 
Mahu2021: folds 
Uncalled bet ($0.15) returned to D.Rossetti
D.Rossetti collected $0.25 from pot
D.Rossetti: doesn't show hand 
*** SUMMARY ***
Total pot $0.25 | Rake $0 
Seat 1: D.Rossetti (button) collected ($0.25)
Seat 2: MacDragon007 (small blind) folded before Flop
Seat 3: Mahu2021 (big blind) folded before Flop
Seat 4: enry7.ice folded before Flop (didn't bet)
Seat 5: Don Patato's folded before Flop (didn't bet)
Seat 6: BlueLway folded before Flop (didn't bet)



PokerStars Zoom Hand #254562747500:  Hold'em No Limit ($0.05/$0.10) - 2025/01/26 16:54:33 CET [2025/01/26 10:54:33 ET]
Table 'Aludra' 6-max Seat #1 is the button
Seat 1: COVEIROANCAP ($11.20 in chips) 
Seat 2: eAh_BlackDevil ($13.11 in chips) 
Seat 3: Oscar__62176 ($56.72 in chips) 
Seat 4: 1MustFall666 ($2.82 in chips) 
Seat 5: Titsamach ($10.17 in chips) 
Seat 6: Mahu2021 ($9.75 in chips) 
eAh_BlackDevil: posts small blind $0.05
Oscar__62176: posts big blind $0.10
*** HOLE CARDS ***
Dealt to Mahu2021 [Ad Kc]
1MustFall666: folds 
Titsamach: folds 
Mahu2021: raises $0.14 to $0.24
COVEIROANCAP: folds 
eAh_BlackDevil: folds 
Oscar__62176: folds 
Uncalled bet ($0.14) returned to Mahu2021
Mahu2021 collected $0.25 from pot
Mahu2021: doesn't show hand 
*** SUMMARY ***
Total pot $0.25 | Rake $0 
Seat 1: COVEIROANCAP (button) folded before Flop (didn't bet)
Seat 2: eAh_BlackDevil (small blind) folded before Flop
Seat 3: Oscar__62176 (big blind) folded before Flop
Seat 4: 1MustFall666 folded before Flop (didn't bet)
Seat 5: Titsamach folded before Flop (didn't bet)
Seat 6: Mahu2021 collected ($0.25)



PokerStars Zoom Hand #254562744352:  Hold'em No Limit ($0.05/$0.10) - 2025/01/26 16:54:21 CET [2025/01/26 10:54:21 ET]
Table 'Aludra' 6-max Seat #1 is the button
Seat 1: miquins ($10 in chips) 
Seat 2: BlueLway ($10.84 in chips) 
Seat 3: higgins1989 ($21.14 in chips) 
Seat 4: Mahu2021 ($9.85 in chips) 
Seat 5: honEybOOx ($14.79 in chips) 
Seat 6: Titsamach ($10.17 in chips) 
BlueLway: posts small blind $0.05
higgins1989: posts big blind $0.10
*** HOLE CARDS ***
Dealt to Mahu2021 [6c Ah]
Mahu2021: folds 
honEybOOx: folds 
Titsamach: folds 
miquins: raises $0.15 to $0.25
BlueLway: folds 
higgins1989: calls $0.15
*** FLOP *** [As Ts 5s]
higgins1989: checks 
miquins: bets $0.16
higgins1989: folds 
Uncalled bet ($0.16) returned to miquins
miquins collected $0.53 from pot
miquins: doesn't show hand 
*** SUMMARY ***
Total pot $0.55 | Rake $0.02 
Board [As Ts 5s]
Seat 1: miquins (button) collected ($0.53)
Seat 2: BlueLway (small blind) folded before Flop
Seat 3: higgins1989 (big blind) folded on the Flop
Seat 4: Mahu2021 folded before Flop (didn't bet)
Seat 5: honEybOOx folded before Flop (didn't bet)
Seat 6: Titsamach folded before Flop (didn't bet)



PokerStars Zoom Hand #254562750879:  Hold'em No Limit ($0.05/$0.10) - 2025/01/26 16:54:46 CET [2025/01/26 10:54:46 ET]
Table 'Aludra' 6-max Seat #1 is the button
Seat 1: Mahu2021 ($9.90 in chips) 
Seat 2: higgins1989 ($20.89 in chips) 
Seat 3: COVEIROANCAP ($17.47 in chips) 
Seat 4: Tony the gas ($8.25 in chips) 
Seat 5: SIwon1 ($10 in chips) 
Seat 6: D.Rossetti ($16.09 in chips) 
higgins1989: posts small blind $0.05
COVEIROANCAP: posts big blind $0.10
*** HOLE CARDS ***
Dealt to Mahu2021 [8d 3c]
Tony the gas: raises $0.10 to $0.20
SIwon1: folds 
D.Rossetti: folds 
Mahu2021: folds 
higgins1989: folds 
COVEIROANCAP: calls $0.10
*** FLOP *** [5c As Qs]
COVEIROANCAP: checks 
Tony the gas: bets $0.40
COVEIROANCAP: calls $0.40
*** TURN *** [5c As Qs] [4d]
COVEIROANCAP: checks 
Tony the gas: checks 
*** RIVER *** [5c As Qs 4d] [Jd]
COVEIROANCAP: checks 
Tony the gas: bets $0.40
COVEIROANCAP: folds 
Uncalled bet ($0.40) returned to Tony the gas
Tony the gas collected $1.19 from pot
Tony the gas: doesn't show hand 
*** SUMMARY ***
Total pot $1.25 | Rake $0.06 
Board [5c As Qs 4d Jd]
Seat 1: Mahu2021 (button) folded before Flop (didn't bet)
Seat 2: higgins1989 (small blind) folded before Flop
Seat 3: COVEIROANCAP (big blind) folded on the River
Seat 4: Tony the gas collected ($1.19)
Seat 5: SIwon1 folded before Flop (didn't bet)
Seat 6: D.Rossetti folded before Flop (didn't bet)



PokerStars Zoom Hand #254562743024:  Hold'em No Limit ($0.05/$0.10) - 2025/01/26 16:54:16 CET [2025/01/26 10:54:16 ET]
Table 'Aludra' 6-max Seat #1 is the button
Seat 1: Mahu2021 ($9.85 in chips) 
Seat 2: TheLonelyGuy ($10.15 in chips) 
Seat 3: Ironhelt ($17.75 in chips) 
Seat 4: Oscar__62176 ($93.03 in chips) 
Seat 5: WGaliaW ($16.55 in chips) 
Seat 6: MacDragon007 ($5.77 in chips) 
TheLonelyGuy: posts small blind $0.05
Ironhelt: posts big blind $0.10
*** HOLE CARDS ***
Dealt to Mahu2021 [Jc 4c]
Oscar__62176: raises $0.12 to $0.22
WGaliaW: folds 
MacDragon007: folds 
Mahu2021: folds 
TheLonelyGuy: raises $0.83 to $1.05
Ironhelt: folds 
Oscar__62176: calls $0.83
*** FLOP *** [3s Ad 8d]
TheLonelyGuy: bets $0.63
Oscar__62176: calls $0.63
*** TURN *** [3s Ad 8d] [6d]
TheLonelyGuy: checks 
Oscar__62176: bets $2.31
TheLonelyGuy: calls $2.31
*** RIVER *** [3s Ad 8d 6d] [Tc]
TheLonelyGuy: checks 
Oscar__62176: bets $89.04 and is all-in
TheLonelyGuy: calls $6.16 and is all-in
Uncalled bet ($82.88) returned to Oscar__62176
*** SHOW DOWN ***
Oscar__62176: shows [Kd Td] (a flush, Ace high)
TheLonelyGuy: shows [Ks As] (a pair of Aces)
Oscar__62176 collected $19.48 from pot
*** SUMMARY ***
Total pot $20.40 | Rake $0.92 
Board [3s Ad 8d 6d Tc]
Seat 1: Mahu2021 (button) folded before Flop (didn't bet)
Seat 2: TheLonelyGuy (small blind) showed [Ks As] and lost with a pair of Aces
Seat 3: Ironhelt (big blind) folded before Flop
Seat 4: Oscar__62176 showed [Kd Td] and won ($19.48) with a flush, Ace high
Seat 5: WGaliaW folded before Flop (didn't bet)
Seat 6: MacDragon007 folded before Flop (didn't bet)



PokerStars Zoom Hand #254562752132:  Hold'em No Limit ($0.05/$0.10) - 2025/01/26 16:54:51 CET [2025/01/26 10:54:51 ET]
Table 'Aludra' 6-max Seat #1 is the button
Seat 1: kazu1979 ($14.68 in chips) 
Seat 2: Mahu2021 ($9.90 in chips) 
Seat 3: Munk639 ($16.93 in chips) 
Seat 4: honEybOOx ($14.64 in chips) 
Seat 5: Oscar__62176 ($40.61 in chips) 
Seat 6: marosthebest ($10.15 in chips) 
Mahu2021: posts small blind $0.05
Munk639: posts big blind $0.10
*** HOLE CARDS ***
Dealt to Mahu2021 [Ts Td]
honEybOOx: folds 
Oscar__62176: folds 
marosthebest: folds 
kazu1979: raises $0.15 to $0.25
Mahu2021: calls $0.20
Munk639: calls $0.15
*** FLOP *** [5h 6c Tc]
Mahu2021: checks 
Munk639: checks 
kazu1979: bets $0.36
Mahu2021: calls $0.36
Munk639: calls $0.36
*** TURN *** [5h 6c Tc] [Jd]
Mahu2021: checks 
Munk639: checks 
kazu1979: checks 
*** RIVER *** [5h 6c Tc Jd] [Qh]
Mahu2021: bets $1.75
Munk639: folds 
kazu1979: raises $12.32 to $14.07 and is all-in
Mahu2021: folds 
Uncalled bet ($12.32) returned to kazu1979
kazu1979 collected $5.09 from pot
kazu1979: doesn't show hand 
*** SUMMARY ***
Total pot $5.33 | Rake $0.24 
Board [5h 6c Tc Jd Qh]
Seat 1: kazu1979 (button) collected ($5.09)
Seat 2: Mahu2021 (small blind) folded on the River
Seat 3: Munk639 (big blind) folded on the River
Seat 4: honEybOOx folded before Flop (didn't bet)
Seat 5: Oscar__62176 folded before Flop (didn't bet)
Seat 6: marosthebest folded before Flop (didn't bet)



PokerStars Zoom Hand #254562764588:  Hold'em No Limit ($0.05/$0.10) - 2025/01/26 16:55:52 CET [2025/01/26 10:55:52 ET]
Table 'Aludra' 6-max Seat #1 is the button
Seat 1: Oscar__62176 ($102.26 in chips) 
Seat 2: TheLonelyGuy ($10.20 in chips) 
Seat 3: youngmin5034 ($15.51 in chips) 
Seat 4: Love Beckham ($24.74 in chips) 
Seat 5: enry7.ice ($10.10 in chips) 
Seat 6: Mahu2021 ($7.54 in chips) 
TheLonelyGuy: posts small blind $0.05
youngmin5034: posts big blind $0.10
*** HOLE CARDS ***
Dealt to Mahu2021 [Ks Qs]
Love Beckham: folds 
enry7.ice: folds 
Mahu2021: raises $0.14 to $0.24
Oscar__62176: raises $0.56 to $0.80
TheLonelyGuy: folds 
youngmin5034: folds 
Mahu2021: calls $0.56
*** FLOP *** [Td 9d 8d]
Mahu2021: checks 
Oscar__62176: checks 
*** TURN *** [Td 9d 8d] [4c]
Mahu2021: checks 
Oscar__62176: checks 
*** RIVER *** [Td 9d 8d 4c] [Th]
Mahu2021: bets $1.67
Oscar__62176: folds 
Uncalled bet ($1.67) returned to Mahu2021
Mahu2021 collected $1.67 from pot
Mahu2021: doesn't show hand 
*** SUMMARY ***
Total pot $1.75 | Rake $0.08 
Board [Td 9d 8d 4c Th]
Seat 1: Oscar__62176 (button) folded on the River
Seat 2: TheLonelyGuy (small blind) folded before Flop
Seat 3: youngmin5034 (big blind) folded before Flop
Seat 4: Love Beckham folded before Flop (didn't bet)
Seat 5: enry7.ice folded before Flop (didn't bet)
Seat 6: Mahu2021 collected ($1.67)



PokerStars Zoom Hand #254562772267:  Hold'em No Limit ($0.05/$0.10) - 2025/01/26 16:56:35 CET [2025/01/26 10:56:35 ET]
Table 'Aludra' 6-max Seat #1 is the button
Seat 1: assuncaogu ($12.46 in chips) 
Seat 2: COVEIROANCAP ($17.07 in chips) 
Seat 3: 00O-2Z ($16.11 in chips) 
Seat 4: Graphend ($4.03 in chips) 
Seat 5: Mahu2021 ($8.41 in chips) 
Seat 6: Titsamach ($15.65 in chips) 
COVEIROANCAP: posts small blind $0.05
00O-2Z: posts big blind $0.10
*** HOLE CARDS ***
Dealt to Mahu2021 [Ah 2c]
Graphend: folds 
Mahu2021: folds 
Titsamach: raises $0.10 to $0.20
assuncaogu: folds 
COVEIROANCAP: folds 
00O-2Z: folds 
Uncalled bet ($0.10) returned to Titsamach
Titsamach collected $0.25 from pot
Titsamach: doesn't show hand 
*** SUMMARY ***
Total pot $0.25 | Rake $0 
Seat 1: assuncaogu (button) folded before Flop (didn't bet)
Seat 2: COVEIROANCAP (small blind) folded before Flop
Seat 3: 00O-2Z (big blind) folded before Flop
Seat 4: Graphend folded before Flop (didn't bet)
Seat 5: Mahu2021 folded before Flop (didn't bet)
Seat 6: Titsamach collected ($0.25)



PokerStars Zoom Hand #254562772989:  Hold'em No Limit ($0.05/$0.10) - 2025/01/26 16:56:39 CET [2025/01/26 10:56:39 ET]
Table 'Aludra' 6-max Seat #1 is the button
Seat 1: shin_0831 ($11.73 in chips) 
Seat 2: eAh_BlackDevil ($23.20 in chips) 
Seat 3: honEybOOx ($20.32 in chips) 
Seat 4: looser00091 ($10.20 in chips) 
Seat 5: Mahu2021 ($8.41 in chips) 
Seat 6: R.S.Scherer ($10 in chips) 
eAh_BlackDevil: posts small blind $0.05
honEybOOx: posts big blind $0.10
*** HOLE CARDS ***
Dealt to Mahu2021 [Ah 3s]
looser00091: raises $0.12 to $0.22
Mahu2021: folds 
R.S.Scherer: folds 
shin_0831: folds 
eAh_BlackDevil: folds 
honEybOOx: calls $0.12
*** FLOP *** [Td 6d Ac]
honEybOOx: checks 
looser00091: checks 
*** TURN *** [Td 6d Ac] [Jc]
honEybOOx: checks 
looser00091: checks 
*** RIVER *** [Td 6d Ac Jc] [2s]
honEybOOx: checks 
looser00091: checks 
*** SHOW DOWN ***
honEybOOx: shows [5s 6h] (a pair of Sixes)
looser00091: shows [8h 8c] (a pair of Eights)
looser00091 collected $0.47 from pot
*** SUMMARY ***
Total pot $0.49 | Rake $0.02 
Board [Td 6d Ac Jc 2s]
Seat 1: shin_0831 (button) folded before Flop (didn't bet)
Seat 2: eAh_BlackDevil (small blind) folded before Flop
Seat 3: honEybOOx (big blind) showed [5s 6h] and lost with a pair of Sixes
Seat 4: looser00091 showed [8h 8c] and won ($0.47) with a pair of Eights
Seat 5: Mahu2021 folded before Flop (didn't bet)
Seat 6: R.S.Scherer folded before Flop (didn't bet)



PokerStars Zoom Hand #254562773736:  Hold'em No Limit ($0.05/$0.10) - 2025/01/26 16:56:43 CET [2025/01/26 10:56:43 ET]
Table 'Aludra' 6-max Seat #1 is the button
Seat 1: Danger22bigs ($9.85 in chips) 
Seat 2: klevinjer ($14.64 in chips) 
Seat 3: Mahu2021 ($8.41 in chips) 
Seat 4: shin_0831 ($11.73 in chips) 
Seat 5: youngmin5034 ($19.14 in chips) 
Seat 6: 1MustFall666 ($3.20 in chips) 
klevinjer: posts small blind $0.05
Mahu2021: posts big blind $0.10
*** HOLE CARDS ***
Dealt to Mahu2021 [Td 6d]
shin_0831: folds 
youngmin5034: folds 
1MustFall666: folds 
Danger22bigs: folds 
klevinjer: raises $0.15 to $0.25
Mahu2021: calls $0.15
*** FLOP *** [Ah 8d Ac]
klevinjer: checks 
Mahu2021: checks 
*** TURN *** [Ah 8d Ac] [Ad]
klevinjer: bets $0.24
Mahu2021: calls $0.24
*** RIVER *** [Ah 8d Ac Ad] [Ts]
klevinjer: checks 
Mahu2021: bets $0.94
klevinjer: folds 
Uncalled bet ($0.94) returned to Mahu2021
Mahu2021 collected $0.94 from pot
Mahu2021: doesn't show hand 
*** SUMMARY ***
Total pot $0.98 | Rake $0.04 
Board [Ah 8d Ac Ad Ts]
Seat 1: Danger22bigs (button) folded before Flop (didn't bet)
Seat 2: klevinjer (small blind) folded on the River
Seat 3: Mahu2021 (big blind) collected ($0.94)
Seat 4: shin_0831 folded before Flop (didn't bet)
Seat 5: youngmin5034 folded before Flop (didn't bet)
Seat 6: 1MustFall666 folded before Flop (didn't bet)



PokerStars Zoom Hand #254562780204:  Hold'em No Limit ($0.05/$0.10) - 2025/01/26 16:57:19 CET [2025/01/26 10:57:19 ET]
Table 'Aludra' 6-max Seat #1 is the button
Seat 1: Mahu2021 ($8.81 in chips) 
Seat 2: 1MustFall666 ($3.48 in chips) 
Seat 3: D.Rossetti ($15.69 in chips) 
Seat 4: leelee2190 ($5.96 in chips) 
Seat 5: abelll115 ($9.95 in chips) 
Seat 6: poker123PUG ($6.14 in chips) 
1MustFall666: posts small blind $0.05
D.Rossetti: posts big blind $0.10
*** HOLE CARDS ***
Dealt to Mahu2021 [4h Js]
leelee2190: folds 
abelll115: folds 
poker123PUG: folds 
Mahu2021: folds 
1MustFall666: folds 
Uncalled bet ($0.05) returned to D.Rossetti
D.Rossetti collected $0.10 from pot
D.Rossetti: doesn't show hand 
*** SUMMARY ***
Total pot $0.10 | Rake $0 
Seat 1: Mahu2021 (button) folded before Flop (didn't bet)
Seat 2: 1MustFall666 (small blind) folded before Flop
Seat 3: D.Rossetti (big blind) collected ($0.10)
Seat 4: leelee2190 folded before Flop (didn't bet)
Seat 5: abelll115 folded before Flop (didn't bet)
Seat 6: poker123PUG folded before Flop (didn't bet)



PokerStars Zoom Hand #254562779547:  Hold'em No Limit ($0.05/$0.10) - 2025/01/26 16:57:15 CET [2025/01/26 10:57:15 ET]
Table 'Aludra' 6-max Seat #1 is the button
Seat 1: assuncaogu ($15.12 in chips) 
Seat 2: Mahu2021 ($8.86 in chips) 
Seat 3: Love Beckham ($10 in chips) 
Seat 4: poker123PUG ($6.14 in chips) 
Seat 5: shin_0831 ($11.93 in chips) 
Seat 6: Jamie_McPartlin ($12.37 in chips) 
Mahu2021: posts small blind $0.05
Love Beckham: posts big blind $0.10
*** HOLE CARDS ***
Dealt to Mahu2021 [9s Qh]
poker123PUG: folds 
shin_0831: folds 
Jamie_McPartlin: raises $0.15 to $0.25
assuncaogu: folds 
Mahu2021: folds 
Love Beckham: folds 
Uncalled bet ($0.15) returned to Jamie_McPartlin
Jamie_McPartlin collected $0.25 from pot
Jamie_McPartlin: doesn't show hand 
*** SUMMARY ***
Total pot $0.25 | Rake $0 
Seat 1: assuncaogu (button) folded before Flop (didn't bet)
Seat 2: Mahu2021 (small blind) folded before Flop
Seat 3: Love Beckham (big blind) folded before Flop
Seat 4: poker123PUG folded before Flop (didn't bet)
Seat 5: shin_0831 folded before Flop (didn't bet)
Seat 6: Jamie_McPartlin collected ($0.25)



PokerStars Zoom Hand #254562780818:  Hold'em No Limit ($0.05/$0.10) - 2025/01/26 16:57:22 CET [2025/01/26 10:57:22 ET]
Table 'Aludra' 6-max Seat #1 is the button
Seat 1: Oscar__62176 ($54.03 in chips) 
Seat 2: honEybOOx ($12.92 in chips) 
Seat 3: Tony the gas ($8.23 in chips) 
Seat 4: BlueLway ($10.16 in chips) 
Seat 5: 1MustFall666 ($3.43 in chips) 
Seat 6: Mahu2021 ($8.81 in chips) 
honEybOOx: posts small blind $0.05
Tony the gas: posts big blind $0.10
*** HOLE CARDS ***
Dealt to Mahu2021 [Jh 8d]
BlueLway: folds 
1MustFall666: folds 
Mahu2021: folds 
Oscar__62176: folds 
honEybOOx: raises $0.20 to $0.30
Tony the gas: folds 
Uncalled bet ($0.20) returned to honEybOOx
honEybOOx collected $0.20 from pot
honEybOOx: doesn't show hand 
*** SUMMARY ***
Total pot $0.20 | Rake $0 
Seat 1: Oscar__62176 (button) folded before Flop (didn't bet)
Seat 2: honEybOOx (small blind) collected ($0.20)
Seat 3: Tony the gas (big blind) folded before Flop
Seat 4: BlueLway folded before Flop (didn't bet)
Seat 5: 1MustFall666 folded before Flop (didn't bet)
Seat 6: Mahu2021 folded before Flop (didn't bet)



PokerStars Zoom Hand #254562778956:  Hold'em No Limit ($0.05/$0.10) - 2025/01/26 16:57:12 CET [2025/01/26 10:57:12 ET]
Table 'Aludra' 6-max Seat #1 is the button
Seat 1: youngmin5034 ($25.94 in chips) 
Seat 2: Oscar__62176 ($54.08 in chips) 
Seat 3: WGaliaW ($10.46 in chips) 
Seat 4: Mahu2021 ($8.86 in chips) 
Seat 5: ForrestG451 ($10.74 in chips) 
Seat 6: poker123PUG ($6.14 in chips) 
Oscar__62176: posts small blind $0.05
WGaliaW: posts big blind $0.10
*** HOLE CARDS ***
Dealt to Mahu2021 [3d 2h]
Mahu2021: folds 
ForrestG451: folds 
poker123PUG: folds 
youngmin5034: raises $0.15 to $0.25
Oscar__62176: folds 
WGaliaW: calls $0.15
*** FLOP *** [5c 3h Kh]
WGaliaW: checks 
youngmin5034: bets $0.17
WGaliaW: folds 
Uncalled bet ($0.17) returned to youngmin5034
youngmin5034 collected $0.53 from pot
youngmin5034: doesn't show hand 
*** SUMMARY ***
Total pot $0.55 | Rake $0.02 
Board [5c 3h Kh]
Seat 1: youngmin5034 (button) collected ($0.53)
Seat 2: Oscar__62176 (small blind) folded before Flop
Seat 3: WGaliaW (big blind) folded on the Flop
Seat 4: Mahu2021 folded before Flop (didn't bet)
Seat 5: ForrestG451 folded before Flop (didn't bet)
Seat 6: poker123PUG folded before Flop (didn't bet)



PokerStars Zoom Hand #254562778173:  Hold'em No Limit ($0.05/$0.10) - 2025/01/26 16:57:08 CET [2025/01/26 10:57:08 ET]
Table 'Aludra' 6-max Seat #1 is the button
Seat 1: 00O-2Z ($15.71 in chips) 
Seat 2: COVEIROANCAP ($10.05 in chips) 
Seat 3: looser00091 ($23.24 in chips) 
Seat 4: Mahu2021 ($8.86 in chips) 
Seat 5: jakdawak1 ($5.84 in chips) 
Seat 6: Danger22bigs ($9.40 in chips) 
COVEIROANCAP: posts small blind $0.05
looser00091: posts big blind $0.10
*** HOLE CARDS ***
Dealt to Mahu2021 [Th 2s]
Mahu2021: folds 
jakdawak1: folds 
Danger22bigs has timed out
Danger22bigs: folds 
00O-2Z: raises $0.10 to $0.20
COVEIROANCAP: folds 
looser00091: calls $0.10
*** FLOP *** [7s Ah 6c]
looser00091: checks 
00O-2Z: bets $0.20
looser00091: calls $0.20
*** TURN *** [7s Ah 6c] [4c]
looser00091: checks 
00O-2Z: bets $0.30
looser00091: raises $0.80 to $1.10
00O-2Z: calls $0.80
*** RIVER *** [7s Ah 6c 4c] [Qd]
looser00091: checks 
00O-2Z: checks 
*** SHOW DOWN ***
looser00091: shows [Ad 8h] (a pair of Aces)
00O-2Z: shows [7d Ac] (two pair, Aces and Sevens)
00O-2Z collected $2.91 from pot
*** SUMMARY ***
Total pot $3.05 | Rake $0.14 
Board [7s Ah 6c 4c Qd]
Seat 1: 00O-2Z (button) showed [7d Ac] and won ($2.91) with two pair, Aces and Sevens
Seat 2: COVEIROANCAP (small blind) folded before Flop
Seat 3: looser00091 (big blind) showed [Ad 8h] and lost with a pair of Aces
Seat 4: Mahu2021 folded before Flop (didn't bet)
Seat 5: jakdawak1 folded before Flop (didn't bet)
Seat 6: Danger22bigs folded before Flop (didn't bet)



PokerStars Zoom Hand #254562786390:  Hold'em No Limit ($0.05/$0.10) - 2025/01/26 16:57:53 CET [2025/01/26 10:57:53 ET]
Table 'Aludra' 6-max Seat #1 is the button
Seat 1: CM1836 ($13.23 in chips) 
Seat 2: hugoreisssss ($4.75 in chips) 
Seat 3: agusdecarca ($23.70 in chips) 
Seat 4: COVEIROANCAP ($10.05 in chips) 
Seat 5: Mahu2021 ($7.84 in chips) 
Seat 6: IBluffU82 ($9.46 in chips) 
hugoreisssss: posts small blind $0.05
agusdecarca: posts big blind $0.10
*** HOLE CARDS ***
Dealt to Mahu2021 [5s 4d]
COVEIROANCAP: folds 
Mahu2021: folds 
IBluffU82: folds 
CM1836: folds 
hugoreisssss: folds 
Uncalled bet ($0.05) returned to agusdecarca
agusdecarca collected $0.10 from pot
agusdecarca: doesn't show hand 
*** SUMMARY ***
Total pot $0.10 | Rake $0 
Seat 1: CM1836 (button) folded before Flop (didn't bet)
Seat 2: hugoreisssss (small blind) folded before Flop
Seat 3: agusdecarca (big blind) collected ($0.10)
Seat 4: COVEIROANCAP folded before Flop (didn't bet)
Seat 5: Mahu2021 folded before Flop (didn't bet)
Seat 6: IBluffU82 folded before Flop (didn't bet)



PokerStars Zoom Hand #254562787044:  Hold'em No Limit ($0.05/$0.10) - 2025/01/26 16:57:57 CET [2025/01/26 10:57:57 ET]
Table 'Aludra' 6-max Seat #1 is the button
Seat 1: looser00091 ($10.67 in chips) 
Seat 2: Love Beckham ($26.29 in chips) 
Seat 3: joe700118 ($7.02 in chips) 
Seat 4: Mahu2021 ($7.84 in chips) 
Seat 5: Karsa1 ($25.42 in chips) 
Seat 6: COVEIROANCAP ($10.05 in chips) 
Love Beckham: posts small blind $0.05
joe700118: posts big blind $0.10
*** HOLE CARDS ***
Dealt to Mahu2021 [Tc Qs]
Mahu2021: raises $0.14 to $0.24
Karsa1: folds 
COVEIROANCAP: folds 
looser00091: folds 
Love Beckham: calls $0.19
joe700118: folds 
*** FLOP *** [Ks Jd 3d]
Love Beckham: checks 
Mahu2021: bets $0.55
Love Beckham: folds 
Uncalled bet ($0.55) returned to Mahu2021
Mahu2021 collected $0.55 from pot
Mahu2021: doesn't show hand 
*** SUMMARY ***
Total pot $0.58 | Rake $0.03 
Board [Ks Jd 3d]
Seat 1: looser00091 (button) folded before Flop (didn't bet)
Seat 2: Love Beckham (small blind) folded on the Flop
Seat 3: joe700118 (big blind) folded before Flop
Seat 4: Mahu2021 collected ($0.55)
Seat 5: Karsa1 folded before Flop (didn't bet)
Seat 6: COVEIROANCAP folded before Flop (didn't bet)



PokerStars Zoom Hand #254562790515:  Hold'em No Limit ($0.05/$0.10) - 2025/01/26 16:58:16 CET [2025/01/26 10:58:16 ET]
Table 'Aludra' 6-max Seat #1 is the button
Seat 1: D.Rossetti ($12.13 in chips) 
Seat 2: Mahu2021 ($8.15 in chips) 
Seat 3: enry7.ice ($11.11 in chips) 
Seat 4: apicius2 ($10.09 in chips) 
Seat 5: WGaliaW ($13.75 in chips) 
Seat 6: VitorArj ($10.28 in chips) 
Mahu2021: posts small blind $0.05
enry7.ice: posts big blind $0.10
*** HOLE CARDS ***
Dealt to Mahu2021 [3h As]
apicius2: calls $0.10
WGaliaW: folds 
VitorArj: folds 
D.Rossetti: folds 
Mahu2021: folds 
enry7.ice: checks 
*** FLOP *** [Qd 3d 7d]
enry7.ice: checks 
apicius2: bets $0.24
enry7.ice: folds 
Uncalled bet ($0.24) returned to apicius2
apicius2 collected $0.24 from pot
apicius2: doesn't show hand 
*** SUMMARY ***
Total pot $0.25 | Rake $0.01 
Board [Qd 3d 7d]
Seat 1: D.Rossetti (button) folded before Flop (didn't bet)
Seat 2: Mahu2021 (small blind) folded before Flop
Seat 3: enry7.ice (big blind) folded on the Flop
Seat 4: apicius2 collected ($0.24)
Seat 5: WGaliaW folded before Flop (didn't bet)
Seat 6: VitorArj folded before Flop (didn't bet)



PokerStars Zoom Hand #254562795292:  Hold'em No Limit ($0.05/$0.10) - 2025/01/26 16:58:42 CET [2025/01/26 10:58:42 ET]
Table 'Aludra' 6-max Seat #1 is the button
Seat 1: paxvonpaxton ($8.82 in chips) 
Seat 2: RedClover101 ($26.64 in chips) 
Seat 3: Mahu2021 ($8.10 in chips) 
Seat 4: FACCHETADE$ ($14.51 in chips) 
Seat 5: D.Rossetti ($15.69 in chips) 
Seat 6: COVEIROANCAP ($11.13 in chips) 
RedClover101: posts small blind $0.05
Mahu2021: posts big blind $0.10
*** HOLE CARDS ***
Dealt to Mahu2021 [5c 6s]
FACCHETADE$: raises $0.10 to $0.20
D.Rossetti: raises $0.55 to $0.75
COVEIROANCAP: folds 
paxvonpaxton: folds 
RedClover101: folds 
Mahu2021: folds 
FACCHETADE$: folds 
Uncalled bet ($0.55) returned to D.Rossetti
D.Rossetti collected $0.55 from pot
D.Rossetti: doesn't show hand 
*** SUMMARY ***
Total pot $0.55 | Rake $0 
Seat 1: paxvonpaxton (button) folded before Flop (didn't bet)
Seat 2: RedClover101 (small blind) folded before Flop
Seat 3: Mahu2021 (big blind) folded before Flop
Seat 4: FACCHETADE$ folded before Flop
Seat 5: D.Rossetti collected ($0.55)
Seat 6: COVEIROANCAP folded before Flop (didn't bet)



PokerStars Zoom Hand #254562781524:  Hold'em No Limit ($0.05/$0.10) - 2025/01/26 16:57:26 CET [2025/01/26 10:57:26 ET]
Table 'Aludra' 6-max Seat #1 is the button
Seat 1: VitorArj ($11.31 in chips) 
Seat 2: shin_0831 ($10 in chips) 
Seat 3: Mahu2021 ($8.81 in chips) 
Seat 4: Drugsdontwork ($21.43 in chips) 
Seat 5: joedunston ($10.90 in chips) 
Seat 6: hugoreisssss ($4.85 in chips) 
shin_0831: posts small blind $0.05
Mahu2021: posts big blind $0.10
*** HOLE CARDS ***
Dealt to Mahu2021 [9h 9d]
Drugsdontwork: folds 
joedunston: folds 
hugoreisssss: folds 
VitorArj: raises $0.15 to $0.25
shin_0831: calls $0.20
Mahu2021: calls $0.15
*** FLOP *** [2d 3d 7d]
shin_0831: checks 
Mahu2021: bets $0.72
VitorArj: calls $0.72
shin_0831: raises $1.44 to $2.16
Mahu2021: folds 
VitorArj: calls $1.44
*** TURN *** [2d 3d 7d] [5s]
shin_0831: bets $2.10
VitorArj: calls $2.10
*** RIVER *** [2d 3d 7d 5s] [Kc]
shin_0831: checks 
VitorArj: bets $6.80 and is all-in
shin_0831: calls $5.49 and is all-in
Uncalled bet ($1.31) returned to VitorArj
*** SHOW DOWN ***
VitorArj: shows [Ad 4h] (a straight, Ace to Five)
shin_0831: shows [3s 3h] (three of a kind, Threes)
VitorArj collected $20.03 from pot
*** SUMMARY ***
Total pot $20.97 | Rake $0.94 
Board [2d 3d 7d 5s Kc]
Seat 1: VitorArj (button) showed [Ad 4h] and won ($20.03) with a straight, Ace to Five
Seat 2: shin_0831 (small blind) showed [3s 3h] and lost with three of a kind, Threes
Seat 3: Mahu2021 (big blind) folded on the Flop
Seat 4: Drugsdontwork folded before Flop (didn't bet)
Seat 5: joedunston folded before Flop (didn't bet)
Seat 6: hugoreisssss folded before Flop (didn't bet)



PokerStars Zoom Hand #254562792321:  Hold'em No Limit ($0.05/$0.10) - 2025/01/26 16:58:26 CET [2025/01/26 10:58:26 ET]
Table 'Aludra' 6-max Seat #1 is the button
Seat 1: Mahu2021 ($8.10 in chips) 
Seat 2: Danger22bigs ($10 in chips) 
Seat 3: COVEIROANCAP ($11.23 in chips) 
Seat 4: miquins ($10.28 in chips) 
Seat 5: YourMumSaysHi ($18.81 in chips) 
Seat 6: PAPA JOHN444 ($23.84 in chips) 
Danger22bigs: posts small blind $0.05
COVEIROANCAP: posts big blind $0.10
*** HOLE CARDS ***
Dealt to Mahu2021 [8s 2c]
miquins: raises $0.15 to $0.25
YourMumSaysHi: folds 
PAPA JOHN444: calls $0.25
Mahu2021: folds 
Danger22bigs: folds 
COVEIROANCAP: folds 
*** FLOP *** [4s 3d 5d]
miquins: bets $0.41
PAPA JOHN444: calls $0.41
*** TURN *** [4s 3d 5d] [Kh]
miquins: bets $1.68
PAPA JOHN444: calls $1.68
*** RIVER *** [4s 3d 5d Kh] [7d]
miquins: bets $4.61
PAPA JOHN444: calls $4.61
*** SHOW DOWN ***
miquins: shows [7h 6h] (a straight, Three to Seven)
PAPA JOHN444: mucks hand 
miquins collected $13.42 from pot
*** SUMMARY ***
Total pot $14.05 | Rake $0.63 
Board [4s 3d 5d Kh 7d]
Seat 1: Mahu2021 (button) folded before Flop (didn't bet)
Seat 2: Danger22bigs (small blind) folded before Flop
Seat 3: COVEIROANCAP (big blind) folded before Flop
Seat 4: miquins showed [7h 6h] and won ($13.42) with a straight, Three to Seven
Seat 5: YourMumSaysHi folded before Flop (didn't bet)
Seat 6: PAPA JOHN444 mucked [7s Ks]



PokerStars Zoom Hand #254562799444:  Hold'em No Limit ($0.05/$0.10) - 2025/01/26 16:59:05 CET [2025/01/26 10:59:05 ET]
Table 'Aludra' 6-max Seat #1 is the button
Seat 1: Mahu2021 ($7.95 in chips) 
Seat 2: abelll115 ($11.89 in chips) 
Seat 3: gefilltefisch ($23.29 in chips) 
Seat 4: Sfletch79 ($20.56 in chips) 
Seat 5: eAh_BlackDevil ($17.22 in chips) 
Seat 6: rachelffs ($10 in chips) 
abelll115: posts small blind $0.05
gefilltefisch: posts big blind $0.10
*** HOLE CARDS ***
Dealt to Mahu2021 [2h Jc]
Sfletch79: raises $0.10 to $0.20
eAh_BlackDevil: folds 
rachelffs: folds 
Mahu2021: folds 
abelll115: folds 
gefilltefisch: folds 
Uncalled bet ($0.10) returned to Sfletch79
Sfletch79 collected $0.25 from pot
Sfletch79: doesn't show hand 
*** SUMMARY ***
Total pot $0.25 | Rake $0 
Seat 1: Mahu2021 (button) folded before Flop (didn't bet)
Seat 2: abelll115 (small blind) folded before Flop
Seat 3: gefilltefisch (big blind) folded before Flop
Seat 4: Sfletch79 collected ($0.25)
Seat 5: eAh_BlackDevil folded before Flop (didn't bet)
Seat 6: rachelffs folded before Flop (didn't bet)



PokerStars Zoom Hand #254562797801:  Hold'em No Limit ($0.05/$0.10) - 2025/01/26 16:58:56 CET [2025/01/26 10:58:56 ET]
Table 'Aludra' 6-max Seat #1 is the button
Seat 1: Love Beckham ($10 in chips) 
Seat 2: Mahu2021 ($8 in chips) 
Seat 3: stelio83 ($11.73 in chips) 
Seat 4: BlueLway ($11.58 in chips) 
Seat 5: agusdecarca ($10 in chips) 
Seat 6: hugoreisssss ($5.08 in chips) 
Mahu2021: posts small blind $0.05
stelio83: posts big blind $0.10
*** HOLE CARDS ***
Dealt to Mahu2021 [5d Ac]
BlueLway: folds 
agusdecarca: raises $0.15 to $0.25
hugoreisssss: folds 
Love Beckham: calls $0.25
Mahu2021: folds 
stelio83: folds 
*** FLOP *** [Ts Qh Kh]
agusdecarca: bets $0.31
Love Beckham: folds 
Uncalled bet ($0.31) returned to agusdecarca
agusdecarca collected $0.62 from pot
agusdecarca: doesn't show hand 
*** SUMMARY ***
Total pot $0.65 | Rake $0.03 
Board [Ts Qh Kh]
Seat 1: Love Beckham (button) folded on the Flop
Seat 2: Mahu2021 (small blind) folded before Flop
Seat 3: stelio83 (big blind) folded before Flop
Seat 4: BlueLway folded before Flop (didn't bet)
Seat 5: agusdecarca collected ($0.62)
Seat 6: hugoreisssss folded before Flop (didn't bet)



PokerStars Zoom Hand #254562800686:  Hold'em No Limit ($0.05/$0.10) - 2025/01/26 16:59:12 CET [2025/01/26 10:59:12 ET]
Table 'Aludra' 6-max Seat #1 is the button
Seat 1: youngmin5034 ($10.05 in chips) 
Seat 2: Rmlalex ($11.43 in chips) 
Seat 3: eAh_BlackDevil ($23.15 in chips) 
Seat 4: anderetsu ($11.07 in chips) 
Seat 5: Mahu2021 ($7.95 in chips) 
Seat 6: shin_0831 ($12.21 in chips) 
Rmlalex: posts small blind $0.05
eAh_BlackDevil: posts big blind $0.10
*** HOLE CARDS ***
Dealt to Mahu2021 [2s 5c]
anderetsu: folds 
Mahu2021: folds 
shin_0831: folds 
youngmin5034: folds 
Rmlalex: folds 
Uncalled bet ($0.05) returned to eAh_BlackDevil
eAh_BlackDevil collected $0.10 from pot
eAh_BlackDevil: doesn't show hand 
*** SUMMARY ***
Total pot $0.10 | Rake $0 
Seat 1: youngmin5034 (button) folded before Flop (didn't bet)
Seat 2: Rmlalex (small blind) folded before Flop
Seat 3: eAh_BlackDevil (big blind) collected ($0.10)
Seat 4: anderetsu folded before Flop (didn't bet)
Seat 5: Mahu2021 folded before Flop (didn't bet)
Seat 6: shin_0831 folded before Flop (didn't bet)



PokerStars Zoom Hand #254562792974:  Hold'em No Limit ($0.05/$0.10) - 2025/01/26 16:58:30 CET [2025/01/26 10:58:30 ET]
Table 'Aludra' 6-max Seat #1 is the button
Seat 1: Xendramir ($37.07 in chips) 
Seat 2: kSam44 ($10 in chips) 
Seat 3: Alf11douze ($11.94 in chips) 
Seat 4: PbI6A_gHo ($9.07 in chips) 
Seat 5: Love Beckham ($10 in chips) 
Seat 6: Mahu2021 ($8.10 in chips) 
kSam44: posts small blind $0.05
Alf11douze: posts big blind $0.10
*** HOLE CARDS ***
Dealt to Mahu2021 [Qh 9h]
PbI6A_gHo: raises $0.15 to $0.25
Love Beckham: calls $0.25
Mahu2021: folds 
Xendramir: folds 
kSam44: raises $0.25 to $0.50
Alf11douze: folds 
PbI6A_gHo: calls $0.25
Love Beckham: calls $0.25
*** FLOP *** [Td Kc Qs]
kSam44: bets $0.70
PbI6A_gHo: calls $0.70
Love Beckham: folds 
*** TURN *** [Td Kc Qs] [Ah]
kSam44: bets $0.80
PbI6A_gHo: calls $0.80
*** RIVER *** [Td Kc Qs Ah] [8s]
kSam44: checks 
PbI6A_gHo: checks 
*** SHOW DOWN ***
kSam44: shows [Th Tc] (three of a kind, Tens)
PbI6A_gHo: mucks hand 
kSam44 collected $4.39 from pot
*** SUMMARY ***
Total pot $4.60 | Rake $0.21 
Board [Td Kc Qs Ah 8s]
Seat 1: Xendramir (button) folded before Flop (didn't bet)
Seat 2: kSam44 (small blind) showed [Th Tc] and won ($4.39) with three of a kind, Tens
Seat 3: Alf11douze (big blind) folded before Flop
Seat 4: PbI6A_gHo mucked [As 2s]
Seat 5: Love Beckham folded on the Flop
Seat 6: Mahu2021 folded before Flop (didn't bet)



PokerStars Zoom Hand #254562802213:  Hold'em No Limit ($0.05/$0.10) - 2025/01/26 16:59:20 CET [2025/01/26 10:59:20 ET]
Table 'Aludra' 6-max Seat #1 is the button
Seat 1: VitorArj ($10 in chips) 
Seat 2: RedClover101 ($10.79 in chips) 
Seat 3: looser00091 ($10.67 in chips) 
Seat 4: ForrestG451 ($10.83 in chips) 
Seat 5: Mahu2021 ($7.95 in chips) 
Seat 6: youngmin5034 ($10.05 in chips) 
RedClover101: posts small blind $0.05
looser00091: posts big blind $0.10
*** HOLE CARDS ***
Dealt to Mahu2021 [6c Ks]
ForrestG451: folds 
Mahu2021: folds 
youngmin5034: folds 
VitorArj: folds 
RedClover101: folds 
Uncalled bet ($0.05) returned to looser00091
looser00091 collected $0.10 from pot
looser00091: doesn't show hand 
*** SUMMARY ***
Total pot $0.10 | Rake $0 
Seat 1: VitorArj (button) folded before Flop (didn't bet)
Seat 2: RedClover101 (small blind) folded before Flop
Seat 3: looser00091 (big blind) collected ($0.10)
Seat 4: ForrestG451 folded before Flop (didn't bet)
Seat 5: Mahu2021 folded before Flop (didn't bet)
Seat 6: youngmin5034 folded before Flop (didn't bet)



PokerStars Zoom Hand #254562801458:  Hold'em No Limit ($0.05/$0.10) - 2025/01/26 16:59:16 CET [2025/01/26 10:59:16 ET]
Table 'Aludra' 6-max Seat #1 is the button
Seat 1: enry7.ice ($10.05 in chips) 
Seat 2: IBluffU82 ($9.74 in chips) 
Seat 3: anderetsu ($13.62 in chips) 
Seat 4: Mahu2021 ($7.95 in chips) 
Seat 5: rachelffs ($12.15 in chips) 
Seat 6: Schnurzpiep ($9.44 in chips) 
IBluffU82: posts small blind $0.05
anderetsu: posts big blind $0.10
*** HOLE CARDS ***
Dealt to Mahu2021 [2s 6s]
Mahu2021: folds 
rachelffs: folds 
Schnurzpiep: folds 
enry7.ice: folds 
IBluffU82: raises $0.10 to $0.20
anderetsu: folds 
Uncalled bet ($0.10) returned to IBluffU82
IBluffU82 collected $0.20 from pot
IBluffU82: doesn't show hand 
*** SUMMARY ***
Total pot $0.20 | Rake $0 
Seat 1: enry7.ice (button) folded before Flop (didn't bet)
Seat 2: IBluffU82 (small blind) collected ($0.20)
Seat 3: anderetsu (big blind) folded before Flop
Seat 4: Mahu2021 folded before Flop (didn't bet)
Seat 5: rachelffs folded before Flop (didn't bet)
Seat 6: Schnurzpiep folded before Flop (didn't bet)



PokerStars Zoom Hand #254562798712:  Hold'em No Limit ($0.05/$0.10) - 2025/01/26 16:59:01 CET [2025/01/26 10:59:01 ET]
Table 'Aludra' 6-max Seat #1 is the button
Seat 1: ogrex ($9.90 in chips) 
Seat 2: Ironhelt ($15.26 in chips) 
Seat 3: COVEIROANCAP ($11.08 in chips) 
Seat 4: SIwon1 ($9.98 in chips) 
Seat 5: Alf11douze ($11.94 in chips) 
Seat 6: Mahu2021 ($7.95 in chips) 
Ironhelt: posts small blind $0.05
COVEIROANCAP: posts big blind $0.10
*** HOLE CARDS ***
Dealt to Mahu2021 [9d 3d]
SIwon1: folds 
Alf11douze: folds 
Mahu2021: folds 
ogrex: raises $0.20 to $0.30
Ironhelt: folds 
COVEIROANCAP: raises $0.95 to $1.25
ogrex: calls $0.95
*** FLOP *** [3s 7d Tc]
COVEIROANCAP: bets $0.80
ogrex: calls $0.80
*** TURN *** [3s 7d Tc] [9h]
COVEIROANCAP: checks 
ogrex: bets $3.96
COVEIROANCAP: folds 
Uncalled bet ($3.96) returned to ogrex
ogrex collected $3.96 from pot
ogrex: doesn't show hand 
*** SUMMARY ***
Total pot $4.15 | Rake $0.19 
Board [3s 7d Tc 9h]
Seat 1: ogrex (button) collected ($3.96)
Seat 2: Ironhelt (small blind) folded before Flop
Seat 3: COVEIROANCAP (big blind) folded on the Turn
Seat 4: SIwon1 folded before Flop (didn't bet)
Seat 5: Alf11douze folded before Flop (didn't bet)
Seat 6: Mahu2021 folded before Flop (didn't bet)



PokerStars Zoom Hand #254562800094:  Hold'em No Limit ($0.05/$0.10) - 2025/01/26 16:59:09 CET [2025/01/26 10:59:09 ET]
Table 'Aludra' 6-max Seat #1 is the button
Seat 1: edi.svr22 ($8.78 in chips) 
Seat 2: Ironhelt ($17.57 in chips) 
Seat 3: BMWR651982 ($11.98 in chips) 
Seat 4: COVEIROANCAP ($10 in chips) 
Seat 5: Mahu2021 ($7.95 in chips) 
Seat 6: Soli56 ($11.27 in chips) 
Ironhelt: posts small blind $0.05
BMWR651982: posts big blind $0.10
*** HOLE CARDS ***
Dealt to Mahu2021 [Ad 2s]
COVEIROANCAP: folds 
Mahu2021: folds 
Soli56: raises $0.15 to $0.25
edi.svr22: calls $0.25
Ironhelt: folds 
BMWR651982: folds 
*** FLOP *** [6s Ah 7h]
Soli56: bets $0.34
edi.svr22: calls $0.34
*** TURN *** [6s Ah 7h] [Jh]
Soli56: bets $0.35
edi.svr22: calls $0.35
*** RIVER *** [6s Ah 7h Jh] [Kh]
Soli56: checks 
edi.svr22: bets $1.90
Soli56: folds 
Uncalled bet ($1.90) returned to edi.svr22
edi.svr22 collected $1.94 from pot
edi.svr22: doesn't show hand 
*** SUMMARY ***
Total pot $2.03 | Rake $0.09 
Board [6s Ah 7h Jh Kh]
Seat 1: edi.svr22 (button) collected ($1.94)
Seat 2: Ironhelt (small blind) folded before Flop
Seat 3: BMWR651982 (big blind) folded before Flop
Seat 4: COVEIROANCAP folded before Flop (didn't bet)
Seat 5: Mahu2021 folded before Flop (didn't bet)
Seat 6: Soli56 folded on the River



PokerStars Zoom Hand #254562802950:  Hold'em No Limit ($0.05/$0.10) - 2025/01/26 16:59:24 CET [2025/01/26 10:59:24 ET]
Table 'Aludra' 6-max Seat #1 is the button
Seat 1: Soli56 ($18.35 in chips) 
Seat 2: enry7.ice ($10.05 in chips) 
Seat 3: Mahu2021 ($7.95 in chips) 
Seat 4: TheLonelyGuy ($10.10 in chips) 
Seat 5: youngmin5034 ($10.05 in chips) 
Seat 6: Pesulle ($10.19 in chips) 
enry7.ice: posts small blind $0.05
Mahu2021: posts big blind $0.10
*** HOLE CARDS ***
Dealt to Mahu2021 [Th Kh]
TheLonelyGuy: folds 
youngmin5034: folds 
Pesulle: raises $0.12 to $0.22
Soli56: folds 
enry7.ice: folds 
Mahu2021: calls $0.12
*** FLOP *** [Qh Qs Js]
Mahu2021: checks 
Pesulle: bets $0.16
Mahu2021: calls $0.16
*** TURN *** [Qh Qs Js] [8d]
Mahu2021: checks 
Pesulle: bets $0.58
Mahu2021: calls $0.58
*** RIVER *** [Qh Qs Js 8d] [Ac]
Mahu2021: checks 
Pesulle: checks 
*** SHOW DOWN ***
Mahu2021: shows [Th Kh] (a straight, Ten to Ace)
Pesulle: mucks hand 
Mahu2021 collected $1.88 from pot
*** SUMMARY ***
Total pot $1.97 | Rake $0.09 
Board [Qh Qs Js 8d Ac]
Seat 1: Soli56 (button) folded before Flop (didn't bet)
Seat 2: enry7.ice (small blind) folded before Flop
Seat 3: Mahu2021 (big blind) showed [Th Kh] and won ($1.88) with a straight, Ten to Ace
Seat 4: TheLonelyGuy folded before Flop (didn't bet)
Seat 5: youngmin5034 folded before Flop (didn't bet)
Seat 6: Pesulle mucked [Ad Kc]



PokerStars Zoom Hand #254562810815:  Hold'em No Limit ($0.05/$0.10) - 2025/01/26 17:00:06 CET [2025/01/26 11:00:06 ET]
Table 'Aludra' 6-max Seat #1 is the button
Seat 1: Mahu2021 ($8.87 in chips) 
Seat 2: ljy990514 ($15.53 in chips) 
Seat 3: cip1001t ($11.69 in chips) 
Seat 4: VitorArj ($10 in chips) 
Seat 5: BlueLway ($10.12 in chips) 
Seat 6: MasterVBM ($2.26 in chips) 
ljy990514: posts small blind $0.05
cip1001t: posts big blind $0.10
*** HOLE CARDS ***
Dealt to Mahu2021 [5h 8s]
VitorArj: folds 
BlueLway: folds 
MasterVBM: folds 
Mahu2021: folds 
ljy990514: folds 
Uncalled bet ($0.05) returned to cip1001t
cip1001t collected $0.10 from pot
cip1001t: doesn't show hand 
*** SUMMARY ***
Total pot $0.10 | Rake $0 
Seat 1: Mahu2021 (button) folded before Flop (didn't bet)
Seat 2: ljy990514 (small blind) folded before Flop
Seat 3: cip1001t (big blind) collected ($0.10)
Seat 4: VitorArj folded before Flop (didn't bet)
Seat 5: BlueLway folded before Flop (didn't bet)
Seat 6: MasterVBM folded before Flop (didn't bet)



PokerStars Zoom Hand #254562812324:  Hold'em No Limit ($0.05/$0.10) - 2025/01/26 17:00:14 CET [2025/01/26 11:00:14 ET]
Table 'Aludra' 6-max Seat #1 is the button
Seat 1: cucubau96 ($19.06 in chips) 
Seat 2: Mahu2021 ($8.87 in chips) 
Seat 3: Titsamach ($15.65 in chips) 
Seat 4: youngmin5034 ($10.15 in chips) 
Seat 5: 00O-2Z ($15.63 in chips) 
Seat 6: VitorArj ($10.28 in chips) 
Mahu2021: posts small blind $0.05
Titsamach: posts big blind $0.10
*** HOLE CARDS ***
Dealt to Mahu2021 [4c Kh]
youngmin5034: folds 
00O-2Z: folds 
VitorArj: folds 
cucubau96: folds 
Mahu2021: folds 
Uncalled bet ($0.05) returned to Titsamach
Titsamach collected $0.10 from pot
Titsamach: doesn't show hand 
*** SUMMARY ***
Total pot $0.10 | Rake $0 
Seat 1: cucubau96 (button) folded before Flop (didn't bet)
Seat 2: Mahu2021 (small blind) folded before Flop
Seat 3: Titsamach (big blind) collected ($0.10)
Seat 4: youngmin5034 folded before Flop (didn't bet)
Seat 5: 00O-2Z folded before Flop (didn't bet)
Seat 6: VitorArj folded before Flop (didn't bet)



PokerStars Zoom Hand #254562815056:  Hold'em No Limit ($0.05/$0.10) - 2025/01/26 17:00:28 CET [2025/01/26 11:00:28 ET]
Table 'Aludra' 6-max Seat #1 is the button
Seat 1: Lykkeegelund ($6.47 in chips) 
Seat 2: Mahu2021 ($8.82 in chips) 
Seat 3: looser00091 ($20.73 in chips) 
Seat 4: ljy990514 ($23.69 in chips) 
Seat 5: agusdecarca ($23.38 in chips) 
Seat 6: abelll115 ($12.90 in chips) 
Mahu2021: posts small blind $0.05
looser00091: posts big blind $0.10
*** HOLE CARDS ***
Dealt to Mahu2021 [Qc 3d]
ljy990514: raises $0.10 to $0.20
agusdecarca: raises $0.55 to $0.75
abelll115: folds 
Lykkeegelund: folds 
Mahu2021: folds 
looser00091: folds 
ljy990514: folds 
Uncalled bet ($0.55) returned to agusdecarca
agusdecarca collected $0.55 from pot
agusdecarca: doesn't show hand 
*** SUMMARY ***
Total pot $0.55 | Rake $0 
Seat 1: Lykkeegelund (button) folded before Flop (didn't bet)
Seat 2: Mahu2021 (small blind) folded before Flop
Seat 3: looser00091 (big blind) folded before Flop
Seat 4: ljy990514 folded before Flop
Seat 5: agusdecarca collected ($0.55)
Seat 6: abelll115 folded before Flop (didn't bet)



PokerStars Zoom Hand #254562814065:  Hold'em No Limit ($0.05/$0.10) - 2025/01/26 17:00:23 CET [2025/01/26 11:00:23 ET]
Table 'Aludra' 6-max Seat #1 is the button
Seat 1: IBluffU82 ($9.79 in chips) 
Seat 2: COVEIROANCAP ($18.44 in chips) 
Seat 3: R.S.Scherer ($13.77 in chips) 
Seat 4: Mahu2021 ($8.82 in chips) 
Seat 5: Drugsdontwork ($19.99 in chips) 
Seat 6: Titsamach ($15.70 in chips) 
COVEIROANCAP: posts small blind $0.05
R.S.Scherer: posts big blind $0.10
*** HOLE CARDS ***
Dealt to Mahu2021 [5d Th]
Mahu2021: folds 
Drugsdontwork: folds 
Titsamach: folds 
IBluffU82: calls $0.10
COVEIROANCAP: folds 
R.S.Scherer: raises $0.40 to $0.50
IBluffU82: folds 
Uncalled bet ($0.40) returned to R.S.Scherer
R.S.Scherer collected $0.25 from pot
R.S.Scherer: doesn't show hand 
*** SUMMARY ***
Total pot $0.25 | Rake $0 
Seat 1: IBluffU82 (button) folded before Flop
Seat 2: COVEIROANCAP (small blind) folded before Flop
Seat 3: R.S.Scherer (big blind) collected ($0.25)
Seat 4: Mahu2021 folded before Flop (didn't bet)
Seat 5: Drugsdontwork folded before Flop (didn't bet)
Seat 6: Titsamach folded before Flop (didn't bet)



PokerStars Zoom Hand #254562813271:  Hold'em No Limit ($0.05/$0.10) - 2025/01/26 17:00:19 CET [2025/01/26 11:00:19 ET]
Table 'Aludra' 6-max Seat #1 is the button
Seat 1: Pesulle ($22.48 in chips) 
Seat 2: 00O-2Z ($15.63 in chips) 
Seat 3: Love Beckham ($12.15 in chips) 
Seat 4: eAh_BlackDevil ($10.34 in chips) 
Seat 5: Danger22bigs ($12.18 in chips) 
Seat 6: Mahu2021 ($8.82 in chips) 
00O-2Z: posts small blind $0.05
Love Beckham: posts big blind $0.10
*** HOLE CARDS ***
Dealt to Mahu2021 [8s Kh]
eAh_BlackDevil: folds 
Danger22bigs: raises $0.15 to $0.25
Mahu2021: folds 
Pesulle: folds 
00O-2Z: folds 
Love Beckham: calls $0.15
*** FLOP *** [3s 6c 8h]
Love Beckham: bets $0.35
Danger22bigs: folds 
Uncalled bet ($0.35) returned to Love Beckham
Love Beckham collected $0.53 from pot
Love Beckham: doesn't show hand 
*** SUMMARY ***
Total pot $0.55 | Rake $0.02 
Board [3s 6c 8h]
Seat 1: Pesulle (button) folded before Flop (didn't bet)
Seat 2: 00O-2Z (small blind) folded before Flop
Seat 3: Love Beckham (big blind) collected ($0.53)
Seat 4: eAh_BlackDevil folded before Flop (didn't bet)
Seat 5: Danger22bigs folded on the Flop
Seat 6: Mahu2021 folded before Flop (didn't bet)



PokerStars Zoom Hand #254562816148:  Hold'em No Limit ($0.05/$0.10) - 2025/01/26 17:00:34 CET [2025/01/26 11:00:34 ET]
Table 'Aludra' 6-max Seat #1 is the button
Seat 1: Pesulle ($10 in chips) 
Seat 2: ForrestG451 ($11.11 in chips) 
Seat 3: Petorius ($3.12 in chips) 
Seat 4: Matzet1ka ($10 in chips) 
Seat 5: Mahu2021 ($8.77 in chips) 
Seat 6: MasterVBM ($2.26 in chips) 
ForrestG451: posts small blind $0.05
Petorius: posts big blind $0.10
*** HOLE CARDS ***
Dealt to Mahu2021 [Ad 7d]
Matzet1ka has timed out
Matzet1ka: folds 
Mahu2021: raises $0.14 to $0.24
MasterVBM: folds 
Pesulle: folds 
ForrestG451: folds 
Petorius: folds 
Uncalled bet ($0.14) returned to Mahu2021
Mahu2021 collected $0.25 from pot
Mahu2021: doesn't show hand 
*** SUMMARY ***
Total pot $0.25 | Rake $0 
Seat 1: Pesulle (button) folded before Flop (didn't bet)
Seat 2: ForrestG451 (small blind) folded before Flop
Seat 3: Petorius (big blind) folded before Flop
Seat 4: Matzet1ka folded before Flop (didn't bet)
Seat 5: Mahu2021 collected ($0.25)
Seat 6: MasterVBM folded before Flop (didn't bet)



PokerStars Zoom Hand #254562823133:  Hold'em No Limit ($0.05/$0.10) - 2025/01/26 17:01:07 CET [2025/01/26 11:01:07 ET]
Table 'Aludra' 6-max Seat #1 is the button
Seat 1: gefilltefisch ($21.89 in chips) 
Seat 2: Ironhelt ($23.67 in chips) 
Seat 3: Mahu2021 ($8.92 in chips) 
Seat 4: 1MustFall666 ($2.62 in chips) 
Seat 5: PbI6A_gHo ($7.91 in chips) 
Seat 6: agusdecarca ($23.58 in chips) 
Ironhelt: posts small blind $0.05
Mahu2021: posts big blind $0.10
*** HOLE CARDS ***
Dealt to Mahu2021 [5s 4c]
1MustFall666: folds 
PbI6A_gHo: folds 
agusdecarca: folds 
gefilltefisch: folds 
Ironhelt: folds 
Uncalled bet ($0.05) returned to Mahu2021
Mahu2021 collected $0.10 from pot
Mahu2021: doesn't show hand 
*** SUMMARY ***
Total pot $0.10 | Rake $0 
Seat 1: gefilltefisch (button) folded before Flop (didn't bet)
Seat 2: Ironhelt (small blind) folded before Flop
Seat 3: Mahu2021 (big blind) collected ($0.10)
Seat 4: 1MustFall666 folded before Flop (didn't bet)
Seat 5: PbI6A_gHo folded before Flop (didn't bet)
Seat 6: agusdecarca folded before Flop (didn't bet)



PokerStars Zoom Hand #254562825374:  Hold'em No Limit ($0.05/$0.10) - 2025/01/26 17:01:17 CET [2025/01/26 11:01:17 ET]
Table 'Aludra' 6-max Seat #1 is the button
Seat 1: Mahu2021 ($8.97 in chips) 
Seat 2: bgbluff92 ($7.63 in chips) 
Seat 3: Sao77 ($10 in chips) 
Seat 4: edi.svr22 ($6.30 in chips) 
Seat 5: COVEIROANCAP ($10.05 in chips) 
Seat 6: shin_0831 ($10.15 in chips) 
bgbluff92: posts small blind $0.05
Sao77: posts big blind $0.10
*** HOLE CARDS ***
Dealt to Mahu2021 [5s 9h]
edi.svr22: folds 
COVEIROANCAP: folds 
shin_0831: folds 
Mahu2021: folds 
bgbluff92: raises $0.10 to $0.20
Sao77: folds 
Uncalled bet ($0.10) returned to bgbluff92
bgbluff92 collected $0.20 from pot
bgbluff92: doesn't show hand 
*** SUMMARY ***
Total pot $0.20 | Rake $0 
Seat 1: Mahu2021 (button) folded before Flop (didn't bet)
Seat 2: bgbluff92 (small blind) collected ($0.20)
Seat 3: Sao77 (big blind) folded before Flop
Seat 4: edi.svr22 folded before Flop (didn't bet)
Seat 5: COVEIROANCAP folded before Flop (didn't bet)
Seat 6: shin_0831 folded before Flop (didn't bet)



PokerStars Zoom Hand #254562827297:  Hold'em No Limit ($0.05/$0.10) - 2025/01/26 17:01:26 CET [2025/01/26 11:01:26 ET]
Table 'Aludra' 6-max Seat #1 is the button
Seat 1: CELESTINA979 ($15.93 in chips) 
Seat 2: apicius2 ($9.44 in chips) 
Seat 3: Munk639 ($13.43 in chips) 
Seat 4: Mahu2021 ($8.97 in chips) 
Seat 5: RedClover101 ($26.97 in chips) 
Seat 6: Jamie_McPartlin ($13.15 in chips) 
apicius2: posts small blind $0.05
Munk639: posts big blind $0.10
*** HOLE CARDS ***
Dealt to Mahu2021 [5h 7d]
Mahu2021: folds 
RedClover101: folds 
Jamie_McPartlin: raises $0.15 to $0.25
CELESTINA979: folds 
apicius2: folds 
Munk639: folds 
Uncalled bet ($0.15) returned to Jamie_McPartlin
Jamie_McPartlin collected $0.25 from pot
Jamie_McPartlin: doesn't show hand 
*** SUMMARY ***
Total pot $0.25 | Rake $0 
Seat 1: CELESTINA979 (button) folded before Flop (didn't bet)
Seat 2: apicius2 (small blind) folded before Flop
Seat 3: Munk639 (big blind) folded before Flop
Seat 4: Mahu2021 folded before Flop (didn't bet)
Seat 5: RedClover101 folded before Flop (didn't bet)
Seat 6: Jamie_McPartlin collected ($0.25)



PokerStars Zoom Hand #254562826389:  Hold'em No Limit ($0.05/$0.10) - 2025/01/26 17:01:21 CET [2025/01/26 11:01:21 ET]
Table 'Aludra' 6-max Seat #1 is the button
Seat 1: edi.svr22 ($10 in chips) 
Seat 2: TheLonelyGuy ($10.35 in chips) 
Seat 3: gefilltefisch ($21.89 in chips) 
Seat 4: agusdecarca ($22.46 in chips) 
Seat 5: Matzet1ka ($10.15 in chips) 
Seat 6: Mahu2021 ($8.97 in chips) 
TheLonelyGuy: posts small blind $0.05
gefilltefisch: posts big blind $0.10
*** HOLE CARDS ***
Dealt to Mahu2021 [7d 9d]
agusdecarca: folds 
Matzet1ka: folds 
Mahu2021: folds 
edi.svr22: folds 
TheLonelyGuy: raises $0.15 to $0.25
gefilltefisch: folds 
Uncalled bet ($0.15) returned to TheLonelyGuy
TheLonelyGuy collected $0.20 from pot
TheLonelyGuy: doesn't show hand 
*** SUMMARY ***
Total pot $0.20 | Rake $0 
Seat 1: edi.svr22 (button) folded before Flop (didn't bet)
Seat 2: TheLonelyGuy (small blind) collected ($0.20)
Seat 3: gefilltefisch (big blind) folded before Flop
Seat 4: agusdecarca folded before Flop (didn't bet)
Seat 5: Matzet1ka folded before Flop (didn't bet)
Seat 6: Mahu2021 folded before Flop (didn't bet)



PokerStars Zoom Hand #254562828771:  Hold'em No Limit ($0.05/$0.10) - 2025/01/26 17:01:32 CET [2025/01/26 11:01:32 ET]
Table 'Aludra' 6-max Seat #1 is the button
Seat 1: WGaliaW ($13.38 in chips) 
Seat 2: Alf11douze ($10.19 in chips) 
Seat 3: Mahu2021 ($8.97 in chips) 
Seat 4: vovik-s1986 ($8.41 in chips) 
Seat 5: BMWR651982 ($12.33 in chips) 
Seat 6: Petorius ($2.92 in chips) 
Alf11douze: posts small blind $0.05
Mahu2021: posts big blind $0.10
*** HOLE CARDS ***
Dealt to Mahu2021 [Js Ah]
vovik-s1986: folds 
BMWR651982: calls $0.10
Petorius: calls $0.10
WGaliaW: folds 
Alf11douze is disconnected 
Alf11douze has timed out while disconnected
Alf11douze: folds 
Mahu2021: raises $0.60 to $0.70
BMWR651982: folds 
Petorius: folds 
Uncalled bet ($0.60) returned to Mahu2021
Mahu2021 collected $0.35 from pot
Mahu2021: doesn't show hand 
*** SUMMARY ***
Total pot $0.35 | Rake $0 
Seat 1: WGaliaW (button) folded before Flop (didn't bet)
Seat 2: Alf11douze (small blind) folded before Flop
Seat 3: Mahu2021 (big blind) collected ($0.35)
Seat 4: vovik-s1986 folded before Flop (didn't bet)
Seat 5: BMWR651982 folded before Flop
Seat 6: Petorius folded before Flop



PokerStars Zoom Hand #254562828124:  Hold'em No Limit ($0.05/$0.10) - 2025/01/26 17:01:29 CET [2025/01/26 11:01:29 ET]
Table 'Aludra' 6-max Seat #1 is the button
Seat 1: COVEIROANCAP ($10.97 in chips) 
Seat 2: youngmin5034 ($10 in chips) 
Seat 3: Oscar__62176 ($47.34 in chips) 
Seat 4: bluffbuffhuh ($12.10 in chips) 
Seat 5: DimoshaP ($12.97 in chips) 
Seat 6: Mahu2021 ($8.97 in chips) 
youngmin5034: posts small blind $0.05
Oscar__62176: posts big blind $0.10
*** HOLE CARDS ***
Dealt to Mahu2021 [9c 4c]
bluffbuffhuh: folds 
DimoshaP: folds 
Mahu2021: folds 
COVEIROANCAP: raises $0.15 to $0.25
youngmin5034: folds 
Oscar__62176: calls $0.15
*** FLOP *** [Qs Jc Ts]
Oscar__62176: checks 
COVEIROANCAP: checks 
*** TURN *** [Qs Jc Ts] [2h]
Oscar__62176: checks 
COVEIROANCAP: checks 
*** RIVER *** [Qs Jc Ts 2h] [5s]
Oscar__62176: checks 
COVEIROANCAP: bets $0.50
Oscar__62176: folds 
Uncalled bet ($0.50) returned to COVEIROANCAP
COVEIROANCAP collected $0.53 from pot
COVEIROANCAP: doesn't show hand 
*** SUMMARY ***
Total pot $0.55 | Rake $0.02 
Board [Qs Jc Ts 2h 5s]
Seat 1: COVEIROANCAP (button) collected ($0.53)
Seat 2: youngmin5034 (small blind) folded before Flop
Seat 3: Oscar__62176 (big blind) folded on the River
Seat 4: bluffbuffhuh folded before Flop (didn't bet)
Seat 5: DimoshaP folded before Flop (didn't bet)
Seat 6: Mahu2021 folded before Flop (didn't bet)



PokerStars Zoom Hand #254562836565:  Hold'em No Limit ($0.05/$0.10) - 2025/01/26 17:02:03 CET [2025/01/26 11:02:03 ET]
Table 'Aludra' 6-max Seat #1 is the button
Seat 1: r1ppyyy ($14.20 in chips) 
Seat 2: Mahu2021 ($9.22 in chips) 
Seat 3: Ironhelt ($22.17 in chips) 
Seat 4: Titsamach ($10 in chips) 
Seat 5: klevinjer ($16.07 in chips) 
Seat 6: Drugsdontwork ($19.49 in chips) 
Mahu2021: posts small blind $0.05
Ironhelt: posts big blind $0.10
*** HOLE CARDS ***
Dealt to Mahu2021 [Ac 9d]
Titsamach: folds 
klevinjer: folds 
Drugsdontwork: folds 
r1ppyyy: folds 
Mahu2021: raises $0.20 to $0.30
Ironhelt: folds 
Uncalled bet ($0.20) returned to Mahu2021
Mahu2021 collected $0.20 from pot
Mahu2021: doesn't show hand 
*** SUMMARY ***
Total pot $0.20 | Rake $0 
Seat 1: r1ppyyy (button) folded before Flop (didn't bet)
Seat 2: Mahu2021 (small blind) collected ($0.20)
Seat 3: Ironhelt (big blind) folded before Flop
Seat 4: Titsamach folded before Flop (didn't bet)
Seat 5: klevinjer folded before Flop (didn't bet)
Seat 6: Drugsdontwork folded before Flop (didn't bet)



PokerStars Zoom Hand #254562848744:  Hold'em No Limit ($0.05/$0.10) - 2025/01/26 17:02:50 CET [2025/01/26 11:02:50 ET]
Table 'Aludra' 6-max Seat #1 is the button
Seat 1: BMWR651982 ($11.74 in chips) 
Seat 2: eAh_BlackDevil ($17.72 in chips) 
Seat 3: Black HoleUK ($10.93 in chips) 
Seat 4: Mahu2021 ($9.07 in chips) 
Seat 5: Graphend ($6.35 in chips) 
Seat 6: WGaliaW ($10 in chips) 
eAh_BlackDevil: posts small blind $0.05
Black HoleUK: posts big blind $0.10
*** HOLE CARDS ***
Dealt to Mahu2021 [6c Kh]
Mahu2021: folds 
Graphend: folds 
WGaliaW: folds 
BMWR651982: folds 
eAh_BlackDevil: folds 
Uncalled bet ($0.05) returned to Black HoleUK
Black HoleUK collected $0.10 from pot
Black HoleUK: doesn't show hand 
*** SUMMARY ***
Total pot $0.10 | Rake $0 
Seat 1: BMWR651982 (button) folded before Flop (didn't bet)
Seat 2: eAh_BlackDevil (small blind) folded before Flop
Seat 3: Black HoleUK (big blind) collected ($0.10)
Seat 4: Mahu2021 folded before Flop (didn't bet)
Seat 5: Graphend folded before Flop (didn't bet)
Seat 6: WGaliaW folded before Flop (didn't bet)



PokerStars Zoom Hand #254562850515:  Hold'em No Limit ($0.05/$0.10) - 2025/01/26 17:02:57 CET [2025/01/26 11:02:57 ET]
Table 'Aludra' 6-max Seat #1 is the button
Seat 1: CM1836 ($11.65 in chips) 
Seat 2: VitorArj ($11 in chips) 
Seat 3: Mahu2021 ($9.07 in chips) 
Seat 4: cookierolo ($12.38 in chips) 
Seat 5: lichistoria ($10.25 in chips) 
Seat 6: R.S.Scherer ($13.82 in chips) 
VitorArj: posts small blind $0.05
Mahu2021: posts big blind $0.10
*** HOLE CARDS ***
Dealt to Mahu2021 [4c Qh]
cookierolo: folds 
lichistoria: folds 
R.S.Scherer: folds 
CM1836: raises $0.20 to $0.30
VitorArj: folds 
Mahu2021: folds 
Uncalled bet ($0.20) returned to CM1836
CM1836 collected $0.25 from pot
CM1836: doesn't show hand 
*** SUMMARY ***
Total pot $0.25 | Rake $0 
Seat 1: CM1836 (button) collected ($0.25)
Seat 2: VitorArj (small blind) folded before Flop
Seat 3: Mahu2021 (big blind) folded before Flop
Seat 4: cookierolo folded before Flop (didn't bet)
Seat 5: lichistoria folded before Flop (didn't bet)
Seat 6: R.S.Scherer folded before Flop (didn't bet)



PokerStars Zoom Hand #254562839489:  Hold'em No Limit ($0.05/$0.10) - 2025/01/26 17:02:14 CET [2025/01/26 11:02:14 ET]
Table 'Aludra' 6-max Seat #1 is the button
Seat 1: Munk639 ($13.56 in chips) 
Seat 2: Soli56 ($18.95 in chips) 
Seat 3: Matzet1ka ($10.51 in chips) 
Seat 4: Oscar__62176 ($47.09 in chips) 
Seat 5: Mahu2021 ($9.32 in chips) 
Seat 6: enry7.ice ($10.53 in chips) 
Soli56: posts small blind $0.05
Matzet1ka: posts big blind $0.10
*** HOLE CARDS ***
Dealt to Mahu2021 [Th 2s]
Oscar__62176: folds 
Mahu2021: folds 
enry7.ice: raises $0.15 to $0.25
Munk639: folds 
Soli56: folds 
Matzet1ka: calls $0.15
*** FLOP *** [8d 3d 8h]
Matzet1ka: checks 
enry7.ice: checks 
*** TURN *** [8d 3d 8h] [Jd]
Matzet1ka: bets $0.39
enry7.ice: calls $0.39
*** RIVER *** [8d 3d 8h Jd] [7s]
Matzet1ka: bets $1.59
enry7.ice: calls $1.59
*** SHOW DOWN ***
Matzet1ka: shows [7h 7c] (a full house, Sevens full of Eights)
enry7.ice: mucks hand 
Matzet1ka collected $4.31 from pot
*** SUMMARY ***
Total pot $4.51 | Rake $0.20 
Board [8d 3d 8h Jd 7s]
Seat 1: Munk639 (button) folded before Flop (didn't bet)
Seat 2: Soli56 (small blind) folded before Flop
Seat 3: Matzet1ka (big blind) showed [7h 7c] and won ($4.31) with a full house, Sevens full of Eights
Seat 4: Oscar__62176 folded before Flop (didn't bet)
Seat 5: Mahu2021 folded before Flop (didn't bet)
Seat 6: enry7.ice mucked [7d Kd]



PokerStars Zoom Hand #254562856404:  Hold'em No Limit ($0.05/$0.10) - 2025/01/26 17:03:19 CET [2025/01/26 11:03:19 ET]
Table 'Aludra' 6-max Seat #1 is the button
Seat 1: Mahu2021 ($8.92 in chips) 
Seat 2: SIwon1 ($6.72 in chips) 
Seat 3: PAPA JOHN444 ($27.05 in chips) 
Seat 4: lichistoria ($10.05 in chips) 
Seat 5: Soli56 ($10 in chips) 
Seat 6: vojtek1968 ($11.17 in chips) 
SIwon1: posts small blind $0.05
PAPA JOHN444: posts big blind $0.10
*** HOLE CARDS ***
Dealt to Mahu2021 [7h Qh]
lichistoria: folds 
Soli56: raises $0.15 to $0.25
vojtek1968: folds 
Mahu2021: folds 
SIwon1: folds 
PAPA JOHN444: folds 
Uncalled bet ($0.15) returned to Soli56
Soli56 collected $0.25 from pot
Soli56: doesn't show hand 
*** SUMMARY ***
Total pot $0.25 | Rake $0 
Seat 1: Mahu2021 (button) folded before Flop (didn't bet)
Seat 2: SIwon1 (small blind) folded before Flop
Seat 3: PAPA JOHN444 (big blind) folded before Flop
Seat 4: lichistoria folded before Flop (didn't bet)
Seat 5: Soli56 collected ($0.25)
Seat 6: vojtek1968 folded before Flop (didn't bet)



PokerStars Zoom Hand #254562859927:  Hold'em No Limit ($0.05/$0.10) - 2025/01/26 17:03:31 CET [2025/01/26 11:03:31 ET]
Table 'Aludra' 6-max Seat #1 is the button
Seat 1: BlueLway ($10.26 in chips) 
Seat 2: ogrex ($9.57 in chips) 
Seat 3: Munk639 ($13.05 in chips) 
Seat 4: Schnurzpiep ($7.38 in chips) 
Seat 5: BGold999 ($11.66 in chips) 
Seat 6: Mahu2021 ($8.92 in chips) 
ogrex: posts small blind $0.05
Munk639: posts big blind $0.10
*** HOLE CARDS ***
Dealt to Mahu2021 [5c 2c]
Schnurzpiep: folds 
BGold999: folds 
Mahu2021: folds 
BlueLway: folds 
ogrex: folds 
Uncalled bet ($0.05) returned to Munk639
Munk639 collected $0.10 from pot
Munk639: doesn't show hand 
*** SUMMARY ***
Total pot $0.10 | Rake $0 
Seat 1: BlueLway (button) folded before Flop (didn't bet)
Seat 2: ogrex (small blind) folded before Flop
Seat 3: Munk639 (big blind) collected ($0.10)
Seat 4: Schnurzpiep folded before Flop (didn't bet)
Seat 5: BGold999 folded before Flop (didn't bet)
Seat 6: Mahu2021 folded before Flop (didn't bet)



PokerStars Zoom Hand #254562849740:  Hold'em No Limit ($0.05/$0.10) - 2025/01/26 17:02:54 CET [2025/01/26 11:02:54 ET]
Table 'Aludra' 6-max Seat #1 is the button
Seat 1: TheLonelyGuy ($11.45 in chips) 
Seat 2: D.Rossetti ($11.09 in chips) 
Seat 3: Matzet1ka ($10 in chips) 
Seat 4: Mahu2021 ($9.07 in chips) 
Seat 5: apicius2 ($10.16 in chips) 
Seat 6: BlueLway ($10.56 in chips) 
D.Rossetti: posts small blind $0.05
Matzet1ka: posts big blind $0.10
*** HOLE CARDS ***
Dealt to Mahu2021 [4h 3s]
Mahu2021: folds 
apicius2: folds 
BlueLway: folds 
TheLonelyGuy: folds 
D.Rossetti: raises $0.25 to $0.35
Matzet1ka: raises $0.70 to $1.05
D.Rossetti: calls $0.70
*** FLOP *** [3c 2d 6c]
D.Rossetti: checks 
Matzet1ka: bets $0.66
D.Rossetti: calls $0.66
*** TURN *** [3c 2d 6c] [2c]
D.Rossetti: checks 
Matzet1ka: checks 
*** RIVER *** [3c 2d 6c 2c] [9h]
D.Rossetti: checks 
Matzet1ka: checks 
*** SHOW DOWN ***
D.Rossetti: shows [3d Ad] (two pair, Threes and Deuces)
Matzet1ka: shows [Td Tc] (two pair, Tens and Deuces)
Matzet1ka collected $3.27 from pot
*** SUMMARY ***
Total pot $3.42 | Rake $0.15 
Board [3c 2d 6c 2c 9h]
Seat 1: TheLonelyGuy (button) folded before Flop (didn't bet)
Seat 2: D.Rossetti (small blind) showed [3d Ad] and lost with two pair, Threes and Deuces
Seat 3: Matzet1ka (big blind) showed [Td Tc] and won ($3.27) with two pair, Tens and Deuces
Seat 4: Mahu2021 folded before Flop (didn't bet)
Seat 5: apicius2 folded before Flop (didn't bet)
Seat 6: BlueLway folded before Flop (didn't bet)



PokerStars Zoom Hand #254562840708:  Hold'em No Limit ($0.05/$0.10) - 2025/01/26 17:02:19 CET [2025/01/26 11:02:19 ET]
Table 'Aludra' 6-max Seat #1 is the button
Seat 1: Mahu2021 ($9.32 in chips) 
Seat 2: Oscar__62176 ($54.97 in chips) 
Seat 3: DimoshaP ($12.77 in chips) 
Seat 4: Matzet1ka ($10.15 in chips) 
Seat 5: 00O-2Z ($16.11 in chips) 
Seat 6: SIwon1 ($22.03 in chips) 
Oscar__62176: posts small blind $0.05
DimoshaP: posts big blind $0.10
*** HOLE CARDS ***
Dealt to Mahu2021 [Kc Qc]
Matzet1ka: folds 
00O-2Z: raises $0.15 to $0.25
SIwon1: folds 
Mahu2021: calls $0.25
Oscar__62176: folds 
DimoshaP: raises $0.80 to $1.05
00O-2Z: raises $1.60 to $2.65
Mahu2021: folds 
DimoshaP: calls $1.60
*** FLOP *** [9c 6h 8d]
DimoshaP: checks 
00O-2Z: bets $2.98
DimoshaP: calls $2.98
*** TURN *** [9c 6h 8d] [7d]
DimoshaP: bets $7.14 and is all-in
00O-2Z: calls $7.14
*** RIVER *** [9c 6h 8d 7d] [As]
*** SHOW DOWN ***
DimoshaP: shows [Js Jd] (a pair of Jacks)
00O-2Z: shows [Ah Ac] (three of a kind, Aces)
00O-2Z collected $24.68 from pot
*** SUMMARY ***
Total pot $25.84 | Rake $1.16 
Board [9c 6h 8d 7d As]
Seat 1: Mahu2021 (button) folded before Flop
Seat 2: Oscar__62176 (small blind) folded before Flop
Seat 3: DimoshaP (big blind) showed [Js Jd] and lost with a pair of Jacks
Seat 4: Matzet1ka folded before Flop (didn't bet)
Seat 5: 00O-2Z showed [Ah Ac] and won ($24.68) with three of a kind, Aces
Seat 6: SIwon1 folded before Flop (didn't bet)



PokerStars Zoom Hand #254562860844:  Hold'em No Limit ($0.05/$0.10) - 2025/01/26 17:03:34 CET [2025/01/26 11:03:34 ET]
Table 'Aludra' 6-max Seat #1 is the button
Seat 1: serotonine91 ($12.01 in chips) 
Seat 2: ljy990514 ($15.76 in chips) 
Seat 3: vojtek1968 ($10.83 in chips) 
Seat 4: Soli56 ($10.15 in chips) 
Seat 5: Mahu2021 ($8.92 in chips) 
Seat 6: eAh_BlackDevil ($10 in chips) 
ljy990514: posts small blind $0.05
vojtek1968: posts big blind $0.10
*** HOLE CARDS ***
Dealt to Mahu2021 [9s Tc]
Soli56: folds 
Mahu2021: folds 
eAh_BlackDevil: folds 
serotonine91: raises $0.13 to $0.23
ljy990514: folds 
vojtek1968: folds 
Uncalled bet ($0.13) returned to serotonine91
serotonine91 collected $0.25 from pot
serotonine91: doesn't show hand 
*** SUMMARY ***
Total pot $0.25 | Rake $0 
Seat 1: serotonine91 (button) collected ($0.25)
Seat 2: ljy990514 (small blind) folded before Flop
Seat 3: vojtek1968 (big blind) folded before Flop
Seat 4: Soli56 folded before Flop (didn't bet)
Seat 5: Mahu2021 folded before Flop (didn't bet)
Seat 6: eAh_BlackDevil folded before Flop (didn't bet)



PokerStars Zoom Hand #254562854832:  Hold'em No Limit ($0.05/$0.10) - 2025/01/26 17:03:13 CET [2025/01/26 11:03:13 ET]
Table 'Aludra' 6-max Seat #1 is the button
Seat 1: bgbluff92 ($7.58 in chips) 
Seat 2: Mahu2021 ($8.97 in chips) 
Seat 3: 1MustFall666 ($2.12 in chips) 
Seat 4: Pesulle ($22.37 in chips) 
Seat 5: ljy990514 ($23.86 in chips) 
Seat 6: Titsamach ($12.46 in chips) 
Mahu2021: posts small blind $0.05
1MustFall666: posts big blind $0.10
*** HOLE CARDS ***
Dealt to Mahu2021 [5d 9c]
Pesulle: folds 
ljy990514: folds 
Titsamach: raises $0.10 to $0.20
bgbluff92: calls $0.20
Mahu2021: folds 
1MustFall666: calls $0.10
*** FLOP *** [Qd 9s 3s]
1MustFall666: checks 
Titsamach: bets $0.47
bgbluff92: folds 
1MustFall666: folds 
Uncalled bet ($0.47) returned to Titsamach
Titsamach collected $0.62 from pot
Titsamach: doesn't show hand 
*** SUMMARY ***
Total pot $0.65 | Rake $0.03 
Board [Qd 9s 3s]
Seat 1: bgbluff92 (button) folded on the Flop
Seat 2: Mahu2021 (small blind) folded before Flop
Seat 3: 1MustFall666 (big blind) folded on the Flop
Seat 4: Pesulle folded before Flop (didn't bet)
Seat 5: ljy990514 folded before Flop (didn't bet)
Seat 6: Titsamach collected ($0.62)



PokerStars Zoom Hand #254562862999:  Hold'em No Limit ($0.05/$0.10) - 2025/01/26 17:03:42 CET [2025/01/26 11:03:42 ET]
Table 'Aludra' 6-max Seat #1 is the button
Seat 1: klevinjer ($22.18 in chips) 
Seat 2: SIwon1 ($6.70 in chips) 
Seat 3: Mahu2021 ($8.92 in chips) 
Seat 4: 2.147b ($21 in chips) 
Seat 5: bluffbuffhuh ($13.68 in chips) 
Seat 6: D.Rossetti ($14.12 in chips) 
SIwon1: posts small blind $0.05
Mahu2021: posts big blind $0.10
*** HOLE CARDS ***
Dealt to Mahu2021 [8s Jc]
2.147b: raises $0.10 to $0.20
bluffbuffhuh: folds 
D.Rossetti: folds 
klevinjer: folds 
SIwon1: folds 
Mahu2021: folds 
Uncalled bet ($0.10) returned to 2.147b
2.147b collected $0.25 from pot
2.147b: doesn't show hand 
*** SUMMARY ***
Total pot $0.25 | Rake $0 
Seat 1: klevinjer (button) folded before Flop (didn't bet)
Seat 2: SIwon1 (small blind) folded before Flop
Seat 3: Mahu2021 (big blind) folded before Flop
Seat 4: 2.147b collected ($0.25)
Seat 5: bluffbuffhuh folded before Flop (didn't bet)
Seat 6: D.Rossetti folded before Flop (didn't bet)



PokerStars Zoom Hand #254562861763:  Hold'em No Limit ($0.05/$0.10) - 2025/01/26 17:03:37 CET [2025/01/26 11:03:37 ET]
Table 'Aludra' 6-max Seat #1 is the button
Seat 1: YourMumSaysHi ($16.84 in chips) 
Seat 2: cookierolo ($12.43 in chips) 
Seat 3: looser00091 ($22.55 in chips) 
Seat 4: Mahu2021 ($8.92 in chips) 
Seat 5: BlueLway ($13.44 in chips) 
Seat 6: ogrex ($9.52 in chips) 
cookierolo: posts small blind $0.05
looser00091: posts big blind $0.10
*** HOLE CARDS ***
Dealt to Mahu2021 [7h 6h]
Mahu2021: folds 
BlueLway: folds 
ogrex: raises $0.10 to $0.20
YourMumSaysHi: calls $0.20
cookierolo: folds 
looser00091: calls $0.10
*** FLOP *** [As Jd 8d]
looser00091: checks 
ogrex: bets $0.62
YourMumSaysHi: calls $0.62
looser00091: folds 
*** TURN *** [As Jd 8d] [2d]
ogrex: checks 
YourMumSaysHi: bets $0.59
ogrex: calls $0.59
*** RIVER *** [As Jd 8d 2d] [9d]
ogrex: checks 
YourMumSaysHi: bets $0.97
ogrex: calls $0.97
*** SHOW DOWN ***
YourMumSaysHi: shows [Th Ad] (a flush, Ace high)
ogrex: mucks hand 
YourMumSaysHi collected $4.78 from pot
*** SUMMARY ***
Total pot $5.01 | Rake $0.23 
Board [As Jd 8d 2d 9d]
Seat 1: YourMumSaysHi (button) showed [Th Ad] and won ($4.78) with a flush, Ace high
Seat 2: cookierolo (small blind) folded before Flop
Seat 3: looser00091 (big blind) folded on the Flop
Seat 4: Mahu2021 folded before Flop (didn't bet)
Seat 5: BlueLway folded before Flop (didn't bet)
Seat 6: ogrex mucked [Js Ac]



PokerStars Zoom Hand #254562867072:  Hold'em No Limit ($0.05/$0.10) - 2025/01/26 17:03:57 CET [2025/01/26 11:03:57 ET]
Table 'Aludra' 6-max Seat #1 is the button
Seat 1: WGaliaW ($11.94 in chips) 
Seat 2: Mahu2021 ($8.82 in chips) 
Seat 3: assuncaogu ($14.92 in chips) 
Seat 4: hugoreisssss ($9.99 in chips) 
Seat 5: Oscar__62176 ($102.04 in chips) 
Seat 6: looser00091 ($22.35 in chips) 
Mahu2021: posts small blind $0.05
assuncaogu: posts big blind $0.10
*** HOLE CARDS ***
Dealt to Mahu2021 [7c 7s]
hugoreisssss: raises $0.10 to $0.20
Oscar__62176: folds 
looser00091: folds 
WGaliaW: raises $0.50 to $0.70
Mahu2021: calls $0.65
assuncaogu: calls $0.60
hugoreisssss: folds 
*** FLOP *** [8c 3c 9h]
Mahu2021: checks 
assuncaogu: checks 
WGaliaW: bets $1.50
Mahu2021: folds 
assuncaogu: raises $2.60 to $4.10
WGaliaW: folds 
Uncalled bet ($2.60) returned to assuncaogu
assuncaogu collected $5.06 from pot
assuncaogu: doesn't show hand 
*** SUMMARY ***
Total pot $5.30 | Rake $0.24 
Board [8c 3c 9h]
Seat 1: WGaliaW (button) folded on the Flop
Seat 2: Mahu2021 (small blind) folded on the Flop
Seat 3: assuncaogu (big blind) collected ($5.06)
Seat 4: hugoreisssss folded before Flop
Seat 5: Oscar__62176 folded before Flop (didn't bet)
Seat 6: looser00091 folded before Flop (didn't bet)



PokerStars Zoom Hand #254562874902:  Hold'em No Limit ($0.05/$0.10) - 2025/01/26 17:04:26 CET [2025/01/26 11:04:26 ET]
Table 'Aludra' 6-max Seat #1 is the button
Seat 1: Mahu2021 ($8.12 in chips) 
Seat 2: 8mobius ($10 in chips) 
Seat 3: rachelffs ($13.59 in chips) 
Seat 4: CM1836 ($12.20 in chips) 
Seat 5: eAh_BlackDevil ($10.75 in chips) 
Seat 6: agusdecarca ($24.61 in chips) 
8mobius: posts small blind $0.05
rachelffs: posts big blind $0.10
*** HOLE CARDS ***
Dealt to Mahu2021 [Jd Ks]
CM1836: folds 
eAh_BlackDevil: folds 
agusdecarca: raises $0.15 to $0.25
Mahu2021: calls $0.25
8mobius: folds 
rachelffs: calls $0.15
*** FLOP *** [2s 4c 4h]
rachelffs: bets $0.30
agusdecarca: folds 
Mahu2021: folds 
Uncalled bet ($0.30) returned to rachelffs
rachelffs collected $0.76 from pot
rachelffs: doesn't show hand 
*** SUMMARY ***
Total pot $0.80 | Rake $0.04 
Board [2s 4c 4h]
Seat 1: Mahu2021 (button) folded on the Flop
Seat 2: 8mobius (small blind) folded before Flop
Seat 3: rachelffs (big blind) collected ($0.76)
Seat 4: CM1836 folded before Flop (didn't bet)
Seat 5: eAh_BlackDevil folded before Flop (didn't bet)
Seat 6: agusdecarca folded on the Flop



PokerStars Zoom Hand #254562882888:  Hold'em No Limit ($0.05/$0.10) - 2025/01/26 17:04:55 CET [2025/01/26 11:04:55 ET]
Table 'Aludra' 6-max Seat #1 is the button
Seat 1: assuncaogu ($17.73 in chips) 
Seat 2: ForrestG451 ($10.75 in chips) 
Seat 3: YourMumSaysHi ($22.59 in chips) 
Seat 4: 00O-2Z ($27.67 in chips) 
Seat 5: anderetsu ($25.96 in chips) 
Seat 6: Mahu2021 ($7.87 in chips) 
ForrestG451: posts small blind $0.05
YourMumSaysHi: posts big blind $0.10
*** HOLE CARDS ***
Dealt to Mahu2021 [7d 3d]
00O-2Z: raises $0.20 to $0.30
anderetsu: folds 
Mahu2021: folds 
assuncaogu: folds 
ForrestG451: folds 
YourMumSaysHi: folds 
Uncalled bet ($0.20) returned to 00O-2Z
00O-2Z collected $0.25 from pot
00O-2Z: doesn't show hand 
*** SUMMARY ***
Total pot $0.25 | Rake $0 
Seat 1: assuncaogu (button) folded before Flop (didn't bet)
Seat 2: ForrestG451 (small blind) folded before Flop
Seat 3: YourMumSaysHi (big blind) folded before Flop
Seat 4: 00O-2Z collected ($0.25)
Seat 5: anderetsu folded before Flop (didn't bet)
Seat 6: Mahu2021 folded before Flop (didn't bet)



PokerStars Zoom Hand #254562885263:  Hold'em No Limit ($0.05/$0.10) - 2025/01/26 17:05:04 CET [2025/01/26 11:05:04 ET]
Table 'Aludra' 6-max Seat #1 is the button
Seat 1: honEybOOx ($20.81 in chips) 
Seat 2: ljy990514 ($23.61 in chips) 
Seat 3: RealN4p ($10 in chips) 
Seat 4: Mahu2021 ($7.87 in chips) 
Seat 5: lichistoria ($10 in chips) 
Seat 6: bgbluff92 ($7.56 in chips) 
ljy990514: posts small blind $0.05
RealN4p: posts big blind $0.10
*** HOLE CARDS ***
Dealt to Mahu2021 [5d 4c]
Mahu2021: folds 
lichistoria: raises $0.15 to $0.25
bgbluff92: folds 
honEybOOx: folds 
ljy990514: folds 
RealN4p: folds 
Uncalled bet ($0.15) returned to lichistoria
lichistoria collected $0.25 from pot
lichistoria: doesn't show hand 
*** SUMMARY ***
Total pot $0.25 | Rake $0 
Seat 1: honEybOOx (button) folded before Flop (didn't bet)
Seat 2: ljy990514 (small blind) folded before Flop
Seat 3: RealN4p (big blind) folded before Flop
Seat 4: Mahu2021 folded before Flop (didn't bet)
Seat 5: lichistoria collected ($0.25)
Seat 6: bgbluff92 folded before Flop (didn't bet)



PokerStars Zoom Hand #254562885906:  Hold'em No Limit ($0.05/$0.10) - 2025/01/26 17:05:06 CET [2025/01/26 11:05:06 ET]
Table 'Aludra' 6-max Seat #1 is the button
Seat 1: Munk639 ($4.84 in chips) 
Seat 2: CM1836 ($9.16 in chips) 
Seat 3: Mahu2021 ($7.87 in chips) 
Seat 4: Jamie_McPartlin ($12.16 in chips) 
Seat 5: rachelffs ($14.10 in chips) 
Seat 6: BlueLway ($10 in chips) 
CM1836: posts small blind $0.05
Mahu2021: posts big blind $0.10
*** HOLE CARDS ***
Dealt to Mahu2021 [2d 4d]
Jamie_McPartlin: folds 
rachelffs: folds 
BlueLway: folds 
Munk639: folds 
CM1836: folds 
Uncalled bet ($0.05) returned to Mahu2021
Mahu2021 collected $0.10 from pot
Mahu2021: doesn't show hand 
*** SUMMARY ***
Total pot $0.10 | Rake $0 
Seat 1: Munk639 (button) folded before Flop (didn't bet)
Seat 2: CM1836 (small blind) folded before Flop
Seat 3: Mahu2021 (big blind) collected ($0.10)
Seat 4: Jamie_McPartlin folded before Flop (didn't bet)
Seat 5: rachelffs folded before Flop (didn't bet)
Seat 6: BlueLway folded before Flop (didn't bet)



PokerStars Zoom Hand #254562883952:  Hold'em No Limit ($0.05/$0.10) - 2025/01/26 17:04:59 CET [2025/01/26 11:04:59 ET]
Table 'Aludra' 6-max Seat #1 is the button
Seat 1: Drugsdontwork ($11.15 in chips) 
Seat 2: TheLonelyGuy ($12.15 in chips) 
Seat 3: shin_0831 ($9.63 in chips) 
Seat 4: vojtek1968 ($11.56 in chips) 
Seat 5: Mahu2021 ($7.87 in chips) 
Seat 6: serotonine91 ($11.96 in chips) 
TheLonelyGuy: posts small blind $0.05
shin_0831: posts big blind $0.10
*** HOLE CARDS ***
Dealt to Mahu2021 [2h 9s]
vojtek1968: raises $0.20 to $0.30
Mahu2021: folds 
serotonine91: folds 
Drugsdontwork: raises $0.30 to $0.60
TheLonelyGuy: folds 
shin_0831: folds 
vojtek1968: calls $0.30
*** FLOP *** [Js 4c Ah]
vojtek1968: bets $0.65
Drugsdontwork: calls $0.65
*** TURN *** [Js 4c Ah] [5h]
vojtek1968: bets $2.53
Drugsdontwork: calls $2.53
*** RIVER *** [Js 4c Ah 5h] [4h]
vojtek1968: bets $7.78 and is all-in
Drugsdontwork: folds 
Uncalled bet ($7.78) returned to vojtek1968
vojtek1968 collected $7.36 from pot
vojtek1968: doesn't show hand 
*** SUMMARY ***
Total pot $7.71 | Rake $0.35 
Board [Js 4c Ah 5h 4h]
Seat 1: Drugsdontwork (button) folded on the River
Seat 2: TheLonelyGuy (small blind) folded before Flop
Seat 3: shin_0831 (big blind) folded before Flop
Seat 4: vojtek1968 collected ($7.36)
Seat 5: Mahu2021 folded before Flop (didn't bet)
Seat 6: serotonine91 folded before Flop (didn't bet)



PokerStars Zoom Hand #254562889270:  Hold'em No Limit ($0.05/$0.10) - 2025/01/26 17:05:19 CET [2025/01/26 11:05:19 ET]
Table 'Aludra' 6-max Seat #1 is the button
Seat 1: Munk639 ($13.53 in chips) 
Seat 2: Mahu2021 ($7.92 in chips) 
Seat 3: Danger22bigs ($15.72 in chips) 
Seat 4: sophiedoll ($17.70 in chips) 
Seat 5: Dastik 5 ($10 in chips) 
Seat 6: Ironhelt ($15.31 in chips) 
Mahu2021: posts small blind $0.05
Danger22bigs: posts big blind $0.10
*** HOLE CARDS ***
Dealt to Mahu2021 [Ks Th]
sophiedoll: folds 
Dastik 5: folds 
Ironhelt: folds 
Munk639: folds 
Mahu2021: raises $0.20 to $0.30
Danger22bigs: calls $0.20
*** FLOP *** [Td 6c 8h]
Mahu2021: bets $0.57
Danger22bigs: calls $0.57
*** TURN *** [Td 6c 8h] [6s]
Mahu2021: checks 
Danger22bigs: checks 
*** RIVER *** [Td 6c 8h 6s] [9h]
Mahu2021: checks 
Danger22bigs: checks 
*** SHOW DOWN ***
Mahu2021: shows [Ks Th] (two pair, Tens and Sixes)
Danger22bigs: mucks hand 
Mahu2021 collected $1.66 from pot
*** SUMMARY ***
Total pot $1.74 | Rake $0.08 
Board [Td 6c 8h 6s 9h]
Seat 1: Munk639 (button) folded before Flop (didn't bet)
Seat 2: Mahu2021 (small blind) showed [Ks Th] and won ($1.66) with two pair, Tens and Sixes
Seat 3: Danger22bigs (big blind) mucked [As 8s]
Seat 4: sophiedoll folded before Flop (didn't bet)
Seat 5: Dastik 5 folded before Flop (didn't bet)
Seat 6: Ironhelt folded before Flop (didn't bet)



PokerStars Zoom Hand #254562900851:  Hold'em No Limit ($0.05/$0.10) - 2025/01/26 17:06:01 CET [2025/01/26 11:06:01 ET]
Table 'Aludra' 6-max Seat #1 is the button
Seat 1: anderetsu ($15 in chips) 
Seat 2: ruffhund1 ($10 in chips) 
Seat 3: ksjhs4207 ($9.74 in chips) 
Seat 4: ljy990514 ($23.46 in chips) 
Seat 5: rachelffs ($14.10 in chips) 
Seat 6: Mahu2021 ($8.71 in chips) 
ruffhund1: posts small blind $0.05
ksjhs4207: posts big blind $0.10
*** HOLE CARDS ***
Dealt to Mahu2021 [6s 6c]
ljy990514: raises $0.10 to $0.20
rachelffs: folds 
Mahu2021: calls $0.20
anderetsu: folds 
ruffhund1: raises $1.30 to $1.50
ksjhs4207: folds 
ljy990514: folds 
Mahu2021: folds 
Uncalled bet ($1.30) returned to ruffhund1
ruffhund1 collected $0.70 from pot
ruffhund1: doesn't show hand 
*** SUMMARY ***
Total pot $0.70 | Rake $0 
Seat 1: anderetsu (button) folded before Flop (didn't bet)
Seat 2: ruffhund1 (small blind) collected ($0.70)
Seat 3: ksjhs4207 (big blind) folded before Flop
Seat 4: ljy990514 folded before Flop
Seat 5: rachelffs folded before Flop (didn't bet)
Seat 6: Mahu2021 folded before Flop



PokerStars Zoom Hand #254562905437:  Hold'em No Limit ($0.05/$0.10) - 2025/01/26 17:06:18 CET [2025/01/26 11:06:18 ET]
Table 'Aludra' 6-max Seat #1 is the button
Seat 1: marwest1306 ($4.62 in chips) 
Seat 2: Mahu2021 ($8.51 in chips) 
Seat 3: Salomandar ($10 in chips) 
Seat 4: Titsamach ($12.69 in chips) 
Seat 5: 1MustFall666 ($1.97 in chips) 
Seat 6: eAh_BlackDevil ($10.75 in chips) 
Mahu2021: posts small blind $0.05
Salomandar: posts big blind $0.10
*** HOLE CARDS ***
Dealt to Mahu2021 [9d Kc]
Titsamach: folds 
1MustFall666: folds 
eAh_BlackDevil: folds 
marwest1306: raises $0.10 to $0.20
Mahu2021: calls $0.15
Salomandar: folds 
*** FLOP *** [Qs Js Qh]
Mahu2021: checks 
marwest1306: checks 
*** TURN *** [Qs Js Qh] [6d]
Mahu2021: checks 
marwest1306: checks 
*** RIVER *** [Qs Js Qh 6d] [2h]
Mahu2021: bets $0.20
marwest1306: calls $0.20
*** SHOW DOWN ***
Mahu2021: shows [9d Kc] (a pair of Queens)
marwest1306: shows [9h Ah] (a pair of Queens - Ace kicker)
marwest1306 collected $0.85 from pot
*** SUMMARY ***
Total pot $0.90 | Rake $0.05 
Board [Qs Js Qh 6d 2h]
Seat 1: marwest1306 (button) showed [9h Ah] and won ($0.85) with a pair of Queens
Seat 2: Mahu2021 (small blind) showed [9d Kc] and lost with a pair of Queens
Seat 3: Salomandar (big blind) folded before Flop
Seat 4: Titsamach folded before Flop (didn't bet)
Seat 5: 1MustFall666 folded before Flop (didn't bet)
Seat 6: eAh_BlackDevil folded before Flop (didn't bet)



PokerStars Zoom Hand #254562910588:  Hold'em No Limit ($0.05/$0.10) - 2025/01/26 17:06:37 CET [2025/01/26 11:06:37 ET]
Table 'Aludra' 6-max Seat #1 is the button
Seat 1: serotonine91 ($11.39 in chips) 
Seat 2: Dastik 5 ($10 in chips) 
Seat 3: Mahu2021 ($8.11 in chips) 
Seat 4: eAh_BlackDevil ($10.80 in chips) 
Seat 5: ksjhs4207 ($9.90 in chips) 
Seat 6: marwest1306 ($5.07 in chips) 
Dastik 5: posts small blind $0.05
Mahu2021: posts big blind $0.10
*** HOLE CARDS ***
Dealt to Mahu2021 [4h Ks]
eAh_BlackDevil: folds 
ksjhs4207: folds 
marwest1306: folds 
serotonine91: folds 
Dastik 5: folds 
Uncalled bet ($0.05) returned to Mahu2021
Mahu2021 collected $0.10 from pot
Mahu2021: doesn't show hand 
*** SUMMARY ***
Total pot $0.10 | Rake $0 
Seat 1: serotonine91 (button) folded before Flop (didn't bet)
Seat 2: Dastik 5 (small blind) folded before Flop
Seat 3: Mahu2021 (big blind) collected ($0.10)
Seat 4: eAh_BlackDevil folded before Flop (didn't bet)
Seat 5: ksjhs4207 folded before Flop (didn't bet)
Seat 6: marwest1306 folded before Flop (didn't bet)



PokerStars Zoom Hand #254562899206:  Hold'em No Limit ($0.05/$0.10) - 2025/01/26 17:05:55 CET [2025/01/26 11:05:55 ET]
Table 'Aludra' 6-max Seat #1 is the button
Seat 1: Mahu2021 ($8.71 in chips) 
Seat 2: ForrestG451 ($10.60 in chips) 
Seat 3: Ironhelt ($26.61 in chips) 
Seat 4: assuncaogu ($10.40 in chips) 
Seat 5: Oscar__62176 ($10.35 in chips) 
Seat 6: vojtek1968 ($15.09 in chips) 
ForrestG451: posts small blind $0.05
Ironhelt: posts big blind $0.10
*** HOLE CARDS ***
Dealt to Mahu2021 [6c 5d]
assuncaogu: folds 
Oscar__62176: folds 
vojtek1968: folds 
Mahu2021: folds 
ForrestG451: raises $0.20 to $0.30
Ironhelt: calls $0.20
*** FLOP *** [Ts 6d Td]
ForrestG451: checks 
Ironhelt: bets $0.40
ForrestG451: calls $0.40
*** TURN *** [Ts 6d Td] [8h]
ForrestG451: checks 
Ironhelt: bets $0.94
ForrestG451: calls $0.94
*** RIVER *** [Ts 6d Td 8h] [8s]
ForrestG451: checks 
Ironhelt: checks 
*** SHOW DOWN ***
ForrestG451: shows [Ad Th] (a full house, Tens full of Eights)
Ironhelt: mucks hand 
ForrestG451 collected $3.13 from pot
*** SUMMARY ***
Total pot $3.28 | Rake $0.15 
Board [Ts 6d Td 8h 8s]
Seat 1: Mahu2021 (button) folded before Flop (didn't bet)
Seat 2: ForrestG451 (small blind) showed [Ad Th] and won ($3.13) with a full house, Tens full of Eights
Seat 3: Ironhelt (big blind) mucked [Jd Qd]
Seat 4: assuncaogu folded before Flop (didn't bet)
Seat 5: Oscar__62176 folded before Flop (didn't bet)
Seat 6: vojtek1968 folded before Flop (didn't bet)



PokerStars Zoom Hand #254562913239:  Hold'em No Limit ($0.05/$0.10) - 2025/01/26 17:06:47 CET [2025/01/26 11:06:47 ET]
Table 'Aludra' 6-max Seat #1 is the button
Seat 1: LÁSZLÓMESTER ($14.01 in chips) 
Seat 2: Titsamach ($13.38 in chips) 
Seat 3: ruffhund1 ($10 in chips) 
Seat 4: hdog95 ($6.30 in chips) 
Seat 5: Mahu2021 ($8.16 in chips) 
Seat 6: abelll115 ($11.76 in chips) 
Titsamach: posts small blind $0.05
ruffhund1: posts big blind $0.10
*** HOLE CARDS ***
Dealt to Mahu2021 [Jd Th]
hdog95: folds 
Mahu2021: raises $0.14 to $0.24
abelll115: folds 
LÁSZLÓMESTER: folds 
Titsamach: folds 
ruffhund1: folds 
Uncalled bet ($0.14) returned to Mahu2021
Mahu2021 collected $0.25 from pot
Mahu2021: doesn't show hand 
*** SUMMARY ***
Total pot $0.25 | Rake $0 
Seat 1: LÁSZLÓMESTER (button) folded before Flop (didn't bet)
Seat 2: Titsamach (small blind) folded before Flop
Seat 3: ruffhund1 (big blind) folded before Flop
Seat 4: hdog95 folded before Flop (didn't bet)
Seat 5: Mahu2021 collected ($0.25)
Seat 6: abelll115 folded before Flop (didn't bet)



PokerStars Zoom Hand #254562919633:  Hold'em No Limit ($0.05/$0.10) - 2025/01/26 17:07:10 CET [2025/01/26 11:07:10 ET]
Table 'Aludra' 6-max Seat #1 is the button
Seat 1: Mahu2021 ($8.31 in chips) 
Seat 2: wiking ($8.58 in chips) 
Seat 3: ivo070788 ($4.61 in chips) 
Seat 4: fieres ($18.79 in chips) 
Seat 5: ksjhs4207 ($9.45 in chips) 
Seat 6: BlueLway ($10.50 in chips) 
wiking: posts small blind $0.05
ivo070788: posts big blind $0.10
*** HOLE CARDS ***
Dealt to Mahu2021 [5c 2s]
fieres: raises $0.20 to $0.30
ksjhs4207: folds 
BlueLway: folds 
Mahu2021: folds 
wiking: folds 
ivo070788: folds 
Uncalled bet ($0.20) returned to fieres
fieres collected $0.25 from pot
fieres: doesn't show hand 
*** SUMMARY ***
Total pot $0.25 | Rake $0 
Seat 1: Mahu2021 (button) folded before Flop (didn't bet)
Seat 2: wiking (small blind) folded before Flop
Seat 3: ivo070788 (big blind) folded before Flop
Seat 4: fieres collected ($0.25)
Seat 5: ksjhs4207 folded before Flop (didn't bet)
Seat 6: BlueLway folded before Flop (didn't bet)



PokerStars Zoom Hand #254562920778:  Hold'em No Limit ($0.05/$0.10) - 2025/01/26 17:07:14 CET [2025/01/26 11:07:14 ET]
Table 'Aludra' 6-max Seat #1 is the button
Seat 1: WGaliaW ($11.17 in chips) 
Seat 2: Ironhelt ($14.67 in chips) 
Seat 3: wiking ($8.53 in chips) 
Seat 4: Mahu2021 ($8.31 in chips) 
Seat 5: R.S.Scherer ($10.94 in chips) 
Seat 6: Munk639 ($5.45 in chips) 
Ironhelt: posts small blind $0.05
wiking: posts big blind $0.10
*** HOLE CARDS ***
Dealt to Mahu2021 [4s Jc]
Mahu2021: folds 
R.S.Scherer: folds 
Munk639: folds 
WGaliaW: folds 
Ironhelt: raises $0.20 to $0.30
wiking: folds 
Uncalled bet ($0.20) returned to Ironhelt
Ironhelt collected $0.20 from pot
Ironhelt: doesn't show hand 
*** SUMMARY ***
Total pot $0.20 | Rake $0 
Seat 1: WGaliaW (button) folded before Flop (didn't bet)
Seat 2: Ironhelt (small blind) collected ($0.20)
Seat 3: wiking (big blind) folded before Flop
Seat 4: Mahu2021 folded before Flop (didn't bet)
Seat 5: R.S.Scherer folded before Flop (didn't bet)
Seat 6: Munk639 folded before Flop (didn't bet)



PokerStars Zoom Hand #254562918546:  Hold'em No Limit ($0.05/$0.10) - 2025/01/26 17:07:06 CET [2025/01/26 11:07:06 ET]
Table 'Aludra' 6-max Seat #1 is the button
Seat 1: Oscar__62176 ($55.68 in chips) 
Seat 2: osfp7john ($10 in chips) 
Seat 3: ruffhund1 ($10 in chips) 
Seat 4: Mahu2021 ($8.31 in chips) 
Seat 5: ivo070788 ($4.61 in chips) 
Seat 6: Munk639 ($5.37 in chips) 
osfp7john: posts small blind $0.05
ruffhund1: posts big blind $0.10
*** HOLE CARDS ***
Dealt to Mahu2021 [9c Jd]
Mahu2021: folds 
ivo070788: folds 
Munk639: folds 
Oscar__62176: raises $0.12 to $0.22
osfp7john: folds 
ruffhund1: calls $0.12
*** FLOP *** [4h 3c 4d]
ruffhund1: checks 
Oscar__62176: bets $0.16
ruffhund1: folds 
Uncalled bet ($0.16) returned to Oscar__62176
Oscar__62176 collected $0.47 from pot
Oscar__62176: doesn't show hand 
*** SUMMARY ***
Total pot $0.49 | Rake $0.02 
Board [4h 3c 4d]
Seat 1: Oscar__62176 (button) collected ($0.47)
Seat 2: osfp7john (small blind) folded before Flop
Seat 3: ruffhund1 (big blind) folded on the Flop
Seat 4: Mahu2021 folded before Flop (didn't bet)
Seat 5: ivo070788 folded before Flop (didn't bet)
Seat 6: Munk639 folded before Flop (didn't bet)



PokerStars Zoom Hand #254562921835:  Hold'em No Limit ($0.05/$0.10) - 2025/01/26 17:07:18 CET [2025/01/26 11:07:18 ET]
Table 'Aludra' 6-max Seat #1 is the button
Seat 1: CM1836 ($22.36 in chips) 
Seat 2: ChemBurt ($9.23 in chips) 
Seat 3: LÁSZLÓMESTER ($13.96 in chips) 
Seat 4: youngmin5034 ($13.94 in chips) 
Seat 5: BlueLway ($10 in chips) 
Seat 6: Mahu2021 ($8.31 in chips) 
ChemBurt: posts small blind $0.05
LÁSZLÓMESTER: posts big blind $0.10
*** HOLE CARDS ***
Dealt to Mahu2021 [9h 7c]
youngmin5034: raises $0.15 to $0.25
BlueLway: folds 
Mahu2021: folds 
CM1836: folds 
ChemBurt: folds 
LÁSZLÓMESTER: folds 
Uncalled bet ($0.15) returned to youngmin5034
youngmin5034 collected $0.25 from pot
youngmin5034: doesn't show hand 
*** SUMMARY ***
Total pot $0.25 | Rake $0 
Seat 1: CM1836 (button) folded before Flop (didn't bet)
Seat 2: ChemBurt (small blind) folded before Flop
Seat 3: LÁSZLÓMESTER (big blind) folded before Flop
Seat 4: youngmin5034 collected ($0.25)
Seat 5: BlueLway folded before Flop (didn't bet)
Seat 6: Mahu2021 folded before Flop (didn't bet)



PokerStars Zoom Hand #254562922754:  Hold'em No Limit ($0.05/$0.10) - 2025/01/26 17:07:21 CET [2025/01/26 11:07:21 ET]
Table 'Aludra' 6-max Seat #1 is the button
Seat 1: HustleMaldo ($11.11 in chips) 
Seat 2: bluffbuffhuh ($11.53 in chips) 
Seat 3: Mahu2021 ($8.31 in chips) 
Seat 4: Jamie_McPartlin ($11.29 in chips) 
Seat 5: YourMumSaysHi ($19.97 in chips) 
Seat 6: serotonine91 ($15.28 in chips) 
bluffbuffhuh: posts small blind $0.05
Mahu2021: posts big blind $0.10
*** HOLE CARDS ***
Dealt to Mahu2021 [Js 2d]
Jamie_McPartlin: folds 
YourMumSaysHi: folds 
serotonine91: folds 
HustleMaldo: raises $0.12 to $0.22
bluffbuffhuh: folds 
Mahu2021: folds 
Uncalled bet ($0.12) returned to HustleMaldo
HustleMaldo collected $0.25 from pot
HustleMaldo: doesn't show hand 
*** SUMMARY ***
Total pot $0.25 | Rake $0 
Seat 1: HustleMaldo (button) collected ($0.25)
Seat 2: bluffbuffhuh (small blind) folded before Flop
Seat 3: Mahu2021 (big blind) folded before Flop
Seat 4: Jamie_McPartlin folded before Flop (didn't bet)
Seat 5: YourMumSaysHi folded before Flop (didn't bet)
Seat 6: serotonine91 folded before Flop (didn't bet)



PokerStars Zoom Hand #254562928800:  Hold'em No Limit ($0.05/$0.10) - 2025/01/26 17:07:44 CET [2025/01/26 11:07:44 ET]
Table 'Aludra' 6-max Seat #1 is the button
Seat 1: Salomandar ($9.40 in chips) 
Seat 2: Mahu2021 ($8.21 in chips) 
Seat 3: kSam44 ($15.96 in chips) 
Seat 4: YourMumSaysHi ($19.97 in chips) 
Seat 5: r1ppyyy ($15.71 in chips) 
Seat 6: Karsa1 ($26.71 in chips) 
Mahu2021: posts small blind $0.05
kSam44: posts big blind $0.10
*** HOLE CARDS ***
Dealt to Mahu2021 [Kh Ac]
YourMumSaysHi: folds 
r1ppyyy: raises $0.12 to $0.22
Karsa1: folds 
Salomandar: folds 
Mahu2021: raises $0.58 to $0.80
kSam44: folds 
r1ppyyy: folds 
Uncalled bet ($0.58) returned to Mahu2021
Mahu2021 collected $0.54 from pot
Mahu2021: doesn't show hand 
*** SUMMARY ***
Total pot $0.54 | Rake $0 
Seat 1: Salomandar (button) folded before Flop (didn't bet)
Seat 2: Mahu2021 (small blind) collected ($0.54)
Seat 3: kSam44 (big blind) folded before Flop
Seat 4: YourMumSaysHi folded before Flop (didn't bet)
Seat 5: r1ppyyy folded before Flop
Seat 6: Karsa1 folded before Flop (didn't bet)



PokerStars Zoom Hand #254562927904:  Hold'em No Limit ($0.05/$0.10) - 2025/01/26 17:07:40 CET [2025/01/26 11:07:40 ET]
Table 'Aludra' 6-max Seat #1 is the button
Seat 1: Munk639 ($12.23 in chips) 
Seat 2: r1ppyyy ($15.76 in chips) 
Seat 3: PbI6A_gHo ($8.64 in chips) 
Seat 4: 1MustFall666 ($1.87 in chips) 
Seat 5: RedClover101 ($11.53 in chips) 
Seat 6: Mahu2021 ($8.21 in chips) 
r1ppyyy: posts small blind $0.05
PbI6A_gHo: posts big blind $0.10
*** HOLE CARDS ***
Dealt to Mahu2021 [9h 6d]
1MustFall666: folds 
RedClover101: folds 
Mahu2021: folds 
Munk639: raises $0.20 to $0.30
r1ppyyy: folds 
PbI6A_gHo: calls $0.20
*** FLOP *** [As 3s 8d]
PbI6A_gHo: checks 
Munk639: checks 
*** TURN *** [As 3s 8d] [Th]
PbI6A_gHo: checks 
Munk639: checks 
*** RIVER *** [As 3s 8d Th] [9c]
PbI6A_gHo: checks 
Munk639: checks 
*** SHOW DOWN ***
PbI6A_gHo: shows [8h 4h] (a pair of Eights)
Munk639: mucks hand 
PbI6A_gHo collected $0.62 from pot
*** SUMMARY ***
Total pot $0.65 | Rake $0.03 
Board [As 3s 8d Th 9c]
Seat 1: Munk639 (button) mucked [5c 6c]
Seat 2: r1ppyyy (small blind) folded before Flop
Seat 3: PbI6A_gHo (big blind) showed [8h 4h] and won ($0.62) with a pair of Eights
Seat 4: 1MustFall666 folded before Flop (didn't bet)
Seat 5: RedClover101 folded before Flop (didn't bet)
Seat 6: Mahu2021 folded before Flop (didn't bet)



PokerStars Zoom Hand #254562935495:  Hold'em No Limit ($0.05/$0.10) - 2025/01/26 17:08:08 CET [2025/01/26 11:08:08 ET]
Table 'Aludra' 6-max Seat #1 is the button
Seat 1: Munk639 ($5.50 in chips) 
Seat 2: BMWR651982 ($8.30 in chips) 
Seat 3: Mahu2021 ($8.53 in chips) 
Seat 4: D.Rossetti ($11.27 in chips) 
Seat 5: Dastik 5 ($12.04 in chips) 
Seat 6: kSam44 ($15.86 in chips) 
BMWR651982: posts small blind $0.05
Mahu2021: posts big blind $0.10
*** HOLE CARDS ***
Dealt to Mahu2021 [7c As]
D.Rossetti: folds 
Dastik 5: folds 
kSam44: folds 
Munk639: folds 
BMWR651982: folds 
Uncalled bet ($0.05) returned to Mahu2021
Mahu2021 collected $0.10 from pot
Mahu2021: doesn't show hand 
*** SUMMARY ***
Total pot $0.10 | Rake $0 
Seat 1: Munk639 (button) folded before Flop (didn't bet)
Seat 2: BMWR651982 (small blind) folded before Flop
Seat 3: Mahu2021 (big blind) collected ($0.10)
Seat 4: D.Rossetti folded before Flop (didn't bet)
Seat 5: Dastik 5 folded before Flop (didn't bet)
Seat 6: kSam44 folded before Flop (didn't bet)



PokerStars Zoom Hand #254562942599:  Hold'em No Limit ($0.05/$0.10) - 2025/01/26 17:08:34 CET [2025/01/26 11:08:34 ET]
Table 'Aludra' 6-max Seat #1 is the button
Seat 1: BlueLway ($13.08 in chips) 
Seat 2: eAh_BlackDevil ($19.39 in chips) 
Seat 3: TheBigBad669 ($10 in chips) 
Seat 4: COVEIROANCAP ($14.35 in chips) 
Seat 5: Mahu2021 ($8.58 in chips) 
Seat 6: enry7.ice ($8.93 in chips) 
eAh_BlackDevil: posts small blind $0.05
TheBigBad669: posts big blind $0.10
*** HOLE CARDS ***
Dealt to Mahu2021 [8c 2d]
COVEIROANCAP: folds 
Mahu2021: folds 
enry7.ice: folds 
BlueLway: folds 
eAh_BlackDevil: folds 
Uncalled bet ($0.05) returned to TheBigBad669
TheBigBad669 collected $0.10 from pot
TheBigBad669: doesn't show hand 
*** SUMMARY ***
Total pot $0.10 | Rake $0 
Seat 1: BlueLway (button) folded before Flop (didn't bet)
Seat 2: eAh_BlackDevil (small blind) folded before Flop
Seat 3: TheBigBad669 (big blind) collected ($0.10)
Seat 4: COVEIROANCAP folded before Flop (didn't bet)
Seat 5: Mahu2021 folded before Flop (didn't bet)
Seat 6: enry7.ice folded before Flop (didn't bet)



PokerStars Zoom Hand #254562943641:  Hold'em No Limit ($0.05/$0.10) - 2025/01/26 17:08:38 CET [2025/01/26 11:08:38 ET]
Table 'Aludra' 6-max Seat #1 is the button
Seat 1: Jaber55 ($10.09 in chips) 
Seat 2: Mahu2021 ($8.58 in chips) 
Seat 3: R.S.Scherer ($10.97 in chips) 
Seat 4: ksjhs4207 ($10.69 in chips) 
Seat 5: anderetsu ($21.68 in chips) 
Seat 6: BlueLway ($13.08 in chips) 
Mahu2021: posts small blind $0.05
R.S.Scherer: posts big blind $0.10
*** HOLE CARDS ***
Dealt to Mahu2021 [7s 5d]
ksjhs4207: folds 
anderetsu: raises $0.10 to $0.20
BlueLway: folds 
Jaber55: folds 
Mahu2021: folds 
R.S.Scherer: folds 
Uncalled bet ($0.10) returned to anderetsu
anderetsu collected $0.25 from pot
anderetsu: doesn't show hand 
*** SUMMARY ***
Total pot $0.25 | Rake $0 
Seat 1: Jaber55 (button) folded before Flop (didn't bet)
Seat 2: Mahu2021 (small blind) folded before Flop
Seat 3: R.S.Scherer (big blind) folded before Flop
Seat 4: ksjhs4207 folded before Flop (didn't bet)
Seat 5: anderetsu collected ($0.25)
Seat 6: BlueLway folded before Flop (didn't bet)



PokerStars Zoom Hand #254562939286:  Hold'em No Limit ($0.05/$0.10) - 2025/01/26 17:08:22 CET [2025/01/26 11:08:22 ET]
Table 'Aludra' 6-max Seat #1 is the button
Seat 1: Mahu2021 ($8.58 in chips) 
Seat 2: osfp7john ($10.05 in chips) 
Seat 3: D.Rossetti ($18.67 in chips) 
Seat 4: CM1836 ($23.32 in chips) 
Seat 5: Cr0w932 ($27.65 in chips) 
Seat 6: ForrestG451 ($10.45 in chips) 
osfp7john: posts small blind $0.05
D.Rossetti: posts big blind $0.10
*** HOLE CARDS ***
Dealt to Mahu2021 [8s Ah]
CM1836: raises $0.20 to $0.30
Cr0w932: folds 
ForrestG451: calls $0.30
Mahu2021: folds 
osfp7john: folds 
D.Rossetti: folds 
*** FLOP *** [Qh 9c 4s]
CM1836: bets $0.36
ForrestG451: folds 
Uncalled bet ($0.36) returned to CM1836
CM1836 collected $0.72 from pot
CM1836: doesn't show hand 
*** SUMMARY ***
Total pot $0.75 | Rake $0.03 
Board [Qh 9c 4s]
Seat 1: Mahu2021 (button) folded before Flop (didn't bet)
Seat 2: osfp7john (small blind) folded before Flop
Seat 3: D.Rossetti (big blind) folded before Flop
Seat 4: CM1836 collected ($0.72)
Seat 5: Cr0w932 folded before Flop (didn't bet)
Seat 6: ForrestG451 folded on the Flop



PokerStars Zoom Hand #254562944538:  Hold'em No Limit ($0.05/$0.10) - 2025/01/26 17:08:42 CET [2025/01/26 11:08:42 ET]
Table 'Aludra' 6-max Seat #1 is the button
Seat 1: Mahu2021 ($8.53 in chips) 
Seat 2: YourMumSaysHi ($19.77 in chips) 
Seat 3: Oscar__62176 ($121.35 in chips) 
Seat 4: bluffbuffhuh ($11.38 in chips) 
Seat 5: osfp7john ($10 in chips) 
Seat 6: Ironhelt ($18.89 in chips) 
YourMumSaysHi: posts small blind $0.05
Oscar__62176: posts big blind $0.10
*** HOLE CARDS ***
Dealt to Mahu2021 [6h Qh]
bluffbuffhuh: folds 
osfp7john: folds 
Ironhelt: folds 
Mahu2021: raises $0.20 to $0.30
YourMumSaysHi: folds 
Oscar__62176: folds 
Uncalled bet ($0.20) returned to Mahu2021
Mahu2021 collected $0.25 from pot
Mahu2021: doesn't show hand 
*** SUMMARY ***
Total pot $0.25 | Rake $0 
Seat 1: Mahu2021 (button) collected ($0.25)
Seat 2: YourMumSaysHi (small blind) folded before Flop
Seat 3: Oscar__62176 (big blind) folded before Flop
Seat 4: bluffbuffhuh folded before Flop (didn't bet)
Seat 5: osfp7john folded before Flop (didn't bet)
Seat 6: Ironhelt folded before Flop (didn't bet)



PokerStars Zoom Hand #254562948790:  Hold'em No Limit ($0.05/$0.10) - 2025/01/26 17:08:57 CET [2025/01/26 11:08:57 ET]
Table 'Aludra' 6-max Seat #1 is the button
Seat 1: aliancadoceu ($6.36 in chips) 
Seat 2: klevinjer ($14.81 in chips) 
Seat 3: MasterVBM ($5 in chips) 
Seat 4: BlueLway ($10.03 in chips) 
Seat 5: Mahu2021 ($8.68 in chips) 
Seat 6: D.Rossetti ($11.60 in chips) 
klevinjer: posts small blind $0.05
MasterVBM: posts big blind $0.10
*** HOLE CARDS ***
Dealt to Mahu2021 [2c 2h]
BlueLway: folds 
Mahu2021: folds 
D.Rossetti: raises $0.15 to $0.25
aliancadoceu: folds 
klevinjer: folds 
MasterVBM: folds 
Uncalled bet ($0.15) returned to D.Rossetti
D.Rossetti collected $0.25 from pot
D.Rossetti: doesn't show hand 
*** SUMMARY ***
Total pot $0.25 | Rake $0 
Seat 1: aliancadoceu (button) folded before Flop (didn't bet)
Seat 2: klevinjer (small blind) folded before Flop
Seat 3: MasterVBM (big blind) folded before Flop
Seat 4: BlueLway folded before Flop (didn't bet)
Seat 5: Mahu2021 folded before Flop (didn't bet)
Seat 6: D.Rossetti collected ($0.25)



PokerStars Zoom Hand #254562949838:  Hold'em No Limit ($0.05/$0.10) - 2025/01/26 17:09:01 CET [2025/01/26 11:09:01 ET]
Table 'Aludra' 6-max Seat #1 is the button
Seat 1: eAh_BlackDevil ($12.62 in chips) 
Seat 2: SIwon1 ($18.12 in chips) 
Seat 3: RedClover101 ($28.78 in chips) 
Seat 4: lichistoria ($10 in chips) 
Seat 5: aliancadoceu ($6.36 in chips) 
Seat 6: Mahu2021 ($8.68 in chips) 
SIwon1: posts small blind $0.05
RedClover101: posts big blind $0.10
*** HOLE CARDS ***
Dealt to Mahu2021 [2c Kd]
lichistoria: folds 
aliancadoceu: folds 
Mahu2021: folds 
eAh_BlackDevil: raises $0.12 to $0.22
SIwon1: folds 
RedClover101: raises $0.58 to $0.80
eAh_BlackDevil: folds 
Uncalled bet ($0.58) returned to RedClover101
RedClover101 collected $0.49 from pot
RedClover101: doesn't show hand 
*** SUMMARY ***
Total pot $0.49 | Rake $0 
Seat 1: eAh_BlackDevil (button) folded before Flop
Seat 2: SIwon1 (small blind) folded before Flop
Seat 3: RedClover101 (big blind) collected ($0.49)
Seat 4: lichistoria folded before Flop (didn't bet)
Seat 5: aliancadoceu folded before Flop (didn't bet)
Seat 6: Mahu2021 folded before Flop (didn't bet)



PokerStars Zoom Hand #254562950897:  Hold'em No Limit ($0.05/$0.10) - 2025/01/26 17:09:05 CET [2025/01/26 11:09:05 ET]
Table 'Aludra' 6-max Seat #1 is the button
Seat 1: anderetsu ($15.41 in chips) 
Seat 2: Karsa1 ($26.51 in chips) 
Seat 3: Simius ($9.20 in chips) 
Seat 4: WGaliaW ($11.44 in chips) 
Seat 5: Mahu2021 ($8.68 in chips) 
Seat 6: SIwon1 ($18.07 in chips) 
Karsa1: posts small blind $0.05
Simius: posts big blind $0.10
*** HOLE CARDS ***
Dealt to Mahu2021 [Ah 5c]
WGaliaW: folds 
Mahu2021: folds 
SIwon1: folds 
anderetsu: folds 
Karsa1: raises $0.20 to $0.30
Simius: folds 
Uncalled bet ($0.20) returned to Karsa1
Karsa1 collected $0.20 from pot
Karsa1: doesn't show hand 
*** SUMMARY ***
Total pot $0.20 | Rake $0 
Seat 1: anderetsu (button) folded before Flop (didn't bet)
Seat 2: Karsa1 (small blind) collected ($0.20)
Seat 3: Simius (big blind) folded before Flop
Seat 4: WGaliaW folded before Flop (didn't bet)
Seat 5: Mahu2021 folded before Flop (didn't bet)
Seat 6: SIwon1 folded before Flop (didn't bet)



PokerStars Zoom Hand #254562951974:  Hold'em No Limit ($0.05/$0.10) - 2025/01/26 17:09:09 CET [2025/01/26 11:09:09 ET]
Table 'Aludra' 6-max Seat #1 is the button
Seat 1: BlueLway ($10.50 in chips) 
Seat 2: MacDragon007 ($10.33 in chips) 
Seat 3: Mahu2021 ($8.68 in chips) 
Seat 4: 00O-2Z ($28.15 in chips) 
Seat 5: ljy990514 ($24.64 in chips) 
Seat 6: hugoreisssss ($9.66 in chips) 
MacDragon007: posts small blind $0.05
Mahu2021: posts big blind $0.10
*** HOLE CARDS ***
Dealt to Mahu2021 [5c 4d]
00O-2Z: raises $0.20 to $0.30
ljy990514: folds 
hugoreisssss: folds 
BlueLway: calls $0.30
MacDragon007: folds 
Mahu2021: folds 
*** FLOP *** [3d 8c Kh]
00O-2Z: checks 
BlueLway: checks 
*** TURN *** [3d 8c Kh] [2s]
00O-2Z: bets $0.20
BlueLway: folds 
Uncalled bet ($0.20) returned to 00O-2Z
00O-2Z collected $0.72 from pot
00O-2Z: doesn't show hand 
*** SUMMARY ***
Total pot $0.75 | Rake $0.03 
Board [3d 8c Kh 2s]
Seat 1: BlueLway (button) folded on the Turn
Seat 2: MacDragon007 (small blind) folded before Flop
Seat 3: Mahu2021 (big blind) folded before Flop
Seat 4: 00O-2Z collected ($0.72)
Seat 5: ljy990514 folded before Flop (didn't bet)
Seat 6: hugoreisssss folded before Flop (didn't bet)



PokerStars Zoom Hand #254562954179:  Hold'em No Limit ($0.05/$0.10) - 2025/01/26 17:09:17 CET [2025/01/26 11:09:17 ET]
Table 'Aludra' 6-max Seat #1 is the button
Seat 1: enry7.ice ($8.66 in chips) 
Seat 2: Mahu2021 ($8.58 in chips) 
Seat 3: ksjhs4207 ($12 in chips) 
Seat 4: cookierolo ($10.67 in chips) 
Seat 5: COVEIROANCAP ($13.67 in chips) 
Seat 6: Veltiu ($11.84 in chips) 
Mahu2021: posts small blind $0.05
ksjhs4207: posts big blind $0.10
*** HOLE CARDS ***
Dealt to Mahu2021 [Ac 7h]
cookierolo: folds 
COVEIROANCAP: folds 
Veltiu: raises $0.10 to $0.20
enry7.ice: folds 
Mahu2021: calls $0.15
ksjhs4207: calls $0.10
*** FLOP *** [6s Jd 8d]
Mahu2021: checks 
ksjhs4207: checks 
Veltiu: checks 
*** TURN *** [6s Jd 8d] [5c]
Mahu2021: checks 
ksjhs4207: bets $0.30
Veltiu: folds 
Mahu2021: calls $0.30
*** RIVER *** [6s Jd 8d 5c] [2d]
Mahu2021: checks 
ksjhs4207: checks 
*** SHOW DOWN ***
Mahu2021: shows [Ac 7h] (high card Ace)
ksjhs4207: shows [9s 9c] (a pair of Nines)
ksjhs4207 collected $1.15 from pot
*** SUMMARY ***
Total pot $1.20 | Rake $0.05 
Board [6s Jd 8d 5c 2d]
Seat 1: enry7.ice (button) folded before Flop (didn't bet)
Seat 2: Mahu2021 (small blind) showed [Ac 7h] and lost with high card Ace
Seat 3: ksjhs4207 (big blind) showed [9s 9c] and won ($1.15) with a pair of Nines
Seat 4: cookierolo folded before Flop (didn't bet)
Seat 5: COVEIROANCAP folded before Flop (didn't bet)
Seat 6: Veltiu folded on the Turn



PokerStars Zoom Hand #254562967038:  Hold'em No Limit ($0.05/$0.10) - 2025/01/26 17:10:04 CET [2025/01/26 11:10:04 ET]
Table 'Aludra' 6-max Seat #1 is the button
Seat 1: looser00091 ($10.27 in chips) 
Seat 2: TheLonelyGuy ($12.59 in chips) 
Seat 3: Salomandar ($9.35 in chips) 
Seat 4: Simius ($9.20 in chips) 
Seat 5: PbI6A_gHo ($8.13 in chips) 
Seat 6: Mahu2021 ($8.08 in chips) 
TheLonelyGuy: posts small blind $0.05
Salomandar: posts big blind $0.10
*** HOLE CARDS ***
Dealt to Mahu2021 [4s 6c]
Simius: folds 
PbI6A_gHo: folds 
Mahu2021: folds 
looser00091: folds 
TheLonelyGuy: folds 
Uncalled bet ($0.05) returned to Salomandar
Salomandar collected $0.10 from pot
Salomandar: doesn't show hand 
*** SUMMARY ***
Total pot $0.10 | Rake $0 
Seat 1: looser00091 (button) folded before Flop (didn't bet)
Seat 2: TheLonelyGuy (small blind) folded before Flop
Seat 3: Salomandar (big blind) collected ($0.10)
Seat 4: Simius folded before Flop (didn't bet)
Seat 5: PbI6A_gHo folded before Flop (didn't bet)
Seat 6: Mahu2021 folded before Flop (didn't bet)



PokerStars Zoom Hand #254562969490:  Hold'em No Limit ($0.05/$0.10) - 2025/01/26 17:10:13 CET [2025/01/26 11:10:13 ET]
Table 'Aludra' 6-max Seat #1 is the button
Seat 1: Mahu2021 ($8.08 in chips) 
Seat 2: Munk639 ($12.43 in chips) 
Seat 3: ksjhs4207 ($10.29 in chips) 
Seat 4: eAh_BlackDevil ($13.73 in chips) 
Seat 5: edi.svr22 ($13.57 in chips) 
Seat 6: agusdecarca ($10.01 in chips) 
Munk639: posts small blind $0.05
ksjhs4207: posts big blind $0.10
*** HOLE CARDS ***
Dealt to Mahu2021 [Qc 2h]
eAh_BlackDevil: folds 
edi.svr22: raises $0.20 to $0.30
agusdecarca: folds 
Mahu2021: folds 
Munk639: folds 
ksjhs4207: folds 
Uncalled bet ($0.20) returned to edi.svr22
edi.svr22 collected $0.25 from pot
edi.svr22: doesn't show hand 
*** SUMMARY ***
Total pot $0.25 | Rake $0 
Seat 1: Mahu2021 (button) folded before Flop (didn't bet)
Seat 2: Munk639 (small blind) folded before Flop
Seat 3: ksjhs4207 (big blind) folded before Flop
Seat 4: eAh_BlackDevil folded before Flop (didn't bet)
Seat 5: edi.svr22 collected ($0.25)
Seat 6: agusdecarca folded before Flop (didn't bet)



PokerStars Zoom Hand #254562972556:  Hold'em No Limit ($0.05/$0.10) - 2025/01/26 17:10:24 CET [2025/01/26 11:10:24 ET]
Table 'Aludra' 6-max Seat #1 is the button
Seat 1: TheBigBad669 ($10.43 in chips) 
Seat 2: COVEIROANCAP ($10 in chips) 
Seat 3: Mahu2021 ($8.08 in chips) 
Seat 4: ksjhs4207 ($12.60 in chips) 
Seat 5: agusdecarca ($10.01 in chips) 
Seat 6: Oscar__62176 ($20.34 in chips) 
COVEIROANCAP: posts small blind $0.05
Mahu2021: posts big blind $0.10
*** HOLE CARDS ***
Dealt to Mahu2021 [3s Jd]
ksjhs4207: folds 
agusdecarca: folds 
Oscar__62176: folds 
TheBigBad669: raises $0.15 to $0.25
COVEIROANCAP: folds 
Mahu2021: folds 
Uncalled bet ($0.15) returned to TheBigBad669
TheBigBad669 collected $0.25 from pot
TheBigBad669: doesn't show hand 
*** SUMMARY ***
Total pot $0.25 | Rake $0 
Seat 1: TheBigBad669 (button) collected ($0.25)
Seat 2: COVEIROANCAP (small blind) folded before Flop
Seat 3: Mahu2021 (big blind) folded before Flop
Seat 4: ksjhs4207 folded before Flop (didn't bet)
Seat 5: agusdecarca folded before Flop (didn't bet)
Seat 6: Oscar__62176 folded before Flop (didn't bet)



PokerStars Zoom Hand #254562968409:  Hold'em No Limit ($0.05/$0.10) - 2025/01/26 17:10:09 CET [2025/01/26 11:10:09 ET]
Table 'Aludra' 6-max Seat #1 is the button
Seat 1: ksjhs4207 ($12.65 in chips) 
Seat 2: youngmin5034 ($24.34 in chips) 
Seat 3: marwest1306 ($4.28 in chips) 
Seat 4: Mahu2021 ($8.08 in chips) 
Seat 5: Dumper Truck ($10.76 in chips) 
Seat 6: MasterVBM ($4.85 in chips) 
youngmin5034: posts small blind $0.05
marwest1306: posts big blind $0.10
*** HOLE CARDS ***
Dealt to Mahu2021 [8c 5d]
Mahu2021: folds 
Dumper Truck: folds 
MasterVBM: raises $0.10 to $0.20
ksjhs4207: folds 
youngmin5034: calls $0.15
marwest1306: calls $0.10
*** FLOP *** [Qs 2s Kh]
youngmin5034: checks 
marwest1306: checks 
MasterVBM: checks 
*** TURN *** [Qs 2s Kh] [2h]
youngmin5034: checks 
marwest1306: checks 
MasterVBM: bets $0.90
youngmin5034: folds 
marwest1306: folds 
Uncalled bet ($0.90) returned to MasterVBM
MasterVBM collected $0.57 from pot
MasterVBM: doesn't show hand 
*** SUMMARY ***
Total pot $0.60 | Rake $0.03 
Board [Qs 2s Kh 2h]
Seat 1: ksjhs4207 (button) folded before Flop (didn't bet)
Seat 2: youngmin5034 (small blind) folded on the Turn
Seat 3: marwest1306 (big blind) folded on the Turn
Seat 4: Mahu2021 folded before Flop (didn't bet)
Seat 5: Dumper Truck folded before Flop (didn't bet)
Seat 6: MasterVBM collected ($0.57)



PokerStars Zoom Hand #254562971132:  Hold'em No Limit ($0.05/$0.10) - 2025/01/26 17:10:19 CET [2025/01/26 11:10:19 ET]
Table 'Aludra' 6-max Seat #1 is the button
Seat 1: eAh_BlackDevil ($26.98 in chips) 
Seat 2: ForrestG451 ($21.41 in chips) 
Seat 3: ljy990514 ($26.56 in chips) 
Seat 4: TheBigBad669 ($10.43 in chips) 
Seat 5: Mahu2021 ($8.08 in chips) 
Seat 6: Munk639 ($3.31 in chips) 
ForrestG451: posts small blind $0.05
ljy990514: posts big blind $0.10
*** HOLE CARDS ***
Dealt to Mahu2021 [Jd 3c]
TheBigBad669: folds 
Mahu2021: folds 
Munk639: folds 
eAh_BlackDevil: raises $0.12 to $0.22
ForrestG451: folds 
ljy990514: calls $0.12
*** FLOP *** [2d Ad Kc]
ljy990514: checks 
eAh_BlackDevil: bets $0.14
ljy990514: folds 
Uncalled bet ($0.14) returned to eAh_BlackDevil
eAh_BlackDevil collected $0.47 from pot
eAh_BlackDevil: doesn't show hand 
*** SUMMARY ***
Total pot $0.49 | Rake $0.02 
Board [2d Ad Kc]
Seat 1: eAh_BlackDevil (button) collected ($0.47)
Seat 2: ForrestG451 (small blind) folded before Flop
Seat 3: ljy990514 (big blind) folded on the Flop
Seat 4: TheBigBad669 folded before Flop (didn't bet)
Seat 5: Mahu2021 folded before Flop (didn't bet)
Seat 6: Munk639 folded before Flop (didn't bet)



PokerStars Zoom Hand #254562975030:  Hold'em No Limit ($0.05/$0.10) - 2025/01/26 17:10:33 CET [2025/01/26 11:10:33 ET]
Table 'Aludra' 6-max Seat #1 is the button
Seat 1: ksjhs4207 ($9.33 in chips) 
Seat 2: osfp7john ($10.05 in chips) 
Seat 3: TheLonelyGuy ($12.54 in chips) 
Seat 4: Mahu2021 ($7.98 in chips) 
Seat 5: rachelffs ($12.80 in chips) 
Seat 6: Sfletch79 ($31.96 in chips) 
osfp7john: posts small blind $0.05
TheLonelyGuy: posts big blind $0.10
*** HOLE CARDS ***
Dealt to Mahu2021 [Kh 7d]
Mahu2021: folds 
rachelffs: folds 
Sfletch79: raises $0.10 to $0.20
ksjhs4207: folds 
osfp7john: folds 
TheLonelyGuy: folds 
Uncalled bet ($0.10) returned to Sfletch79
Sfletch79 collected $0.25 from pot
Sfletch79: doesn't show hand 
*** SUMMARY ***
Total pot $0.25 | Rake $0 
Seat 1: ksjhs4207 (button) folded before Flop (didn't bet)
Seat 2: osfp7john (small blind) folded before Flop
Seat 3: TheLonelyGuy (big blind) folded before Flop
Seat 4: Mahu2021 folded before Flop (didn't bet)
Seat 5: rachelffs folded before Flop (didn't bet)
Seat 6: Sfletch79 collected ($0.25)



PokerStars Zoom Hand #254562976013:  Hold'em No Limit ($0.05/$0.10) - 2025/01/26 17:10:37 CET [2025/01/26 11:10:37 ET]
Table 'Aludra' 6-max Seat #1 is the button
Seat 1: osfp7john ($10 in chips) 
Seat 2: Mahu2021 ($7.98 in chips) 
Seat 3: TheBigBad669 ($10 in chips) 
Seat 4: al1481 ($32.44 in chips) 
Seat 5: RedClover101 ($29 in chips) 
Seat 6: dewrden ($5 in chips) 
Mahu2021: posts small blind $0.05
TheBigBad669: posts big blind $0.10
*** HOLE CARDS ***
Dealt to Mahu2021 [Js 4s]
al1481: folds 
RedClover101: folds 
dewrden: folds 
osfp7john: folds 
Mahu2021: raises $0.20 to $0.30
TheBigBad669: raises $0.60 to $0.90
Mahu2021: folds 
Uncalled bet ($0.60) returned to TheBigBad669
TheBigBad669 collected $0.60 from pot
TheBigBad669: doesn't show hand 
*** SUMMARY ***
Total pot $0.60 | Rake $0 
Seat 1: osfp7john (button) folded before Flop (didn't bet)
Seat 2: Mahu2021 (small blind) folded before Flop
Seat 3: TheBigBad669 (big blind) collected ($0.60)
Seat 4: al1481 folded before Flop (didn't bet)
Seat 5: RedClover101 folded before Flop (didn't bet)
Seat 6: dewrden folded before Flop (didn't bet)



PokerStars Zoom Hand #254562982806:  Hold'em No Limit ($0.05/$0.10) - 2025/01/26 17:11:03 CET [2025/01/26 11:11:03 ET]
Table 'Aludra' 6-max Seat #1 is the button
Seat 1: Mahu2021 ($7.68 in chips) 
Seat 2: ruffhund1 ($14.58 in chips) 
Seat 3: D.Rossetti ($12.73 in chips) 
Seat 4: TheBigBad669 ($10.43 in chips) 
Seat 5: vojtek1968 ($14.66 in chips) 
Seat 6: Oscar__62176 ($34.28 in chips) 
ruffhund1: posts small blind $0.05
D.Rossetti: posts big blind $0.10
*** HOLE CARDS ***
Dealt to Mahu2021 [Qs 3h]
TheBigBad669: folds 
vojtek1968: raises $0.10 to $0.20
Oscar__62176: folds 
Mahu2021: folds 
ruffhund1: folds 
D.Rossetti: calls $0.10
*** FLOP *** [6h 3s Ad]
D.Rossetti: checks 
vojtek1968: bets $0.43
D.Rossetti: folds 
Uncalled bet ($0.43) returned to vojtek1968
vojtek1968 collected $0.43 from pot
vojtek1968: doesn't show hand 
*** SUMMARY ***
Total pot $0.45 | Rake $0.02 
Board [6h 3s Ad]
Seat 1: Mahu2021 (button) folded before Flop (didn't bet)
Seat 2: ruffhund1 (small blind) folded before Flop
Seat 3: D.Rossetti (big blind) folded on the Flop
Seat 4: TheBigBad669 folded before Flop (didn't bet)
Seat 5: vojtek1968 collected ($0.43)
Seat 6: Oscar__62176 folded before Flop (didn't bet)



PokerStars Zoom Hand #254562983917:  Hold'em No Limit ($0.05/$0.10) - 2025/01/26 17:11:07 CET [2025/01/26 11:11:07 ET]
Table 'Aludra' 6-max Seat #1 is the button
Seat 1: osfp7john ($19.24 in chips) 
Seat 2: enry7.ice ($8.93 in chips) 
Seat 3: Mahu2021 ($7.68 in chips) 
Seat 4: TheBigBad669 ($10.43 in chips) 
Seat 5: ljy990514 ($12.17 in chips) 
Seat 6: BlueLway ($10 in chips) 
enry7.ice: posts small blind $0.05
Mahu2021: posts big blind $0.10
*** HOLE CARDS ***
Dealt to Mahu2021 [4h Ad]
TheBigBad669: raises $0.15 to $0.25
ljy990514: folds 
BlueLway: folds 
osfp7john: folds 
enry7.ice: folds 
Mahu2021: calls $0.15
*** FLOP *** [9h 4c 7s]
Mahu2021: checks 
TheBigBad669: checks 
*** TURN *** [9h 4c 7s] [5h]
Mahu2021: checks 
TheBigBad669: checks 
*** RIVER *** [9h 4c 7s 5h] [2s]
Mahu2021: bets $0.53
TheBigBad669: folds 
Uncalled bet ($0.53) returned to Mahu2021
Mahu2021 collected $0.53 from pot
Mahu2021: doesn't show hand 
*** SUMMARY ***
Total pot $0.55 | Rake $0.02 
Board [9h 4c 7s 5h 2s]
Seat 1: osfp7john (button) folded before Flop (didn't bet)
Seat 2: enry7.ice (small blind) folded before Flop
Seat 3: Mahu2021 (big blind) collected ($0.53)
Seat 4: TheBigBad669 folded on the River
Seat 5: ljy990514 folded before Flop (didn't bet)
Seat 6: BlueLway folded before Flop (didn't bet)



PokerStars Zoom Hand #254562981694:  Hold'em No Limit ($0.05/$0.10) - 2025/01/26 17:10:59 CET [2025/01/26 11:10:59 ET]
Table 'Aludra' 6-max Seat #1 is the button
Seat 1: kmnfst ($14.80 in chips) 
Seat 2: pro888888 ($4.24 in chips) 
Seat 3: vovik-s1986 ($13.28 in chips) 
Seat 4: D.Rossetti ($12.73 in chips) 
Seat 5: eAh_BlackDevil ($13.73 in chips) 
Seat 6: Mahu2021 ($7.68 in chips) 
pro888888: posts small blind $0.05
vovik-s1986: posts big blind $0.10
*** HOLE CARDS ***
Dealt to Mahu2021 [3h 6d]
D.Rossetti: folds 
eAh_BlackDevil: raises $0.12 to $0.22
Mahu2021: folds 
kmnfst: folds 
pro888888: folds 
vovik-s1986: calls $0.12
*** FLOP *** [2c 3s 6c]
vovik-s1986: checks 
eAh_BlackDevil: checks 
*** TURN *** [2c 3s 6c] [Kh]
vovik-s1986: checks 
eAh_BlackDevil: bets $0.24
vovik-s1986: calls $0.24
*** RIVER *** [2c 3s 6c Kh] [Ts]
vovik-s1986: checks 
eAh_BlackDevil: bets $1.40
vovik-s1986: folds 
Uncalled bet ($1.40) returned to eAh_BlackDevil
eAh_BlackDevil collected $0.93 from pot
eAh_BlackDevil: doesn't show hand 
*** SUMMARY ***
Total pot $0.97 | Rake $0.04 
Board [2c 3s 6c Kh Ts]
Seat 1: kmnfst (button) folded before Flop (didn't bet)
Seat 2: pro888888 (small blind) folded before Flop
Seat 3: vovik-s1986 (big blind) folded on the River
Seat 4: D.Rossetti folded before Flop (didn't bet)
Seat 5: eAh_BlackDevil collected ($0.93)
Seat 6: Mahu2021 folded before Flop (didn't bet)



PokerStars Zoom Hand #254562990659:  Hold'em No Limit ($0.05/$0.10) - 2025/01/26 17:11:31 CET [2025/01/26 11:11:31 ET]
Table 'Aludra' 6-max Seat #1 is the button
Seat 1: hiding.by ($12.39 in chips) 
Seat 2: TheBigBad669 ($10.18 in chips) 
Seat 3: sophiedoll ($16.13 in chips) 
Seat 4: vojtek1968 ($14.89 in chips) 
Seat 5: Mahu2021 ($7.96 in chips) 
Seat 6: Titsamach ($17.43 in chips) 
TheBigBad669: posts small blind $0.05
sophiedoll: posts big blind $0.10
*** HOLE CARDS ***
Dealt to Mahu2021 [7c Jc]
vojtek1968: folds 
Mahu2021: folds 
Titsamach: folds 
hiding.by: folds 
TheBigBad669: folds 
Uncalled bet ($0.05) returned to sophiedoll
sophiedoll collected $0.10 from pot
sophiedoll: doesn't show hand 
*** SUMMARY ***
Total pot $0.10 | Rake $0 
Seat 1: hiding.by (button) folded before Flop (didn't bet)
Seat 2: TheBigBad669 (small blind) folded before Flop
Seat 3: sophiedoll (big blind) collected ($0.10)
Seat 4: vojtek1968 folded before Flop (didn't bet)
Seat 5: Mahu2021 folded before Flop (didn't bet)
Seat 6: Titsamach folded before Flop (didn't bet)



PokerStars Zoom Hand #254562991834:  Hold'em No Limit ($0.05/$0.10) - 2025/01/26 17:11:36 CET [2025/01/26 11:11:36 ET]
Table 'Aludra' 6-max Seat #1 is the button
Seat 1: rachelffs ($15.20 in chips) 
Seat 2: Mahu2021 ($7.96 in chips) 
Seat 3: vojtek1968 ($14.89 in chips) 
Seat 4: eAh_BlackDevil ($26.26 in chips) 
Seat 5: youngmin5034 ($30.74 in chips) 
Seat 6: avirex1702 ($3.20 in chips) 
Mahu2021: posts small blind $0.05
vojtek1968: posts big blind $0.10
*** HOLE CARDS ***
Dealt to Mahu2021 [9c 6d]
eAh_BlackDevil: folds 
youngmin5034: folds 
avirex1702: folds 
rachelffs: folds 
Mahu2021: folds 
Uncalled bet ($0.05) returned to vojtek1968
vojtek1968 collected $0.10 from pot
vojtek1968: doesn't show hand 
*** SUMMARY ***
Total pot $0.10 | Rake $0 
Seat 1: rachelffs (button) folded before Flop (didn't bet)
Seat 2: Mahu2021 (small blind) folded before Flop
Seat 3: vojtek1968 (big blind) collected ($0.10)
Seat 4: eAh_BlackDevil folded before Flop (didn't bet)
Seat 5: youngmin5034 folded before Flop (didn't bet)
Seat 6: avirex1702 folded before Flop (didn't bet)



PokerStars Zoom Hand #254562993188:  Hold'em No Limit ($0.05/$0.10) - 2025/01/26 17:11:41 CET [2025/01/26 11:11:41 ET]
Table 'Aludra' 6-max Seat #1 is the button
Seat 1: assuncaogu ($10.47 in chips) 
Seat 2: Munk639 ($3.23 in chips) 
Seat 3: ksjhs4207 ($10 in chips) 
Seat 4: Mahu2021 ($7.91 in chips) 
Seat 5: youngmin5034 ($13.08 in chips) 
Seat 6: looser00091 ($24.20 in chips) 
Munk639: posts small blind $0.05
ksjhs4207: posts big blind $0.10
*** HOLE CARDS ***
Dealt to Mahu2021 [8s 5h]
Mahu2021: folds 
youngmin5034: folds 
looser00091: raises $0.15 to $0.25
assuncaogu: folds 
Munk639: folds 
ksjhs4207: folds 
Uncalled bet ($0.15) returned to looser00091
looser00091 collected $0.25 from pot
looser00091: doesn't show hand 
*** SUMMARY ***
Total pot $0.25 | Rake $0 
Seat 1: assuncaogu (button) folded before Flop (didn't bet)
Seat 2: Munk639 (small blind) folded before Flop
Seat 3: ksjhs4207 (big blind) folded before Flop
Seat 4: Mahu2021 folded before Flop (didn't bet)
Seat 5: youngmin5034 folded before Flop (didn't bet)
Seat 6: looser00091 collected ($0.25)



PokerStars Zoom Hand #254562996036:  Hold'em No Limit ($0.05/$0.10) - 2025/01/26 17:11:51 CET [2025/01/26 11:11:51 ET]
Table 'Aludra' 6-max Seat #1 is the button
Seat 1: PbI6A_gHo ($6.50 in chips) 
Seat 2: osfp7john ($19.09 in chips) 
Seat 3: ChemBurt ($9.76 in chips) 
Seat 4: Mahu2021 ($7.91 in chips) 
Seat 5: BlueLway ($10.88 in chips) 
Seat 6: kSam44 ($15.27 in chips) 
osfp7john: posts small blind $0.05
ChemBurt: posts big blind $0.10
*** HOLE CARDS ***
Dealt to Mahu2021 [4d Jc]
Mahu2021: folds 
BlueLway: folds 
kSam44: folds 
PbI6A_gHo: folds 
osfp7john: folds 
Uncalled bet ($0.05) returned to ChemBurt
ChemBurt collected $0.10 from pot
ChemBurt: doesn't show hand 
*** SUMMARY ***
Total pot $0.10 | Rake $0 
Seat 1: PbI6A_gHo (button) folded before Flop (didn't bet)
Seat 2: osfp7john (small blind) folded before Flop
Seat 3: ChemBurt (big blind) collected ($0.10)
Seat 4: Mahu2021 folded before Flop (didn't bet)
Seat 5: BlueLway folded before Flop (didn't bet)
Seat 6: kSam44 folded before Flop (didn't bet)



PokerStars Zoom Hand #254562998161:  Hold'em No Limit ($0.05/$0.10) - 2025/01/26 17:11:59 CET [2025/01/26 11:11:59 ET]
Table 'Aludra' 6-max Seat #1 is the button
Seat 1: nogab ($9.30 in chips) 
Seat 2: ruffhund1 ($11.35 in chips) 
Seat 3: Mahu2021 ($7.91 in chips) 
Seat 4: 2.147b ($22.51 in chips) 
Seat 5: SIwon1 ($23.06 in chips) 
Seat 6: looser00091 ($24.35 in chips) 
ruffhund1: posts small blind $0.05
Mahu2021: posts big blind $0.10
*** HOLE CARDS ***
Dealt to Mahu2021 [6s Jc]
2.147b: folds 
SIwon1: folds 
looser00091: folds 
nogab: raises $0.20 to $0.30
ruffhund1: folds 
Mahu2021: folds 
Uncalled bet ($0.20) returned to nogab
nogab collected $0.25 from pot
nogab: doesn't show hand 
*** SUMMARY ***
Total pot $0.25 | Rake $0 
Seat 1: nogab (button) collected ($0.25)
Seat 2: ruffhund1 (small blind) folded before Flop
Seat 3: Mahu2021 (big blind) folded before Flop
Seat 4: 2.147b folded before Flop (didn't bet)
Seat 5: SIwon1 folded before Flop (didn't bet)
Seat 6: looser00091 folded before Flop (didn't bet)



PokerStars Zoom Hand #254562994284:  Hold'em No Limit ($0.05/$0.10) - 2025/01/26 17:11:45 CET [2025/01/26 11:11:45 ET]
Table 'Aludra' 6-max Seat #1 is the button
Seat 1: R.S.Scherer ($12.44 in chips) 
Seat 2: TheLonelyGuy ($10.26 in chips) 
Seat 3: eAh_BlackDevil ($23.74 in chips) 
Seat 4: stelio83 ($8.03 in chips) 
Seat 5: youngmin5034 ($24.60 in chips) 
Seat 6: Mahu2021 ($7.91 in chips) 
TheLonelyGuy: posts small blind $0.05
eAh_BlackDevil: posts big blind $0.10
*** HOLE CARDS ***
Dealt to Mahu2021 [7h As]
stelio83: raises $0.20 to $0.30
youngmin5034: folds 
Mahu2021: folds 
R.S.Scherer: folds 
TheLonelyGuy: folds 
eAh_BlackDevil: calls $0.20
*** FLOP *** [6c Jh 2s]
eAh_BlackDevil: checks 
stelio83: bets $0.31
eAh_BlackDevil: folds 
Uncalled bet ($0.31) returned to stelio83
stelio83 collected $0.62 from pot
stelio83: doesn't show hand 
*** SUMMARY ***
Total pot $0.65 | Rake $0.03 
Board [6c Jh 2s]
Seat 1: R.S.Scherer (button) folded before Flop (didn't bet)
Seat 2: TheLonelyGuy (small blind) folded before Flop
Seat 3: eAh_BlackDevil (big blind) folded on the Flop
Seat 4: stelio83 collected ($0.62)
Seat 5: youngmin5034 folded before Flop (didn't bet)
Seat 6: Mahu2021 folded before Flop (didn't bet)



PokerStars Zoom Hand #254563001692:  Hold'em No Limit ($0.05/$0.10) - 2025/01/26 17:12:12 CET [2025/01/26 11:12:12 ET]
Table 'Aludra' 6-max Seat #1 is the button
Seat 1: agusdecarca ($20.01 in chips) 
Seat 2: Danger22bigs ($13.20 in chips) 
Seat 3: sv5555555 ($3.53 in chips) 
Seat 4: TheBigBad669 ($10.05 in chips) 
Seat 5: Mahu2021 ($7.81 in chips) 
Seat 6: ruffhund1 ($11.30 in chips) 
Danger22bigs: posts small blind $0.05
sv5555555: posts big blind $0.10
*** HOLE CARDS ***
Dealt to Mahu2021 [4s 3s]
TheBigBad669: folds 
Mahu2021: folds 
ruffhund1: folds 
agusdecarca: folds 
Danger22bigs: folds 
Uncalled bet ($0.05) returned to sv5555555
sv5555555 collected $0.10 from pot
sv5555555: doesn't show hand 
*** SUMMARY ***
Total pot $0.10 | Rake $0 
Seat 1: agusdecarca (button) folded before Flop (didn't bet)
Seat 2: Danger22bigs (small blind) folded before Flop
Seat 3: sv5555555 (big blind) collected ($0.10)
Seat 4: TheBigBad669 folded before Flop (didn't bet)
Seat 5: Mahu2021 folded before Flop (didn't bet)
Seat 6: ruffhund1 folded before Flop (didn't bet)



PokerStars Zoom Hand #254562997106:  Hold'em No Limit ($0.05/$0.10) - 2025/01/26 17:11:55 CET [2025/01/26 11:11:55 ET]
Table 'Aludra' 6-max Seat #1 is the button
Seat 1: Mahu2021 ($7.91 in chips) 
Seat 2: bgbluff92 ($6.59 in chips) 
Seat 3: vovik-s1986 ($12.77 in chips) 
Seat 4: Danger22bigs ($21.37 in chips) 
Seat 5: pro888888 ($4.09 in chips) 
Seat 6: ksjhs4207 ($12.45 in chips) 
bgbluff92: posts small blind $0.05
vovik-s1986: posts big blind $0.10
*** HOLE CARDS ***
Dealt to Mahu2021 [4c 2d]
Danger22bigs: folds 
pro888888: folds 
ksjhs4207: raises $0.15 to $0.25
Mahu2021: folds 
bgbluff92: folds 
vovik-s1986: calls $0.15
*** FLOP *** [9d 3s 3h]
vovik-s1986: checks 
ksjhs4207: bets $0.21
vovik-s1986: calls $0.21
*** TURN *** [9d 3s 3h] [7d]
vovik-s1986: checks 
ksjhs4207: bets $0.64
vovik-s1986: calls $0.64
*** RIVER *** [9d 3s 3h 7d] [7h]
vovik-s1986: checks 
ksjhs4207: checks 
*** SHOW DOWN ***
vovik-s1986: shows [Ts 9s] (two pair, Nines and Sevens)
ksjhs4207: mucks hand 
vovik-s1986 collected $2.15 from pot
*** SUMMARY ***
Total pot $2.25 | Rake $0.10 
Board [9d 3s 3h 7d 7h]
Seat 1: Mahu2021 (button) folded before Flop (didn't bet)
Seat 2: bgbluff92 (small blind) folded before Flop
Seat 3: vovik-s1986 (big blind) showed [Ts 9s] and won ($2.15) with two pair, Nines and Sevens
Seat 4: Danger22bigs folded before Flop (didn't bet)
Seat 5: pro888888 folded before Flop (didn't bet)
Seat 6: ksjhs4207 mucked [8d 8c]



PokerStars Zoom Hand #254563004710:  Hold'em No Limit ($0.05/$0.10) - 2025/01/26 17:12:23 CET [2025/01/26 11:12:23 ET]
Table 'Aludra' 6-max Seat #1 is the button
Seat 1: D.Rossetti ($18.07 in chips) 
Seat 2: abelll115 ($10 in chips) 
Seat 3: CM1836 ($18.57 in chips) 
Seat 4: Mahu2021 ($7.81 in chips) 
Seat 5: cucubau96 ($23.17 in chips) 
Seat 6: HustleMaldo ($12.61 in chips) 
abelll115: posts small blind $0.05
CM1836: posts big blind $0.10
*** HOLE CARDS ***
Dealt to Mahu2021 [Kh Ad]
Mahu2021: raises $0.14 to $0.24
cucubau96: folds 
HustleMaldo: folds 
D.Rossetti: folds 
abelll115: folds 
CM1836: folds 
Uncalled bet ($0.14) returned to Mahu2021
Mahu2021 collected $0.25 from pot
Mahu2021: doesn't show hand 
*** SUMMARY ***
Total pot $0.25 | Rake $0 
Seat 1: D.Rossetti (button) folded before Flop (didn't bet)
Seat 2: abelll115 (small blind) folded before Flop
Seat 3: CM1836 (big blind) folded before Flop
Seat 4: Mahu2021 collected ($0.25)
Seat 5: cucubau96 folded before Flop (didn't bet)
Seat 6: HustleMaldo folded before Flop (didn't bet)



PokerStars Zoom Hand #254563008788:  Hold'em No Limit ($0.05/$0.10) - 2025/01/26 17:12:38 CET [2025/01/26 11:12:38 ET]
Table 'Aludra' 6-max Seat #1 is the button
Seat 1: S.Bastow ($10.22 in chips) 
Seat 2: Mahu2021 ($7.96 in chips) 
Seat 3: CM1836 ($19.03 in chips) 
Seat 4: agusdecarca ($19.86 in chips) 
Seat 5: al1481 ($28.16 in chips) 
Seat 6: TheBigBad669 ($10.68 in chips) 
Mahu2021: posts small blind $0.05
CM1836: posts big blind $0.10
*** HOLE CARDS ***
Dealt to Mahu2021 [Ac 2d]
agusdecarca: folds 
al1481: calls $0.10
TheBigBad669: folds 
S.Bastow: folds 
Mahu2021: calls $0.05
CM1836: raises $0.20 to $0.30
al1481: calls $0.20
Mahu2021: calls $0.20
*** FLOP *** [Ts 6d 7c]
Mahu2021: checks 
CM1836: checks 
al1481: checks 
*** TURN *** [Ts 6d 7c] [Jh]
Mahu2021: checks 
CM1836: bets $0.86
al1481: calls $0.86
Mahu2021: folds 
*** RIVER *** [Ts 6d 7c Jh] [9c]
CM1836: bets $1.25
al1481: calls $1.25
*** SHOW DOWN ***
CM1836: shows [Jd Ah] (a pair of Jacks)
al1481: shows [4c 8c] (a straight, Seven to Jack)
al1481 collected $4.89 from pot
*** SUMMARY ***
Total pot $5.12 | Rake $0.23 
Board [Ts 6d 7c Jh 9c]
Seat 1: S.Bastow (button) folded before Flop (didn't bet)
Seat 2: Mahu2021 (small blind) folded on the Turn
Seat 3: CM1836 (big blind) showed [Jd Ah] and lost with a pair of Jacks
Seat 4: agusdecarca folded before Flop (didn't bet)
Seat 5: al1481 showed [4c 8c] and won ($4.89) with a straight, Seven to Jack
Seat 6: TheBigBad669 folded before Flop (didn't bet)



PokerStars Zoom Hand #254563017276:  Hold'em No Limit ($0.05/$0.10) - 2025/01/26 17:13:08 CET [2025/01/26 11:13:08 ET]
Table 'Aludra' 6-max Seat #1 is the button
Seat 1: vojtek1968 ($9.06 in chips) 
Seat 2: TheBigBad669 ($10.73 in chips) 
Seat 3: Dastik 5 ($11.88 in chips) 
Seat 4: ruffhund1 ($14.20 in chips) 
Seat 5: Munk639 ($33.81 in chips) 
Seat 6: Mahu2021 ($7.66 in chips) 
TheBigBad669: posts small blind $0.05
Dastik 5: posts big blind $0.10
*** HOLE CARDS ***
Dealt to Mahu2021 [Jd 8c]
ruffhund1: folds 
Munk639: folds 
Mahu2021: folds 
vojtek1968: folds 
TheBigBad669: raises $0.20 to $0.30
Dastik 5: folds 
Uncalled bet ($0.20) returned to TheBigBad669
TheBigBad669 collected $0.20 from pot
TheBigBad669: doesn't show hand 
*** SUMMARY ***
Total pot $0.20 | Rake $0 
Seat 1: vojtek1968 (button) folded before Flop (didn't bet)
Seat 2: TheBigBad669 (small blind) collected ($0.20)
Seat 3: Dastik 5 (big blind) folded before Flop
Seat 4: ruffhund1 folded before Flop (didn't bet)
Seat 5: Munk639 folded before Flop (didn't bet)
Seat 6: Mahu2021 folded before Flop (didn't bet)



PokerStars Zoom Hand #254563018436:  Hold'em No Limit ($0.05/$0.10) - 2025/01/26 17:13:13 CET [2025/01/26 11:13:13 ET]
Table 'Aludra' 6-max Seat #1 is the button
Seat 1: ruffhund1 ($14.20 in chips) 
Seat 2: dewrden ($5.35 in chips) 
Seat 3: Mahu2021 ($7.66 in chips) 
Seat 4: HustleMaldo ($12.24 in chips) 
Seat 5: TheLonelyGuy ($12.59 in chips) 
Seat 6: cucubau96 ($17.87 in chips) 
dewrden: posts small blind $0.05
Mahu2021: posts big blind $0.10
*** HOLE CARDS ***
Dealt to Mahu2021 [8s 7s]
HustleMaldo: folds 
TheLonelyGuy: folds 
cucubau96: folds 
ruffhund1: folds 
dewrden: raises $0.20 to $0.30
Mahu2021: calls $0.20
*** FLOP *** [5s 5h 7d]
dewrden: checks 
Mahu2021: bets $0.57
dewrden: folds 
Uncalled bet ($0.57) returned to Mahu2021
Mahu2021 collected $0.57 from pot
Mahu2021: doesn't show hand 
*** SUMMARY ***
Total pot $0.60 | Rake $0.03 
Board [5s 5h 7d]
Seat 1: ruffhund1 (button) folded before Flop (didn't bet)
Seat 2: dewrden (small blind) folded on the Flop
Seat 3: Mahu2021 (big blind) collected ($0.57)
Seat 4: HustleMaldo folded before Flop (didn't bet)
Seat 5: TheLonelyGuy folded before Flop (didn't bet)
Seat 6: cucubau96 folded before Flop (didn't bet)



PokerStars Zoom Hand #254563026135:  Hold'em No Limit ($0.05/$0.10) - 2025/01/26 17:13:41 CET [2025/01/26 11:13:41 ET]
Table 'Aludra' 6-max Seat #1 is the button
Seat 1: D.Rossetti ($10.57 in chips) 
Seat 2: Mahu2021 ($7.93 in chips) 
Seat 3: RealN4p ($11.99 in chips) 
Seat 4: RedClover101 ($37.41 in chips) 
Seat 5: Ironhelt ($14.56 in chips) 
Seat 6: R.S.Scherer ($11.43 in chips) 
Mahu2021: posts small blind $0.05
RealN4p: posts big blind $0.10
*** HOLE CARDS ***
Dealt to Mahu2021 [Td Ad]
RedClover101: folds 
Ironhelt: folds 
R.S.Scherer: raises $0.15 to $0.25
D.Rossetti: folds 
Mahu2021: calls $0.20
RealN4p: folds 
*** FLOP *** [7s 8d Jd]
Mahu2021: checks 
R.S.Scherer: bets $0.14
Mahu2021: calls $0.14
*** TURN *** [7s 8d Jd] [Kc]
Mahu2021: checks 
R.S.Scherer: bets $0.63
Mahu2021: calls $0.63
*** RIVER *** [7s 8d Jd Kc] [3c]
Mahu2021: checks 
R.S.Scherer: bets $3.06
Mahu2021: folds 
Uncalled bet ($3.06) returned to R.S.Scherer
R.S.Scherer collected $2.04 from pot
R.S.Scherer: doesn't show hand 
*** SUMMARY ***
Total pot $2.14 | Rake $0.10 
Board [7s 8d Jd Kc 3c]
Seat 1: D.Rossetti (button) folded before Flop (didn't bet)
Seat 2: Mahu2021 (small blind) folded on the River
Seat 3: RealN4p (big blind) folded before Flop
Seat 4: RedClover101 folded before Flop (didn't bet)
Seat 5: Ironhelt folded before Flop (didn't bet)
Seat 6: R.S.Scherer collected ($2.04)



PokerStars Zoom Hand #254563035321:  Hold'em No Limit ($0.05/$0.10) - 2025/01/26 17:14:14 CET [2025/01/26 11:14:14 ET]
Table 'Aludra' 6-max Seat #1 is the button
Seat 1: Mahu2021 ($6.91 in chips) 
Seat 2: Oscar__62176 ($30.32 in chips) 
Seat 3: TheLonelyGuy ($12.38 in chips) 
Seat 4: Ironhelt ($24.09 in chips) 
Seat 5: R.S.Scherer ($12.45 in chips) 
Seat 6: r1ppyyy ($20.94 in chips) 
Oscar__62176: posts small blind $0.05
TheLonelyGuy: posts big blind $0.10
*** HOLE CARDS ***
Dealt to Mahu2021 [5c 5s]
Ironhelt: raises $0.10 to $0.20
R.S.Scherer: folds 
r1ppyyy: folds 
Mahu2021: calls $0.20
Oscar__62176: raises $1.20 to $1.40
TheLonelyGuy: folds 
Ironhelt: folds 
Mahu2021: folds 
Uncalled bet ($1.20) returned to Oscar__62176
Oscar__62176 collected $0.70 from pot
Oscar__62176: doesn't show hand 
*** SUMMARY ***
Total pot $0.70 | Rake $0 
Seat 1: Mahu2021 (button) folded before Flop
Seat 2: Oscar__62176 (small blind) collected ($0.70)
Seat 3: TheLonelyGuy (big blind) folded before Flop
Seat 4: Ironhelt folded before Flop
Seat 5: R.S.Scherer folded before Flop (didn't bet)
Seat 6: r1ppyyy folded before Flop (didn't bet)



PokerStars Zoom Hand #254563040287:  Hold'em No Limit ($0.05/$0.10) - 2025/01/26 17:14:32 CET [2025/01/26 11:14:32 ET]
Table 'Aludra' 6-max Seat #1 is the button
Seat 1: ksjhs4207 ($9.50 in chips) 
Seat 2: COVEIROANCAP ($10 in chips) 
Seat 3: BlueLway ($10.85 in chips) 
Seat 4: WGaliaW ($10.88 in chips) 
Seat 5: Mahu2021 ($6.71 in chips) 
Seat 6: agusdecarca ($24.64 in chips) 
COVEIROANCAP: posts small blind $0.05
BlueLway: posts big blind $0.10
*** HOLE CARDS ***
Dealt to Mahu2021 [Td 7h]
WGaliaW: folds 
Mahu2021: folds 
agusdecarca: raises $0.15 to $0.25
ksjhs4207: folds 
COVEIROANCAP: folds 
BlueLway: folds 
Uncalled bet ($0.15) returned to agusdecarca
agusdecarca collected $0.25 from pot
agusdecarca: doesn't show hand 
*** SUMMARY ***
Total pot $0.25 | Rake $0 
Seat 1: ksjhs4207 (button) folded before Flop (didn't bet)
Seat 2: COVEIROANCAP (small blind) folded before Flop
Seat 3: BlueLway (big blind) folded before Flop
Seat 4: WGaliaW folded before Flop (didn't bet)
Seat 5: Mahu2021 folded before Flop (didn't bet)
Seat 6: agusdecarca collected ($0.25)



PokerStars Zoom Hand #254563041722:  Hold'em No Limit ($0.05/$0.10) - 2025/01/26 17:14:37 CET [2025/01/26 11:14:37 ET]
Table 'Aludra' 6-max Seat #1 is the button
Seat 1: BMWR651982 ($10.20 in chips) 
Seat 2: ksjhs4207 ($9.50 in chips) 
Seat 3: TheLonelyGuy ($10.84 in chips) 
Seat 4: WGaliaW ($10.25 in chips) 
Seat 5: Mahu2021 ($6.71 in chips) 
Seat 6: Munk639 ($12.18 in chips) 
ksjhs4207: posts small blind $0.05
TheLonelyGuy: posts big blind $0.10
*** HOLE CARDS ***
Dealt to Mahu2021 [9d 3h]
WGaliaW: folds 
Mahu2021: folds 
Munk639: folds 
BMWR651982: folds 
ksjhs4207: folds 
Uncalled bet ($0.05) returned to TheLonelyGuy
TheLonelyGuy collected $0.10 from pot
TheLonelyGuy: doesn't show hand 
*** SUMMARY ***
Total pot $0.10 | Rake $0 
Seat 1: BMWR651982 (button) folded before Flop (didn't bet)
Seat 2: ksjhs4207 (small blind) folded before Flop
Seat 3: TheLonelyGuy (big blind) collected ($0.10)
Seat 4: WGaliaW folded before Flop (didn't bet)
Seat 5: Mahu2021 folded before Flop (didn't bet)
Seat 6: Munk639 folded before Flop (didn't bet)



PokerStars Zoom Hand #254563042862:  Hold'em No Limit ($0.05/$0.10) - 2025/01/26 17:14:41 CET [2025/01/26 11:14:41 ET]
Table 'Aludra' 6-max Seat #1 is the button
Seat 1: Mahu2021 ($6.71 in chips) 
Seat 2: S.Bastow ($10.35 in chips) 
Seat 3: agusdecarca ($13.87 in chips) 
Seat 4: ksjhs4207 ($9.45 in chips) 
Seat 5: Salomandar ($9.45 in chips) 
Seat 6: IVERNMAN ($10 in chips) 
S.Bastow: posts small blind $0.05
agusdecarca: posts big blind $0.10
*** HOLE CARDS ***
Dealt to Mahu2021 [3c 4d]
ksjhs4207: folds 
Salomandar: folds 
IVERNMAN: raises $0.10 to $0.20
Mahu2021: folds 
S.Bastow: folds 
agusdecarca: calls $0.10
*** FLOP *** [Ac 2c Jc]
agusdecarca: checks 
IVERNMAN: bets $0.14
agusdecarca: folds 
Uncalled bet ($0.14) returned to IVERNMAN
IVERNMAN collected $0.43 from pot
IVERNMAN: doesn't show hand 
*** SUMMARY ***
Total pot $0.45 | Rake $0.02 
Board [Ac 2c Jc]
Seat 1: Mahu2021 (button) folded before Flop (didn't bet)
Seat 2: S.Bastow (small blind) folded before Flop
Seat 3: agusdecarca (big blind) folded on the Flop
Seat 4: ksjhs4207 folded before Flop (didn't bet)
Seat 5: Salomandar folded before Flop (didn't bet)
Seat 6: IVERNMAN collected ($0.43)



PokerStars Zoom Hand #254563043563:  Hold'em No Limit ($0.05/$0.10) - 2025/01/26 17:14:44 CET [2025/01/26 11:14:44 ET]
Table 'Aludra' 6-max Seat #1 is the button
Seat 1: COVEIROANCAP ($15.98 in chips) 
Seat 2: sv5555555 ($2.08 in chips) 
Seat 3: Ironhelt ($23.89 in chips) 
Seat 4: JIucu4ka ($4.90 in chips) 
Seat 5: osfp7john ($10.23 in chips) 
Seat 6: Mahu2021 ($6.71 in chips) 
sv5555555: posts small blind $0.05
Ironhelt: posts big blind $0.10
*** HOLE CARDS ***
Dealt to Mahu2021 [Kh 5h]
JIucu4ka: folds 
osfp7john: folds 
Mahu2021: raises $0.14 to $0.24
COVEIROANCAP: folds 
sv5555555: calls $0.19
Ironhelt: folds 
*** FLOP *** [5c 8d Tc]
sv5555555: checks 
Mahu2021: bets $0.30
sv5555555: calls $0.30
*** TURN *** [5c 8d Tc] [7d]
sv5555555: checks 
Mahu2021: bets $0.30
sv5555555: raises $1.24 to $1.54 and is all-in
Mahu2021: folds 
Uncalled bet ($1.24) returned to sv5555555
sv5555555 collected $1.70 from pot
sv5555555: doesn't show hand 
*** SUMMARY ***
Total pot $1.78 | Rake $0.08 
Board [5c 8d Tc 7d]
Seat 1: COVEIROANCAP (button) folded before Flop (didn't bet)
Seat 2: sv5555555 (small blind) collected ($1.70)
Seat 3: Ironhelt (big blind) folded before Flop
Seat 4: JIucu4ka folded before Flop (didn't bet)
Seat 5: osfp7john folded before Flop (didn't bet)
Seat 6: Mahu2021 folded on the Turn



PokerStars Zoom Hand #254563050484:  Hold'em No Limit ($0.05/$0.10) - 2025/01/26 17:15:08 CET [2025/01/26 11:15:08 ET]
Table 'Aludra' 6-max Seat #1 is the button
Seat 1: SIwon1 ($23.01 in chips) 
Seat 2: Peter 091964 ($5.88 in chips) 
Seat 3: Mahu2021 ($5.87 in chips) 
Seat 4: CM1836 ($7.71 in chips) 
Seat 5: youngmin5034 ($10 in chips) 
Seat 6: BlueLway ($10 in chips) 
Peter 091964: posts small blind $0.05
Mahu2021: posts big blind $0.10
*** HOLE CARDS ***
Dealt to Mahu2021 [As 6c]
CM1836: folds 
youngmin5034: folds 
BlueLway: folds 
SIwon1: raises $0.14 to $0.24
Peter 091964: calls $0.19
Mahu2021: calls $0.14
*** FLOP *** [6d 2s 3s]
Peter 091964: checks 
Mahu2021: bets $0.69
SIwon1: calls $0.69
Peter 091964: folds 
*** TURN *** [6d 2s 3s] [4s]
Mahu2021: bets $4.94 and is all-in
SIwon1: folds 
Uncalled bet ($4.94) returned to Mahu2021
Mahu2021 collected $2.01 from pot
Mahu2021: doesn't show hand 
*** SUMMARY ***
Total pot $2.10 | Rake $0.09 
Board [6d 2s 3s 4s]
Seat 1: SIwon1 (button) folded on the Turn
Seat 2: Peter 091964 (small blind) folded on the Flop
Seat 3: Mahu2021 (big blind) collected ($2.01)
Seat 4: CM1836 folded before Flop (didn't bet)
Seat 5: youngmin5034 folded before Flop (didn't bet)
Seat 6: BlueLway folded before Flop (didn't bet)



PokerStars Zoom Hand #254563060698:  Hold'em No Limit ($0.05/$0.10) - 2025/01/26 17:15:44 CET [2025/01/26 11:15:44 ET]
Table 'Aludra' 6-max Seat #1 is the button
Seat 1: platon222 ($6.40 in chips) 
Seat 2: Pesulle ($12.45 in chips) 
Seat 3: looser00091 ($10.52 in chips) 
Seat 4: ninugaf ($5.87 in chips) 
Seat 5: Mahu2021 ($6.95 in chips) 
Seat 6: Ironhelt ($23.89 in chips) 
Pesulle: posts small blind $0.05
looser00091: posts big blind $0.10
*** HOLE CARDS ***
Dealt to Mahu2021 [9s 6s]
ninugaf: folds 
Mahu2021: folds 
Ironhelt: folds 
platon222: raises $0.10 to $0.20
Pesulle: folds 
looser00091: calls $0.10
*** FLOP *** [2s 3c 8c]
looser00091: checks 
platon222: bets $0.22
looser00091: raises $0.48 to $0.70
platon222: folds 
Uncalled bet ($0.48) returned to looser00091
looser00091 collected $0.85 from pot
looser00091: doesn't show hand 
*** SUMMARY ***
Total pot $0.89 | Rake $0.04 
Board [2s 3c 8c]
Seat 1: platon222 (button) folded on the Flop
Seat 2: Pesulle (small blind) folded before Flop
Seat 3: looser00091 (big blind) collected ($0.85)
Seat 4: ninugaf folded before Flop (didn't bet)
Seat 5: Mahu2021 folded before Flop (didn't bet)
Seat 6: Ironhelt folded before Flop (didn't bet)



PokerStars Zoom Hand #254563063418:  Hold'em No Limit ($0.05/$0.10) - 2025/01/26 17:15:54 CET [2025/01/26 11:15:54 ET]
Table 'Aludra' 6-max Seat #1 is the button
Seat 1: avirex1702 ($2.27 in chips) 
Seat 2: youngmin5034 ($10 in chips) 
Seat 3: TheBigBad669 ($12.75 in chips) 
Seat 4: RealN4p ($11.44 in chips) 
Seat 5: IVERNMAN ($10.23 in chips) 
Seat 6: Mahu2021 ($6.95 in chips) 
youngmin5034: posts small blind $0.05
TheBigBad669: posts big blind $0.10
*** HOLE CARDS ***
Dealt to Mahu2021 [8c 8h]
RealN4p: folds 
IVERNMAN: folds 
Mahu2021: raises $0.15 to $0.25
avirex1702: calls $0.25
youngmin5034: folds 
TheBigBad669: folds 
*** FLOP *** [Kh 3s Td]
Mahu2021: checks 
avirex1702: checks 
*** TURN *** [Kh 3s Td] [9c]
Mahu2021: checks 
avirex1702: bets $0.31
Mahu2021: calls $0.31
*** RIVER *** [Kh 3s Td 9c] [4c]
Mahu2021: checks 
avirex1702: checks 
*** SHOW DOWN ***
Mahu2021: shows [8c 8h] (a pair of Eights)
avirex1702: mucks hand 
Mahu2021 collected $1.21 from pot
*** SUMMARY ***
Total pot $1.27 | Rake $0.06 
Board [Kh 3s Td 9c 4c]
Seat 1: avirex1702 (button) mucked [6h Ah]
Seat 2: youngmin5034 (small blind) folded before Flop
Seat 3: TheBigBad669 (big blind) folded before Flop
Seat 4: RealN4p folded before Flop (didn't bet)
Seat 5: IVERNMAN folded before Flop (didn't bet)
Seat 6: Mahu2021 showed [8c 8h] and won ($1.21) with a pair of Eights



PokerStars Zoom Hand #254563072745:  Hold'em No Limit ($0.05/$0.10) - 2025/01/26 17:16:27 CET [2025/01/26 11:16:27 ET]
Table 'Aludra' 6-max Seat #1 is the button
Seat 1: Ironhelt ($27.72 in chips) 
Seat 2: kSam44 ($16.40 in chips) 
Seat 3: Mahu2021 ($7.60 in chips) 
Seat 4: avirex1702 ($1.71 in chips) 
Seat 5: youngmin5034 ($29.88 in chips) 
Seat 6: COVEIROANCAP ($10.27 in chips) 
kSam44: posts small blind $0.05
Mahu2021: posts big blind $0.10
*** HOLE CARDS ***
Dealt to Mahu2021 [9h Qd]
avirex1702: folds 
youngmin5034: raises $0.15 to $0.25
COVEIROANCAP: folds 
Ironhelt: folds 
kSam44: folds 
Mahu2021: folds 
Uncalled bet ($0.15) returned to youngmin5034
youngmin5034 collected $0.25 from pot
youngmin5034: doesn't show hand 
*** SUMMARY ***
Total pot $0.25 | Rake $0 
Seat 1: Ironhelt (button) folded before Flop (didn't bet)
Seat 2: kSam44 (small blind) folded before Flop
Seat 3: Mahu2021 (big blind) folded before Flop
Seat 4: avirex1702 folded before Flop (didn't bet)
Seat 5: youngmin5034 collected ($0.25)
Seat 6: COVEIROANCAP folded before Flop (didn't bet)



PokerStars Zoom Hand #254563078267:  Hold'em No Limit ($0.05/$0.10) - 2025/01/26 17:16:47 CET [2025/01/26 11:16:47 ET]
Table 'Aludra' 6-max Seat #1 is the button
Seat 1: Munk639 ($32.26 in chips) 
Seat 2: Mahu2021 ($7.50 in chips) 
Seat 3: IBluffU82 ($13.21 in chips) 
Seat 4: D.Rossetti ($17.72 in chips) 
Seat 5: Ironhelt ($27.72 in chips) 
Seat 6: COVEIROANCAP ($13.56 in chips) 
Mahu2021: posts small blind $0.05
IBluffU82: posts big blind $0.10
*** HOLE CARDS ***
Dealt to Mahu2021 [9s Qc]
D.Rossetti: folds 
Ironhelt: folds 
COVEIROANCAP: raises $0.15 to $0.25
Munk639: folds 
Mahu2021: folds 
IBluffU82: folds 
Uncalled bet ($0.15) returned to COVEIROANCAP
COVEIROANCAP collected $0.25 from pot
COVEIROANCAP: doesn't show hand 
*** SUMMARY ***
Total pot $0.25 | Rake $0 
Seat 1: Munk639 (button) folded before Flop (didn't bet)
Seat 2: Mahu2021 (small blind) folded before Flop
Seat 3: IBluffU82 (big blind) folded before Flop
Seat 4: D.Rossetti folded before Flop (didn't bet)
Seat 5: Ironhelt folded before Flop (didn't bet)
Seat 6: COVEIROANCAP collected ($0.25)



PokerStars Zoom Hand #254563062313:  Hold'em No Limit ($0.05/$0.10) - 2025/01/26 17:15:50 CET [2025/01/26 11:15:50 ET]
Table 'Aludra' 6-max Seat #1 is the button
Seat 1: ninugaf ($5.87 in chips) 
Seat 2: IVERNMAN ($10 in chips) 
Seat 3: Titsamach ($10 in chips) 
Seat 4: Mahu2021 ($6.95 in chips) 
Seat 5: assuncaogu ($11.38 in chips) 
Seat 6: serotonine91 ($10.09 in chips) 
IVERNMAN: posts small blind $0.05
Titsamach: posts big blind $0.10
*** HOLE CARDS ***
Dealt to Mahu2021 [8d 3s]
Mahu2021: folds 
assuncaogu: folds 
serotonine91: raises $0.15 to $0.25
ninugaf: folds 
IVERNMAN: raises $0.95 to $1.20
Titsamach: folds 
serotonine91: calls $0.95
*** FLOP *** [Kh Ts 4h]
IVERNMAN: bets $0.79
serotonine91: calls $0.79
*** TURN *** [Kh Ts 4h] [7c]
IVERNMAN: checks 
serotonine91: bets $1.29
IVERNMAN: folds 
Uncalled bet ($1.29) returned to serotonine91
serotonine91 collected $3.90 from pot
serotonine91: doesn't show hand 
*** SUMMARY ***
Total pot $4.08 | Rake $0.18 
Board [Kh Ts 4h 7c]
Seat 1: ninugaf (button) folded before Flop (didn't bet)
Seat 2: IVERNMAN (small blind) folded on the Turn
Seat 3: Titsamach (big blind) folded before Flop
Seat 4: Mahu2021 folded before Flop (didn't bet)
Seat 5: assuncaogu folded before Flop (didn't bet)
Seat 6: serotonine91 collected ($3.90)



PokerStars Zoom Hand #254563081650:  Hold'em No Limit ($0.05/$0.10) - 2025/01/26 17:16:59 CET [2025/01/26 11:16:59 ET]
Table 'Aludra' 6-max Seat #1 is the button
Seat 1: Oscar__62176 ($30.13 in chips) 
Seat 2: ksjhs4207 ($10.74 in chips) 
Seat 3: RealN4p ($11.24 in chips) 
Seat 4: TheLonelyGuy ($10.84 in chips) 
Seat 5: Dastik 5 ($11.97 in chips) 
Seat 6: Mahu2021 ($7.45 in chips) 
ksjhs4207: posts small blind $0.05
RealN4p: posts big blind $0.10
*** HOLE CARDS ***
Dealt to Mahu2021 [Jc 3c]
TheLonelyGuy: folds 
Dastik 5: folds 
Mahu2021: folds 
Oscar__62176: folds 
ksjhs4207: raises $0.20 to $0.30
RealN4p: raises $0.65 to $0.95
ksjhs4207: folds 
Uncalled bet ($0.65) returned to RealN4p
RealN4p collected $0.60 from pot
RealN4p: doesn't show hand 
*** SUMMARY ***
Total pot $0.60 | Rake $0 
Seat 1: Oscar__62176 (button) folded before Flop (didn't bet)
Seat 2: ksjhs4207 (small blind) folded before Flop
Seat 3: RealN4p (big blind) collected ($0.60)
Seat 4: TheLonelyGuy folded before Flop (didn't bet)
Seat 5: Dastik 5 folded before Flop (didn't bet)
Seat 6: Mahu2021 folded before Flop (didn't bet)



PokerStars Zoom Hand #254563080514:  Hold'em No Limit ($0.05/$0.10) - 2025/01/26 17:16:55 CET [2025/01/26 11:16:55 ET]
Table 'Aludra' 6-max Seat #1 is the button
Seat 1: cucubau96 ($18.55 in chips) 
Seat 2: sophiedoll ($20.42 in chips) 
Seat 3: assuncaogu ($11.23 in chips) 
Seat 4: Mahu2021 ($7.45 in chips) 
Seat 5: BlueLway ($11.64 in chips) 
Seat 6: JIucu4ka ($4.38 in chips) 
sophiedoll: posts small blind $0.05
assuncaogu: posts big blind $0.10
*** HOLE CARDS ***
Dealt to Mahu2021 [Jh 9s]
Mahu2021: folds 
BlueLway: folds 
JIucu4ka: raises $0.11 to $0.21
cucubau96: folds 
sophiedoll: calls $0.16
assuncaogu: raises $1.29 to $1.50
JIucu4ka: folds 
sophiedoll: folds 
Uncalled bet ($1.29) returned to assuncaogu
assuncaogu collected $0.63 from pot
assuncaogu: doesn't show hand 
*** SUMMARY ***
Total pot $0.63 | Rake $0 
Seat 1: cucubau96 (button) folded before Flop (didn't bet)
Seat 2: sophiedoll (small blind) folded before Flop
Seat 3: assuncaogu (big blind) collected ($0.63)
Seat 4: Mahu2021 folded before Flop (didn't bet)
Seat 5: BlueLway folded before Flop (didn't bet)
Seat 6: JIucu4ka folded before Flop



PokerStars Zoom Hand #254563084173:  Hold'em No Limit ($0.05/$0.10) - 2025/01/26 17:17:08 CET [2025/01/26 11:17:08 ET]
Table 'Aludra' 6-max Seat #1 is the button
Seat 1: ksjhs4207 ($9.75 in chips) 
Seat 2: bluffbuffhuh ($12.32 in chips) 
Seat 3: IVERNMAN ($10 in chips) 
Seat 4: Morrowind943 ($8.35 in chips) 
Seat 5: Mahu2021 ($7.40 in chips) 
Seat 6: dewrden ($5.28 in chips) 
bluffbuffhuh: posts small blind $0.05
IVERNMAN: posts big blind $0.10
*** HOLE CARDS ***
Dealt to Mahu2021 [5d Qs]
Morrowind943: folds 
Mahu2021: folds 
dewrden: folds 
ksjhs4207: raises $0.15 to $0.25
bluffbuffhuh: folds 
IVERNMAN: folds 
Uncalled bet ($0.15) returned to ksjhs4207
ksjhs4207 collected $0.25 from pot
ksjhs4207: doesn't show hand 
*** SUMMARY ***
Total pot $0.25 | Rake $0 
Seat 1: ksjhs4207 (button) collected ($0.25)
Seat 2: bluffbuffhuh (small blind) folded before Flop
Seat 3: IVERNMAN (big blind) folded before Flop
Seat 4: Morrowind943 folded before Flop (didn't bet)
Seat 5: Mahu2021 folded before Flop (didn't bet)
Seat 6: dewrden folded before Flop (didn't bet)



PokerStars Zoom Hand #254563082785:  Hold'em No Limit ($0.05/$0.10) - 2025/01/26 17:17:03 CET [2025/01/26 11:17:03 ET]
Table 'Aludra' 6-max Seat #1 is the button
Seat 1: Dastik 5 ($11.02 in chips) 
Seat 2: Mahu2021 ($7.45 in chips) 
Seat 3: Pesulle ($21.42 in chips) 
Seat 4: COVEIROANCAP ($10 in chips) 
Seat 5: TheLonelyGuy ($10.84 in chips) 
Seat 6: Munk639 ($32.21 in chips) 
Mahu2021: posts small blind $0.05
Pesulle: posts big blind $0.10
*** HOLE CARDS ***
Dealt to Mahu2021 [Jd 3c]
COVEIROANCAP: folds 
TheLonelyGuy: folds 
Munk639: raises $0.10 to $0.20
Dastik 5: folds 
Mahu2021: folds 
Pesulle: folds 
Uncalled bet ($0.10) returned to Munk639
Munk639 collected $0.25 from pot
Munk639: doesn't show hand 
*** SUMMARY ***
Total pot $0.25 | Rake $0 
Seat 1: Dastik 5 (button) folded before Flop (didn't bet)
Seat 2: Mahu2021 (small blind) folded before Flop
Seat 3: Pesulle (big blind) folded before Flop
Seat 4: COVEIROANCAP folded before Flop (didn't bet)
Seat 5: TheLonelyGuy folded before Flop (didn't bet)
Seat 6: Munk639 collected ($0.25)



PokerStars Zoom Hand #254563085610:  Hold'em No Limit ($0.05/$0.10) - 2025/01/26 17:17:13 CET [2025/01/26 11:17:13 ET]
Table 'Aludra' 6-max Seat #1 is the button
Seat 1: Mahu2021 ($7.40 in chips) 
Seat 2: BlueLway ($10.45 in chips) 
Seat 3: Ironhelt ($26.19 in chips) 
Seat 4: eAh_BlackDevil ($10.23 in chips) 
Seat 5: lichistoria ($11.82 in chips) 
Seat 6: sv5555555 ($7.43 in chips) 
BlueLway: posts small blind $0.05
Ironhelt: posts big blind $0.10
*** HOLE CARDS ***
Dealt to Mahu2021 [Ad 7d]
eAh_BlackDevil: folds 
lichistoria: folds 
sv5555555: folds 
Mahu2021: raises $0.20 to $0.30
BlueLway: folds 
Ironhelt: folds 
Uncalled bet ($0.20) returned to Mahu2021
Mahu2021 collected $0.25 from pot
Mahu2021: doesn't show hand 
*** SUMMARY ***
Total pot $0.25 | Rake $0 
Seat 1: Mahu2021 (button) collected ($0.25)
Seat 2: BlueLway (small blind) folded before Flop
Seat 3: Ironhelt (big blind) folded before Flop
Seat 4: eAh_BlackDevil folded before Flop (didn't bet)
Seat 5: lichistoria folded before Flop (didn't bet)
Seat 6: sv5555555 folded before Flop (didn't bet)



PokerStars Zoom Hand #254563091255:  Hold'em No Limit ($0.05/$0.10) - 2025/01/26 17:17:33 CET [2025/01/26 11:17:33 ET]
Table 'Aludra' 6-max Seat #1 is the button
Seat 1: Morrowind943 ($8.30 in chips) 
Seat 2: avirex1702 ($2.65 in chips) 
Seat 3: Mahu2021 ($7.55 in chips) 
Seat 4: abelll115 ($12 in chips) 
Seat 5: YourMumSaysHi ($26.95 in chips) 
Seat 6: looser00091 ($23.94 in chips) 
avirex1702: posts small blind $0.05
Mahu2021: posts big blind $0.10
*** HOLE CARDS ***
Dealt to Mahu2021 [3c Ts]
abelll115: folds 
YourMumSaysHi: raises $0.20 to $0.30
looser00091: folds 
Morrowind943: folds 
avirex1702: folds 
Mahu2021: folds 
Uncalled bet ($0.20) returned to YourMumSaysHi
YourMumSaysHi collected $0.25 from pot
YourMumSaysHi: doesn't show hand 
*** SUMMARY ***
Total pot $0.25 | Rake $0 
Seat 1: Morrowind943 (button) folded before Flop (didn't bet)
Seat 2: avirex1702 (small blind) folded before Flop
Seat 3: Mahu2021 (big blind) folded before Flop
Seat 4: abelll115 folded before Flop (didn't bet)
Seat 5: YourMumSaysHi collected ($0.25)
Seat 6: looser00091 folded before Flop (didn't bet)



PokerStars Zoom Hand #254563093497:  Hold'em No Limit ($0.05/$0.10) - 2025/01/26 17:17:41 CET [2025/01/26 11:17:41 ET]
Table 'Aludra' 6-max Seat #1 is the button
Seat 1: Taisi25 ($10.40 in chips) 
Seat 2: Mahu2021 ($7.45 in chips) 
Seat 3: osfp7john ($21.11 in chips) 
Seat 4: ksjhs4207 ($9.85 in chips) 
Seat 5: enry7.ice ($10.86 in chips) 
Seat 6: youngmin5034 ($10 in chips) 
Mahu2021: posts small blind $0.05
osfp7john: posts big blind $0.10
*** HOLE CARDS ***
Dealt to Mahu2021 [Tc Ah]
ksjhs4207: folds 
enry7.ice: folds 
youngmin5034: folds 
Taisi25: folds 
Mahu2021: raises $0.20 to $0.30
osfp7john: folds 
Uncalled bet ($0.20) returned to Mahu2021
Mahu2021 collected $0.20 from pot
Mahu2021: doesn't show hand 
*** SUMMARY ***
Total pot $0.20 | Rake $0 
Seat 1: Taisi25 (button) folded before Flop (didn't bet)
Seat 2: Mahu2021 (small blind) collected ($0.20)
Seat 3: osfp7john (big blind) folded before Flop
Seat 4: ksjhs4207 folded before Flop (didn't bet)
Seat 5: enry7.ice folded before Flop (didn't bet)
Seat 6: youngmin5034 folded before Flop (didn't bet)



PokerStars Zoom Hand #254563098272:  Hold'em No Limit ($0.05/$0.10) - 2025/01/26 17:17:58 CET [2025/01/26 11:17:58 ET]
Table 'Aludra' 6-max Seat #1 is the button
Seat 1: Pesulle ($13.90 in chips) 
Seat 2: vojtek1968 ($13.66 in chips) 
Seat 3: youngmin5034 ($23.39 in chips) 
Seat 4: marwest1306 ($11.08 in chips) 
Seat 5: Mahu2021 ($7.55 in chips) 
Seat 6: dewrden ($5 in chips) 
vojtek1968: posts small blind $0.05
youngmin5034: posts big blind $0.10
*** HOLE CARDS ***
Dealt to Mahu2021 [As 2d]
marwest1306: folds 
Mahu2021: folds 
dewrden: folds 
Pesulle: folds 
vojtek1968: raises $0.10 to $0.20
youngmin5034: folds 
Uncalled bet ($0.10) returned to vojtek1968
vojtek1968 collected $0.20 from pot
vojtek1968: doesn't show hand 
*** SUMMARY ***
Total pot $0.20 | Rake $0 
Seat 1: Pesulle (button) folded before Flop (didn't bet)
Seat 2: vojtek1968 (small blind) collected ($0.20)
Seat 3: youngmin5034 (big blind) folded before Flop
Seat 4: marwest1306 folded before Flop (didn't bet)
Seat 5: Mahu2021 folded before Flop (didn't bet)
Seat 6: dewrden folded before Flop (didn't bet)



PokerStars Zoom Hand #254563097138:  Hold'em No Limit ($0.05/$0.10) - 2025/01/26 17:17:55 CET [2025/01/26 11:17:55 ET]
Table 'Aludra' 6-max Seat #1 is the button
Seat 1: klevinjer ($12.70 in chips) 
Seat 2: RealN4p ($11.54 in chips) 
Seat 3: bluffbuffhuh ($12.22 in chips) 
Seat 4: youngmin5034 ($23.39 in chips) 
Seat 5: COVEIROANCAP ($16.03 in chips) 
Seat 6: Mahu2021 ($7.55 in chips) 
RealN4p: posts small blind $0.05
bluffbuffhuh: posts big blind $0.10
*** HOLE CARDS ***
Dealt to Mahu2021 [7d Kc]
youngmin5034: folds 
COVEIROANCAP: raises $0.15 to $0.25
Mahu2021: folds 
klevinjer: folds 
RealN4p: folds 
bluffbuffhuh: folds 
Uncalled bet ($0.15) returned to COVEIROANCAP
COVEIROANCAP collected $0.25 from pot
COVEIROANCAP: doesn't show hand 
*** SUMMARY ***
Total pot $0.25 | Rake $0 
Seat 1: klevinjer (button) folded before Flop (didn't bet)
Seat 2: RealN4p (small blind) folded before Flop
Seat 3: bluffbuffhuh (big blind) folded before Flop
Seat 4: youngmin5034 folded before Flop (didn't bet)
Seat 5: COVEIROANCAP collected ($0.25)
Seat 6: Mahu2021 folded before Flop (didn't bet)



PokerStars Zoom Hand #254563079370:  Hold'em No Limit ($0.05/$0.10) - 2025/01/26 17:16:51 CET [2025/01/26 11:16:51 ET]
Table 'Aludra' 6-max Seat #1 is the button
Seat 1: Mahu2021 ($7.45 in chips) 
Seat 2: D.Rossetti ($17.72 in chips) 
Seat 3: 2.147b ($24.53 in chips) 
Seat 4: ruffhund1 ($14.07 in chips) 
Seat 5: BlueLway ($10.40 in chips) 
Seat 6: CM1836 ($8.08 in chips) 
D.Rossetti: posts small blind $0.05
2.147b: posts big blind $0.10
*** HOLE CARDS ***
Dealt to Mahu2021 [4c Th]
ruffhund1: folds 
BlueLway: folds 
CM1836: folds 
Mahu2021: folds 
D.Rossetti: raises $0.25 to $0.35
2.147b: raises $0.75 to $1.10
D.Rossetti: calls $0.75
*** FLOP *** [Jd Js Kh]
D.Rossetti: checks 
2.147b: bets $0.20
D.Rossetti: calls $0.20
*** TURN *** [Jd Js Kh] [6s]
D.Rossetti: checks 
2.147b: bets $1.04
D.Rossetti: calls $1.04
*** RIVER *** [Jd Js Kh 6s] [7c]
D.Rossetti: checks 
2.147b: bets $3.77
D.Rossetti: calls $3.77
*** SHOW DOWN ***
2.147b: shows [As Jc] (three of a kind, Jacks)
D.Rossetti: mucks hand 
2.147b collected $11.67 from pot
*** SUMMARY ***
Total pot $12.22 | Rake $0.55 
Board [Jd Js Kh 6s 7c]
Seat 1: Mahu2021 (button) folded before Flop (didn't bet)
Seat 2: D.Rossetti (small blind) mucked [Ks Ad]
Seat 3: 2.147b (big blind) showed [As Jc] and won ($11.67) with three of a kind, Jacks
Seat 4: ruffhund1 folded before Flop (didn't bet)
Seat 5: BlueLway folded before Flop (didn't bet)
Seat 6: CM1836 folded before Flop (didn't bet)



PokerStars Zoom Hand #254563100511:  Hold'em No Limit ($0.05/$0.10) - 2025/01/26 17:18:07 CET [2025/01/26 11:18:07 ET]
Table 'Aludra' 6-max Seat #1 is the button
Seat 1: Peter 091964 ($5.99 in chips) 
Seat 2: abelll115 ($10.58 in chips) 
Seat 3: Mahu2021 ($7.55 in chips) 
Seat 4: BMWR651982 ($9.36 in chips) 
Seat 5: eAh_BlackDevil ($10.23 in chips) 
Seat 6: ksjhs4207 ($15.34 in chips) 
abelll115: posts small blind $0.05
Mahu2021: posts big blind $0.10
*** HOLE CARDS ***
Dealt to Mahu2021 [Qc 4s]
BMWR651982: calls $0.10
eAh_BlackDevil: folds 
ksjhs4207: folds 
Peter 091964: raises $0.40 to $0.50
abelll115: folds 
Mahu2021: folds 
BMWR651982: folds 
Uncalled bet ($0.40) returned to Peter 091964
Peter 091964 collected $0.35 from pot
Peter 091964: doesn't show hand 
*** SUMMARY ***
Total pot $0.35 | Rake $0 
Seat 1: Peter 091964 (button) collected ($0.35)
Seat 2: abelll115 (small blind) folded before Flop
Seat 3: Mahu2021 (big blind) folded before Flop
Seat 4: BMWR651982 folded before Flop
Seat 5: eAh_BlackDevil folded before Flop (didn't bet)
Seat 6: ksjhs4207 folded before Flop (didn't bet)



PokerStars Zoom Hand #254563099388:  Hold'em No Limit ($0.05/$0.10) - 2025/01/26 17:18:03 CET [2025/01/26 11:18:03 ET]
Table 'Aludra' 6-max Seat #1 is the button
Seat 1: Ironhelt ($19.04 in chips) 
Seat 2: dewrden ($5 in chips) 
Seat 3: avirex1702 ($2.60 in chips) 
Seat 4: Mahu2021 ($7.55 in chips) 
Seat 5: kazu1979 ($16.60 in chips) 
Seat 6: assuncaogu ($10 in chips) 
dewrden: posts small blind $0.05
avirex1702: posts big blind $0.10
*** HOLE CARDS ***
Dealt to Mahu2021 [6h Tc]
Mahu2021: folds 
kazu1979: raises $0.15 to $0.25
assuncaogu: folds 
Ironhelt: folds 
dewrden: folds 
avirex1702: folds 
Uncalled bet ($0.15) returned to kazu1979
kazu1979 collected $0.25 from pot
kazu1979: doesn't show hand 
*** SUMMARY ***
Total pot $0.25 | Rake $0 
Seat 1: Ironhelt (button) folded before Flop (didn't bet)
Seat 2: dewrden (small blind) folded before Flop
Seat 3: avirex1702 (big blind) folded before Flop
Seat 4: Mahu2021 folded before Flop (didn't bet)
Seat 5: kazu1979 collected ($0.25)
Seat 6: assuncaogu folded before Flop (didn't bet)



PokerStars Zoom Hand #254563103861:  Hold'em No Limit ($0.05/$0.10) - 2025/01/26 17:18:19 CET [2025/01/26 11:18:19 ET]
Table 'Aludra' 6-max Seat #1 is the button
Seat 1: vojtek1968 ($13.76 in chips) 
Seat 2: lichistoria ($12.29 in chips) 
Seat 3: vovik-s1986 ($17.51 in chips) 
Seat 4: Mahu2021 ($7.45 in chips) 
Seat 5: 2.147b ($30.09 in chips) 
Seat 6: eAh_BlackDevil ($10.23 in chips) 
lichistoria: posts small blind $0.05
vovik-s1986: posts big blind $0.10
*** HOLE CARDS ***
Dealt to Mahu2021 [As 8s]
Mahu2021: raises $0.14 to $0.24
2.147b: folds 
eAh_BlackDevil: folds 
vojtek1968: calls $0.24
lichistoria: folds 
vovik-s1986: calls $0.14
*** FLOP *** [Ac Qs 4s]
vovik-s1986: checks 
Mahu2021: checks 
vojtek1968: checks 
*** TURN *** [Ac Qs 4s] [Kd]
vovik-s1986: checks 
Mahu2021: checks 
vojtek1968: bets $0.10
vovik-s1986: folds 
Mahu2021: raises $0.40 to $0.50
vojtek1968: folds 
Uncalled bet ($0.40) returned to Mahu2021
Mahu2021 collected $0.93 from pot
Mahu2021: doesn't show hand 
*** SUMMARY ***
Total pot $0.97 | Rake $0.04 
Board [Ac Qs 4s Kd]
Seat 1: vojtek1968 (button) folded on the Turn
Seat 2: lichistoria (small blind) folded before Flop
Seat 3: vovik-s1986 (big blind) folded on the Turn
Seat 4: Mahu2021 collected ($0.93)
Seat 5: 2.147b folded before Flop (didn't bet)
Seat 6: eAh_BlackDevil folded before Flop (didn't bet)



PokerStars Zoom Hand #254563117021:  Hold'em No Limit ($0.05/$0.10) - 2025/01/26 17:19:06 CET [2025/01/26 11:19:06 ET]
Table 'Aludra' 6-max Seat #1 is the button
Seat 1: eAh_BlackDevil ($13.48 in chips) 
Seat 2: Mahu2021 ($8.04 in chips) 
Seat 3: SIwon1 ($23.30 in chips) 
Seat 4: klevinjer ($12.85 in chips) 
Seat 5: ksjhs4207 ($9.70 in chips) 
Seat 6: Metam4n85 ($10 in chips) 
Mahu2021: posts small blind $0.05
SIwon1: posts big blind $0.10
*** HOLE CARDS ***
Dealt to Mahu2021 [4s 6h]
klevinjer: folds 
ksjhs4207: raises $0.12 to $0.22
Metam4n85: raises $0.59 to $0.81
eAh_BlackDevil: folds 
Mahu2021: folds 
SIwon1: folds 
ksjhs4207: folds 
Uncalled bet ($0.59) returned to Metam4n85
Metam4n85 collected $0.59 from pot
Metam4n85: doesn't show hand 
*** SUMMARY ***
Total pot $0.59 | Rake $0 
Seat 1: eAh_BlackDevil (button) folded before Flop (didn't bet)
Seat 2: Mahu2021 (small blind) folded before Flop
Seat 3: SIwon1 (big blind) folded before Flop
Seat 4: klevinjer folded before Flop (didn't bet)
Seat 5: ksjhs4207 folded before Flop
Seat 6: Metam4n85 collected ($0.59)



PokerStars Zoom Hand #254563114725:  Hold'em No Limit ($0.05/$0.10) - 2025/01/26 17:18:58 CET [2025/01/26 11:18:58 ET]
Table 'Aludra' 6-max Seat #1 is the button
Seat 1: youngmin5034 ($23.37 in chips) 
Seat 2: TheLonelyGuy ($16.89 in chips) 
Seat 3: ljy990514 ($16.19 in chips) 
Seat 4: Mahu2021 ($8.04 in chips) 
Seat 5: skar4ish ($9.85 in chips) 
Seat 6: Jmacedopg ($4.89 in chips) 
TheLonelyGuy: posts small blind $0.05
ljy990514: posts big blind $0.10
*** HOLE CARDS ***
Dealt to Mahu2021 [2d 3d]
Mahu2021: folds 
skar4ish: folds 
Jmacedopg: calls $0.10
youngmin5034: folds 
TheLonelyGuy: folds 
ljy990514: checks 
*** FLOP *** [Td 5s 8s]
ljy990514: checks 
Jmacedopg: checks 
*** TURN *** [Td 5s 8s] [7s]
ljy990514: checks 
Jmacedopg: checks 
*** RIVER *** [Td 5s 8s 7s] [9s]
ljy990514: bets $16.09 and is all-in
Jmacedopg: folds 
Uncalled bet ($16.09) returned to ljy990514
ljy990514 collected $0.24 from pot
ljy990514: doesn't show hand 
*** SUMMARY ***
Total pot $0.25 | Rake $0.01 
Board [Td 5s 8s 7s 9s]
Seat 1: youngmin5034 (button) folded before Flop (didn't bet)
Seat 2: TheLonelyGuy (small blind) folded before Flop
Seat 3: ljy990514 (big blind) collected ($0.24)
Seat 4: Mahu2021 folded before Flop (didn't bet)
Seat 5: skar4ish folded before Flop (didn't bet)
Seat 6: Jmacedopg folded on the River



PokerStars Zoom Hand #254563118451:  Hold'em No Limit ($0.05/$0.10) - 2025/01/26 17:19:11 CET [2025/01/26 11:19:11 ET]
Table 'Aludra' 6-max Seat #1 is the button
Seat 1: Pesulle ($20.95 in chips) 
Seat 2: LÁSZLÓMESTER ($11.18 in chips) 
Seat 3: kSam44 ($16.66 in chips) 
Seat 4: dewrden ($5.70 in chips) 
Seat 5: youngmin5034 ($10.10 in chips) 
Seat 6: Mahu2021 ($7.99 in chips) 
LÁSZLÓMESTER: posts small blind $0.05
kSam44: posts big blind $0.10
*** HOLE CARDS ***
Dealt to Mahu2021 [7s Ac]
dewrden: folds 
youngmin5034: folds 
Mahu2021: folds 
Pesulle: folds 
LÁSZLÓMESTER: raises $0.20 to $0.30
kSam44: calls $0.20
*** FLOP *** [8s 5h 3d]
LÁSZLÓMESTER: checks 
kSam44: checks 
*** TURN *** [8s 5h 3d] [Jc]
LÁSZLÓMESTER: bets $0.43
kSam44: folds 
Uncalled bet ($0.43) returned to LÁSZLÓMESTER
LÁSZLÓMESTER collected $0.57 from pot
LÁSZLÓMESTER: doesn't show hand 
*** SUMMARY ***
Total pot $0.60 | Rake $0.03 
Board [8s 5h 3d Jc]
Seat 1: Pesulle (button) folded before Flop (didn't bet)
Seat 2: LÁSZLÓMESTER (small blind) collected ($0.57)
Seat 3: kSam44 (big blind) folded on the Turn
Seat 4: dewrden folded before Flop (didn't bet)
Seat 5: youngmin5034 folded before Flop (didn't bet)
Seat 6: Mahu2021 folded before Flop (didn't bet)



PokerStars Zoom Hand #254563113538:  Hold'em No Limit ($0.05/$0.10) - 2025/01/26 17:18:53 CET [2025/01/26 11:18:53 ET]
Table 'Aludra' 6-max Seat #1 is the button
Seat 1: Mahu2021 ($8.04 in chips) 
Seat 2: Dastik 5 ($10.05 in chips) 
Seat 3: COVEIROANCAP ($10 in chips) 
Seat 4: ChemBurt ($16.30 in chips) 
Seat 5: TheBigBad669 ($10.95 in chips) 
Seat 6: Karsa1 ($28.49 in chips) 
Dastik 5: posts small blind $0.05
COVEIROANCAP: posts big blind $0.10
*** HOLE CARDS ***
Dealt to Mahu2021 [Jh 6s]
ChemBurt: raises $0.12 to $0.22
TheBigBad669: folds 
Karsa1: folds 
Mahu2021: folds 
Dastik 5: folds 
COVEIROANCAP: calls $0.12
*** FLOP *** [8d Qd Ad]
COVEIROANCAP: checks 
ChemBurt: checks 
*** TURN *** [8d Qd Ad] [9c]
COVEIROANCAP: checks 
ChemBurt: checks 
*** RIVER *** [8d Qd Ad 9c] [Jd]
COVEIROANCAP: checks 
ChemBurt: bets $0.40
COVEIROANCAP: folds 
Uncalled bet ($0.40) returned to ChemBurt
ChemBurt collected $0.47 from pot
ChemBurt: doesn't show hand 
*** SUMMARY ***
Total pot $0.49 | Rake $0.02 
Board [8d Qd Ad 9c Jd]
Seat 1: Mahu2021 (button) folded before Flop (didn't bet)
Seat 2: Dastik 5 (small blind) folded before Flop
Seat 3: COVEIROANCAP (big blind) folded on the River
Seat 4: ChemBurt collected ($0.47)
Seat 5: TheBigBad669 folded before Flop (didn't bet)
Seat 6: Karsa1 folded before Flop (didn't bet)



PokerStars Zoom Hand #254563122885:  Hold'em No Limit ($0.05/$0.10) - 2025/01/26 17:19:27 CET [2025/01/26 11:19:27 ET]
Table 'Aludra' 6-max Seat #1 is the button
Seat 1: Mahu2021 ($7.89 in chips) 
Seat 2: Oscar__62176 ($49.68 in chips) 
Seat 3: AndresAbus88 ($5 in chips) 
Seat 4: Kelseylee2 ($6.52 in chips) 
Seat 5: abelll115 ($19.94 in chips) 
Seat 6: assuncaogu ($10.03 in chips) 
Oscar__62176: posts small blind $0.05
AndresAbus88: posts big blind $0.10
*** HOLE CARDS ***
Dealt to Mahu2021 [Kd Ks]
Kelseylee2: raises $0.20 to $0.30
abelll115: folds 
assuncaogu: folds 
Mahu2021: raises $7.59 to $7.89 and is all-in
Oscar__62176: folds 
AndresAbus88: folds 
Kelseylee2: folds 
Uncalled bet ($7.59) returned to Mahu2021
Mahu2021 collected $0.75 from pot
Mahu2021: doesn't show hand 
*** SUMMARY ***
Total pot $0.75 | Rake $0 
Seat 1: Mahu2021 (button) collected ($0.75)
Seat 2: Oscar__62176 (small blind) folded before Flop
Seat 3: AndresAbus88 (big blind) folded before Flop
Seat 4: Kelseylee2 folded before Flop
Seat 5: abelll115 folded before Flop (didn't bet)
Seat 6: assuncaogu folded before Flop (didn't bet)



PokerStars Zoom Hand #254563133545:  Hold'em No Limit ($0.05/$0.10) - 2025/01/26 17:20:05 CET [2025/01/26 11:20:05 ET]
Table 'Aludra' 6-max Seat #1 is the button
Seat 1: Ironhelt ($21.78 in chips) 
Seat 2: youngmin5034 ($30.70 in chips) 
Seat 3: ksjhs4207 ($9.33 in chips) 
Seat 4: SIwon1 ($19.32 in chips) 
Seat 5: BlueLway ($10 in chips) 
Seat 6: Mahu2021 ($8.34 in chips) 
youngmin5034: posts small blind $0.05
ksjhs4207: posts big blind $0.10
*** HOLE CARDS ***
Dealt to Mahu2021 [9d 6c]
SIwon1: folds 
BlueLway: folds 
Mahu2021: folds 
Ironhelt: folds 
youngmin5034: raises $0.15 to $0.25
ksjhs4207: folds 
Uncalled bet ($0.15) returned to youngmin5034
youngmin5034 collected $0.20 from pot
youngmin5034: doesn't show hand 
*** SUMMARY ***
Total pot $0.20 | Rake $0 
Seat 1: Ironhelt (button) folded before Flop (didn't bet)
Seat 2: youngmin5034 (small blind) collected ($0.20)
Seat 3: ksjhs4207 (big blind) folded before Flop
Seat 4: SIwon1 folded before Flop (didn't bet)
Seat 5: BlueLway folded before Flop (didn't bet)
Seat 6: Mahu2021 folded before Flop (didn't bet)



PokerStars Zoom Hand #254563119487:  Hold'em No Limit ($0.05/$0.10) - 2025/01/26 17:19:14 CET [2025/01/26 11:19:14 ET]
Table 'Aludra' 6-max Seat #1 is the button
Seat 1: FACCHETADE$ ($19 in chips) 
Seat 2: PuffyDawg ($10 in chips) 
Seat 3: Mahu2021 ($7.99 in chips) 
Seat 4: RealN4p ($11.94 in chips) 
Seat 5: osfp7john ($10 in chips) 
Seat 6: assuncaogu ($10 in chips) 
PuffyDawg: posts small blind $0.05
Mahu2021: posts big blind $0.10
*** HOLE CARDS ***
Dealt to Mahu2021 [6c Kd]
RealN4p: raises $0.11 to $0.21
osfp7john: folds 
assuncaogu: folds 
FACCHETADE$: calls $0.21
PuffyDawg: folds 
Mahu2021: folds 
*** FLOP *** [Ks 8c 4d]
RealN4p: bets $0.19
FACCHETADE$: calls $0.19
*** TURN *** [Ks 8c 4d] [Qh]
RealN4p: bets $0.69
FACCHETADE$: folds 
Uncalled bet ($0.69) returned to RealN4p
RealN4p collected $0.90 from pot
RealN4p: doesn't show hand 
*** SUMMARY ***
Total pot $0.95 | Rake $0.05 
Board [Ks 8c 4d Qh]
Seat 1: FACCHETADE$ (button) folded on the Turn
Seat 2: PuffyDawg (small blind) folded before Flop
Seat 3: Mahu2021 (big blind) folded before Flop
Seat 4: RealN4p collected ($0.90)
Seat 5: osfp7john folded before Flop (didn't bet)
Seat 6: assuncaogu folded before Flop (didn't bet)



PokerStars Zoom Hand #254563134660:  Hold'em No Limit ($0.05/$0.10) - 2025/01/26 17:20:09 CET [2025/01/26 11:20:09 ET]
Table 'Aludra' 6-max Seat #1 is the button
Seat 1: IVERNMAN ($10.36 in chips) 
Seat 2: Mahu2021 ($8.34 in chips) 
Seat 3: LÁSZLÓMESTER ($11.60 in chips) 
Seat 4: Dastik 5 ($10.92 in chips) 
Seat 5: Ironhelt ($21.78 in chips) 
Seat 6: serotonine91 ($11.72 in chips) 
Mahu2021: posts small blind $0.05
LÁSZLÓMESTER: posts big blind $0.10
*** HOLE CARDS ***
Dealt to Mahu2021 [3h Ac]
Dastik 5: folds 
Ironhelt: folds 
serotonine91: raises $0.15 to $0.25
IVERNMAN: folds 
Mahu2021: folds 
LÁSZLÓMESTER: folds 
Uncalled bet ($0.15) returned to serotonine91
serotonine91 collected $0.25 from pot
serotonine91: doesn't show hand 
*** SUMMARY ***
Total pot $0.25 | Rake $0 
Seat 1: IVERNMAN (button) folded before Flop (didn't bet)
Seat 2: Mahu2021 (small blind) folded before Flop
Seat 3: LÁSZLÓMESTER (big blind) folded before Flop
Seat 4: Dastik 5 folded before Flop (didn't bet)
Seat 5: Ironhelt folded before Flop (didn't bet)
Seat 6: serotonine91 collected ($0.25)



PokerStars Zoom Hand #254563139120:  Hold'em No Limit ($0.05/$0.10) - 2025/01/26 17:20:25 CET [2025/01/26 11:20:25 ET]
Table 'Aludra' 6-max Seat #1 is the button
Seat 1: Don Patato's ($10 in chips) 
Seat 2: 2.147b ($31.74 in chips) 
Seat 3: XtreMe)Xion ($10 in chips) 
Seat 4: Mahu2021 ($8.29 in chips) 
Seat 5: BlueLway ($10.38 in chips) 
Seat 6: D.Rossetti ($11.79 in chips) 
2.147b: posts small blind $0.05
XtreMe)Xion: posts big blind $0.10
*** HOLE CARDS ***
Dealt to Mahu2021 [Ah 5c]
Mahu2021: folds 
BlueLway: folds 
D.Rossetti: folds 
Don Patato's: folds 
2.147b: folds 
Uncalled bet ($0.05) returned to XtreMe)Xion
XtreMe)Xion collected $0.10 from pot
XtreMe)Xion: doesn't show hand 
*** SUMMARY ***
Total pot $0.10 | Rake $0 
Seat 1: Don Patato's (button) folded before Flop (didn't bet)
Seat 2: 2.147b (small blind) folded before Flop
Seat 3: XtreMe)Xion (big blind) collected ($0.10)
Seat 4: Mahu2021 folded before Flop (didn't bet)
Seat 5: BlueLway folded before Flop (didn't bet)
Seat 6: D.Rossetti folded before Flop (didn't bet)



PokerStars Zoom Hand #254563130758:  Hold'em No Limit ($0.05/$0.10) - 2025/01/26 17:19:55 CET [2025/01/26 11:19:55 ET]
Table 'Aludra' 6-max Seat #1 is the button
Seat 1: jamjamno1 ($6.04 in chips) 
Seat 2: sillas2 ($10.12 in chips) 
Seat 3: honEybOOx ($34.32 in chips) 
Seat 4: COVEIROANCAP ($10.17 in chips) 
Seat 5: Mahu2021 ($8.34 in chips) 
Seat 6: fieres ($10.15 in chips) 
sillas2: posts small blind $0.05
honEybOOx: posts big blind $0.10
*** HOLE CARDS ***
Dealt to Mahu2021 [6c 7c]
COVEIROANCAP: raises $0.15 to $0.25
Mahu2021: folds 
fieres: calls $0.25
jamjamno1 is disconnected 
jamjamno1 has timed out while disconnected
jamjamno1: folds 
sillas2: folds 
honEybOOx: raises $1.15 to $1.40
COVEIROANCAP: folds 
fieres: folds 
Uncalled bet ($1.15) returned to honEybOOx
honEybOOx collected $0.80 from pot
honEybOOx: doesn't show hand 
*** SUMMARY ***
Total pot $0.80 | Rake $0 
Seat 1: jamjamno1 (button) folded before Flop (didn't bet)
Seat 2: sillas2 (small blind) folded before Flop
Seat 3: honEybOOx (big blind) collected ($0.80)
Seat 4: COVEIROANCAP folded before Flop
Seat 5: Mahu2021 folded before Flop (didn't bet)
Seat 6: fieres folded before Flop



PokerStars Zoom Hand #254563137438:  Hold'em No Limit ($0.05/$0.10) - 2025/01/26 17:20:19 CET [2025/01/26 11:20:19 ET]
Table 'Aludra' 6-max Seat #1 is the button
Seat 1: abelll115 ($19.79 in chips) 
Seat 2: SIwon1 ($6.46 in chips) 
Seat 3: al1481 ($31.40 in chips) 
Seat 4: Ironhelt ($21.78 in chips) 
Seat 5: Mahu2021 ($8.29 in chips) 
Seat 6: osfp7john ($10 in chips) 
SIwon1: posts small blind $0.05
al1481: posts big blind $0.10
*** HOLE CARDS ***
Dealt to Mahu2021 [Jh Tc]
Ironhelt: folds 
Mahu2021: folds 
osfp7john: folds 
abelll115: raises $0.10 to $0.20
SIwon1: folds 
al1481: folds 
Uncalled bet ($0.10) returned to abelll115
abelll115 collected $0.25 from pot
abelll115: doesn't show hand 
*** SUMMARY ***
Total pot $0.25 | Rake $0 
Seat 1: abelll115 (button) collected ($0.25)
Seat 2: SIwon1 (small blind) folded before Flop
Seat 3: al1481 (big blind) folded before Flop
Seat 4: Ironhelt folded before Flop (didn't bet)
Seat 5: Mahu2021 folded before Flop (didn't bet)
Seat 6: osfp7john folded before Flop (didn't bet)



PokerStars Zoom Hand #254563132446:  Hold'em No Limit ($0.05/$0.10) - 2025/01/26 17:20:01 CET [2025/01/26 11:20:01 ET]
Table 'Aludra' 6-max Seat #1 is the button
Seat 1: Metam4n85 ($20.44 in chips) 
Seat 2: WGaliaW ($23.67 in chips) 
Seat 3: JIucu4ka ($5 in chips) 
Seat 4: COVEIROANCAP ($11.54 in chips) 
Seat 5: Mahu2021 ($8.34 in chips) 
Seat 6: S.Bastow ($10.37 in chips) 
WGaliaW: posts small blind $0.05
JIucu4ka: posts big blind $0.10
*** HOLE CARDS ***
Dealt to Mahu2021 [7s Kd]
COVEIROANCAP: folds 
Mahu2021: folds 
S.Bastow: raises $0.15 to $0.25
Metam4n85: raises $0.65 to $0.90
WGaliaW: folds 
JIucu4ka: folds 
S.Bastow: calls $0.65
*** FLOP *** [As 4c 6h]
S.Bastow: checks 
Metam4n85: bets $0.93
S.Bastow: calls $0.93
*** TURN *** [As 4c 6h] [2c]
S.Bastow: checks 
Metam4n85: checks 
*** RIVER *** [As 4c 6h 2c] [Jc]
S.Bastow: checks 
Metam4n85: checks 
*** SHOW DOWN ***
S.Bastow: shows [Qd Ac] (a pair of Aces)
Metam4n85: mucks hand 
S.Bastow collected $3.64 from pot
*** SUMMARY ***
Total pot $3.81 | Rake $0.17 
Board [As 4c 6h 2c Jc]
Seat 1: Metam4n85 (button) mucked [9s Ts]
Seat 2: WGaliaW (small blind) folded before Flop
Seat 3: JIucu4ka (big blind) folded before Flop
Seat 4: COVEIROANCAP folded before Flop (didn't bet)
Seat 5: Mahu2021 folded before Flop (didn't bet)
Seat 6: S.Bastow showed [Qd Ac] and won ($3.64) with a pair of Aces



PokerStars Zoom Hand #254563140512:  Hold'em No Limit ($0.05/$0.10) - 2025/01/26 17:20:30 CET [2025/01/26 11:20:30 ET]
Table 'Aludra' 6-max Seat #1 is the button
Seat 1: IVERNMAN ($10 in chips) 
Seat 2: Metam4n85 ($8.39 in chips) 
Seat 3: Mahu2021 ($8.29 in chips) 
Seat 4: D.Rossetti ($11.79 in chips) 
Seat 5: Jabrita1988 ($10.15 in chips) 
Seat 6: WGaliaW ($10.10 in chips) 
Metam4n85: posts small blind $0.05
Mahu2021: posts big blind $0.10
*** HOLE CARDS ***
Dealt to Mahu2021 [7h 8d]
D.Rossetti: folds 
Jabrita1988: folds 
WGaliaW: folds 
IVERNMAN: raises $0.10 to $0.20
Metam4n85: folds 
Mahu2021: calls $0.10
*** FLOP *** [6h 9h Ad]
Mahu2021: checks 
IVERNMAN: bets $0.14
Mahu2021: calls $0.14
*** TURN *** [6h 9h Ad] [6d]
Mahu2021: checks 
IVERNMAN: checks 
*** RIVER *** [6h 9h Ad 6d] [8h]
Mahu2021: bets $0.70
IVERNMAN: folds 
Uncalled bet ($0.70) returned to Mahu2021
Mahu2021 collected $0.70 from pot
Mahu2021: doesn't show hand 
*** SUMMARY ***
Total pot $0.73 | Rake $0.03 
Board [6h 9h Ad 6d 8h]
Seat 1: IVERNMAN (button) folded on the River
Seat 2: Metam4n85 (small blind) folded before Flop
Seat 3: Mahu2021 (big blind) collected ($0.70)
Seat 4: D.Rossetti folded before Flop (didn't bet)
Seat 5: Jabrita1988 folded before Flop (didn't bet)
Seat 6: WGaliaW folded before Flop (didn't bet)



PokerStars Zoom Hand #254563149654:  Hold'em No Limit ($0.05/$0.10) - 2025/01/26 17:21:03 CET [2025/01/26 11:21:03 ET]
Table 'Aludra' 6-max Seat #1 is the button
Seat 1: kSam44 ($18.01 in chips) 
Seat 2: Ironhelt ($21.13 in chips) 
Seat 3: aliancadoceu ($5 in chips) 
Seat 4: sillas2 ($10.22 in chips) 
Seat 5: Dastik 5 ($10.87 in chips) 
Seat 6: Mahu2021 ($8.65 in chips) 
Ironhelt: posts small blind $0.05
aliancadoceu: posts big blind $0.10
*** HOLE CARDS ***
Dealt to Mahu2021 [8h 3c]
sillas2: folds 
Dastik 5: folds 
Mahu2021: folds 
kSam44: folds 
Ironhelt: folds 
Uncalled bet ($0.05) returned to aliancadoceu
aliancadoceu collected $0.10 from pot
aliancadoceu: doesn't show hand 
*** SUMMARY ***
Total pot $0.10 | Rake $0 
Seat 1: kSam44 (button) folded before Flop (didn't bet)
Seat 2: Ironhelt (small blind) folded before Flop
Seat 3: aliancadoceu (big blind) collected ($0.10)
Seat 4: sillas2 folded before Flop (didn't bet)
Seat 5: Dastik 5 folded before Flop (didn't bet)
Seat 6: Mahu2021 folded before Flop (didn't bet)



PokerStars Zoom Hand #254563150848:  Hold'em No Limit ($0.05/$0.10) - 2025/01/26 17:21:07 CET [2025/01/26 11:21:07 ET]
Table 'Aludra' 6-max Seat #1 is the button
Seat 1: S.Bastow ($11.58 in chips) 
Seat 2: XtreMe)Xion ($10.55 in chips) 
Seat 3: TheLonelyGuy ($10 in chips) 
Seat 4: Mahu2021 ($8.65 in chips) 
Seat 5: LÁSZLÓMESTER ($12 in chips) 
Seat 6: Dastik 5 ($10.87 in chips) 
XtreMe)Xion: posts small blind $0.05
TheLonelyGuy: posts big blind $0.10
*** HOLE CARDS ***
Dealt to Mahu2021 [9s Jh]
Mahu2021: folds 
LÁSZLÓMESTER: folds 
Dastik 5: folds 
S.Bastow: folds 
XtreMe)Xion: folds 
Uncalled bet ($0.05) returned to TheLonelyGuy
TheLonelyGuy collected $0.10 from pot
TheLonelyGuy: doesn't show hand 
*** SUMMARY ***
Total pot $0.10 | Rake $0 
Seat 1: S.Bastow (button) folded before Flop (didn't bet)
Seat 2: XtreMe)Xion (small blind) folded before Flop
Seat 3: TheLonelyGuy (big blind) collected ($0.10)
Seat 4: Mahu2021 folded before Flop (didn't bet)
Seat 5: LÁSZLÓMESTER folded before Flop (didn't bet)
Seat 6: Dastik 5 folded before Flop (didn't bet)



PokerStars Zoom Hand #254563148538:  Hold'em No Limit ($0.05/$0.10) - 2025/01/26 17:20:59 CET [2025/01/26 11:20:59 ET]
Table 'Aludra' 6-max Seat #1 is the button
Seat 1: Mahu2021 ($8.65 in chips) 
Seat 2: looser00091 ($22.70 in chips) 
Seat 3: lichistoria ($12.59 in chips) 
Seat 4: BlueLway ($10.23 in chips) 
Seat 5: Morrowind943 ($7.56 in chips) 
Seat 6: Pesulle ($21.35 in chips) 
looser00091: posts small blind $0.05
lichistoria: posts big blind $0.10
*** HOLE CARDS ***
Dealt to Mahu2021 [9s 6h]
BlueLway: folds 
Morrowind943: raises $0.20 to $0.30
Pesulle: folds 
Mahu2021: folds 
looser00091: folds 
lichistoria: folds 
Uncalled bet ($0.20) returned to Morrowind943
Morrowind943 collected $0.25 from pot
Morrowind943: doesn't show hand 
*** SUMMARY ***
Total pot $0.25 | Rake $0 
Seat 1: Mahu2021 (button) folded before Flop (didn't bet)
Seat 2: looser00091 (small blind) folded before Flop
Seat 3: lichistoria (big blind) folded before Flop
Seat 4: BlueLway folded before Flop (didn't bet)
Seat 5: Morrowind943 collected ($0.25)
Seat 6: Pesulle folded before Flop (didn't bet)



PokerStars Zoom Hand #254563151958:  Hold'em No Limit ($0.05/$0.10) - 2025/01/26 17:21:11 CET [2025/01/26 11:21:11 ET]
Table 'Aludra' 6-max Seat #1 is the button
Seat 1: aliancadoceu ($5.05 in chips) 
Seat 2: Mahu2021 ($8.65 in chips) 
Seat 3: ChemBurt ($10 in chips) 
Seat 4: youngmin5034 ($14.90 in chips) 
Seat 5: JIucu4ka ($4.95 in chips) 
Seat 6: Oscar__62176 ($49.73 in chips) 
Mahu2021: posts small blind $0.05
ChemBurt: posts big blind $0.10
*** HOLE CARDS ***
Dealt to Mahu2021 [2c 2d]
youngmin5034: folds 
JIucu4ka: folds 
Oscar__62176: raises $0.12 to $0.22
aliancadoceu: folds 
Mahu2021: calls $0.17
ChemBurt: calls $0.12
*** FLOP *** [8h 6s 7d]
Mahu2021: checks 
ChemBurt: checks 
Oscar__62176: checks 
*** TURN *** [8h 6s 7d] [3h]
Mahu2021: bets $0.20
ChemBurt: calls $0.20
Oscar__62176: calls $0.20
*** RIVER *** [8h 6s 7d 3h] [5h]
Mahu2021: checks 
ChemBurt: checks 
Oscar__62176: checks 
*** SHOW DOWN ***
Mahu2021: shows [2c 2d] (a pair of Deuces)
ChemBurt: shows [Qd 3d] (a pair of Threes)
Oscar__62176: shows [Tc 7c] (a pair of Sevens)
Oscar__62176 collected $1.20 from pot
*** SUMMARY ***
Total pot $1.26 | Rake $0.06 
Board [8h 6s 7d 3h 5h]
Seat 1: aliancadoceu (button) folded before Flop (didn't bet)
Seat 2: Mahu2021 (small blind) showed [2c 2d] and lost with a pair of Deuces
Seat 3: ChemBurt (big blind) showed [Qd 3d] and lost with a pair of Threes
Seat 4: youngmin5034 folded before Flop (didn't bet)
Seat 5: JIucu4ka folded before Flop (didn't bet)
Seat 6: Oscar__62176 showed [Tc 7c] and won ($1.20) with a pair of Sevens



PokerStars Zoom Hand #254563168618:  Hold'em No Limit ($0.05/$0.10) - 2025/01/26 17:22:10 CET [2025/01/26 11:22:10 ET]
Table 'Aludra' 6-max Seat #1 is the button
Seat 1: Mahu2021 ($8.23 in chips) 
Seat 2: SKAlmaty_86 ($9.70 in chips) 
Seat 3: rachelffs ($12.90 in chips) 
Seat 4: YourMumSaysHi ($35.81 in chips) 
Seat 5: Oscar__62176 ($23.80 in chips) 
Seat 6: aliancadoceu ($4.70 in chips) 
SKAlmaty_86: posts small blind $0.05
rachelffs: posts big blind $0.10
*** HOLE CARDS ***
Dealt to Mahu2021 [Ah As]
YourMumSaysHi: folds 
Oscar__62176: folds 
aliancadoceu: folds 
Mahu2021: raises $0.20 to $0.30
SKAlmaty_86: folds 
rachelffs: folds 
Uncalled bet ($0.20) returned to Mahu2021
Mahu2021 collected $0.25 from pot
Mahu2021: doesn't show hand 
*** SUMMARY ***
Total pot $0.25 | Rake $0 
Seat 1: Mahu2021 (button) collected ($0.25)
Seat 2: SKAlmaty_86 (small blind) folded before Flop
Seat 3: rachelffs (big blind) folded before Flop
Seat 4: YourMumSaysHi folded before Flop (didn't bet)
Seat 5: Oscar__62176 folded before Flop (didn't bet)
Seat 6: aliancadoceu folded before Flop (didn't bet)



PokerStars Zoom Hand #254563171455:  Hold'em No Limit ($0.05/$0.10) - 2025/01/26 17:22:20 CET [2025/01/26 11:22:20 ET]
Table 'Aludra' 6-max Seat #1 is the button
Seat 1: SIwon1 ($12.81 in chips) 
Seat 2: Peter 091964 ($8.70 in chips) 
Seat 3: COVEIROANCAP ($10 in chips) 
Seat 4: assuncaogu ($10.30 in chips) 
Seat 5: Mahu2021 ($8.38 in chips) 
Seat 6: Salomandar ($8.61 in chips) 
Peter 091964: posts small blind $0.05
COVEIROANCAP: posts big blind $0.10
*** HOLE CARDS ***
Dealt to Mahu2021 [Kh Kd]
assuncaogu: folds 
Mahu2021: raises $0.20 to $0.30
Salomandar: folds 
SIwon1: folds 
Peter 091964: folds 
COVEIROANCAP: folds 
Uncalled bet ($0.20) returned to Mahu2021
Mahu2021 collected $0.25 from pot
Mahu2021: doesn't show hand 
*** SUMMARY ***
Total pot $0.25 | Rake $0 
Seat 1: SIwon1 (button) folded before Flop (didn't bet)
Seat 2: Peter 091964 (small blind) folded before Flop
Seat 3: COVEIROANCAP (big blind) folded before Flop
Seat 4: assuncaogu folded before Flop (didn't bet)
Seat 5: Mahu2021 collected ($0.25)
Seat 6: Salomandar folded before Flop (didn't bet)



PokerStars Zoom Hand #254563174566:  Hold'em No Limit ($0.05/$0.10) - 2025/01/26 17:22:31 CET [2025/01/26 11:22:31 ET]
Table 'Aludra' 6-max Seat #1 is the button
Seat 1: Jamie_McPartlin ($10.08 in chips) 
Seat 2: COVEIROANCAP ($10.15 in chips) 
Seat 3: Mahu2021 ($8.53 in chips) 
Seat 4: Sao77 ($11.19 in chips) 
Seat 5: ksjhs4207 ($9.12 in chips) 
Seat 6: cucubau96 ($26.66 in chips) 
COVEIROANCAP: posts small blind $0.05
Mahu2021: posts big blind $0.10
*** HOLE CARDS ***
Dealt to Mahu2021 [Qc Ts]
Sao77: folds 
ksjhs4207: folds 
cucubau96: folds 
Jamie_McPartlin: raises $0.15 to $0.25
COVEIROANCAP: folds 
Mahu2021: calls $0.15
*** FLOP *** [Ad 4c 3h]
Mahu2021: checks 
Jamie_McPartlin: checks 
*** TURN *** [Ad 4c 3h] [2d]
Mahu2021: checks 
Jamie_McPartlin: checks 
*** RIVER *** [Ad 4c 3h 2d] [Ac]
Mahu2021: checks 
Jamie_McPartlin: bets $0.53
Mahu2021: folds 
Uncalled bet ($0.53) returned to Jamie_McPartlin
Jamie_McPartlin collected $0.53 from pot
Jamie_McPartlin: doesn't show hand 
*** SUMMARY ***
Total pot $0.55 | Rake $0.02 
Board [Ad 4c 3h 2d Ac]
Seat 1: Jamie_McPartlin (button) collected ($0.53)
Seat 2: COVEIROANCAP (small blind) folded before Flop
Seat 3: Mahu2021 (big blind) folded on the River
Seat 4: Sao77 folded before Flop (didn't bet)
Seat 5: ksjhs4207 folded before Flop (didn't bet)
Seat 6: cucubau96 folded before Flop (didn't bet)



PokerStars Zoom Hand #254563182816:  Hold'em No Limit ($0.05/$0.10) - 2025/01/26 17:23:00 CET [2025/01/26 11:23:00 ET]
Table 'Aludra' 6-max Seat #1 is the button
Seat 1: 2.147b ($30.44 in chips) 
Seat 2: apicius2 ($9.90 in chips) 
Seat 3: XtreMe)Xion ($10.15 in chips) 
Seat 4: d.schurmann ($8.43 in chips) 
Seat 5: SIwon1 ($12.81 in chips) 
Seat 6: Mahu2021 ($8.28 in chips) 
apicius2: posts small blind $0.05
XtreMe)Xion: posts big blind $0.10
*** HOLE CARDS ***
Dealt to Mahu2021 [Qh 4c]
d.schurmann: raises $0.15 to $0.25
SIwon1: folds 
Mahu2021: folds 
2.147b: folds 
apicius2: folds 
XtreMe)Xion: folds 
Uncalled bet ($0.15) returned to d.schurmann
d.schurmann collected $0.25 from pot
d.schurmann: doesn't show hand 
*** SUMMARY ***
Total pot $0.25 | Rake $0 
Seat 1: 2.147b (button) folded before Flop (didn't bet)
Seat 2: apicius2 (small blind) folded before Flop
Seat 3: XtreMe)Xion (big blind) folded before Flop
Seat 4: d.schurmann collected ($0.25)
Seat 5: SIwon1 folded before Flop (didn't bet)
Seat 6: Mahu2021 folded before Flop (didn't bet)



PokerStars Zoom Hand #254563186274:  Hold'em No Limit ($0.05/$0.10) - 2025/01/26 17:23:12 CET [2025/01/26 11:23:12 ET]
Table 'Aludra' 6-max Seat #1 is the button
Seat 1: Schorle884 ($10 in chips) 
Seat 2: SIwon1 ($12.81 in chips) 
Seat 3: d.schurmann ($8.58 in chips) 
Seat 4: Mahu2021 ($8.23 in chips) 
Seat 5: HustleMaldo ($4.95 in chips) 
Seat 6: pro888888 ($11.98 in chips) 
SIwon1: posts small blind $0.05
d.schurmann: posts big blind $0.10
*** HOLE CARDS ***
Dealt to Mahu2021 [5s 6d]
Mahu2021: folds 
HustleMaldo: folds 
pro888888: folds 
Schorle884: raises $0.10 to $0.20
SIwon1: folds 
d.schurmann: folds 
Uncalled bet ($0.10) returned to Schorle884
Schorle884 collected $0.25 from pot
Schorle884: doesn't show hand 
*** SUMMARY ***
Total pot $0.25 | Rake $0 
Seat 1: Schorle884 (button) collected ($0.25)
Seat 2: SIwon1 (small blind) folded before Flop
Seat 3: d.schurmann (big blind) folded before Flop
Seat 4: Mahu2021 folded before Flop (didn't bet)
Seat 5: HustleMaldo folded before Flop (didn't bet)
Seat 6: pro888888 folded before Flop (didn't bet)



PokerStars Zoom Hand #254563187398:  Hold'em No Limit ($0.05/$0.10) - 2025/01/26 17:23:16 CET [2025/01/26 11:23:16 ET]
Table 'Aludra' 6-max Seat #1 is the button
Seat 1: WGaliaW ($31.28 in chips) 
Seat 2: agusdecarca ($31.88 in chips) 
Seat 3: Mahu2021 ($8.23 in chips) 
Seat 4: COVEIROANCAP ($15.71 in chips) 
Seat 5: Ironhelt ($22.42 in chips) 
Seat 6: Metam4n85 ($19.14 in chips) 
agusdecarca: posts small blind $0.05
Mahu2021: posts big blind $0.10
*** HOLE CARDS ***
Dealt to Mahu2021 [Ad Qs]
COVEIROANCAP: folds 
Ironhelt: folds 
Metam4n85: folds 
WGaliaW: folds 
agusdecarca: folds 
Uncalled bet ($0.05) returned to Mahu2021
Mahu2021 collected $0.10 from pot
Mahu2021: doesn't show hand 
*** SUMMARY ***
Total pot $0.10 | Rake $0 
Seat 1: WGaliaW (button) folded before Flop (didn't bet)
Seat 2: agusdecarca (small blind) folded before Flop
Seat 3: Mahu2021 (big blind) collected ($0.10)
Seat 4: COVEIROANCAP folded before Flop (didn't bet)
Seat 5: Ironhelt folded before Flop (didn't bet)
Seat 6: Metam4n85 folded before Flop (didn't bet)



PokerStars Zoom Hand #254563183973:  Hold'em No Limit ($0.05/$0.10) - 2025/01/26 17:23:04 CET [2025/01/26 11:23:04 ET]
Table 'Aludra' 6-max Seat #1 is the button
Seat 1: rachelffs ($12.80 in chips) 
Seat 2: Mahu2021 ($8.28 in chips) 
Seat 3: ruffhund1 ($19.03 in chips) 
Seat 4: BlueLway ($10.92 in chips) 
Seat 5: Jamie_Manns ($10.48 in chips) 
Seat 6: 2.147b ($30.44 in chips) 
Mahu2021: posts small blind $0.05
ruffhund1: posts big blind $0.10
*** HOLE CARDS ***
Dealt to Mahu2021 [6c 2c]
BlueLway: raises $0.15 to $0.25
Jamie_Manns: folds 
2.147b: folds 
rachelffs: raises $0.50 to $0.75
Mahu2021: folds 
ruffhund1: folds 
BlueLway: calls $0.50
*** FLOP *** [5d Kd 9d]
BlueLway: checks 
rachelffs: bets $0.40
BlueLway: folds 
Uncalled bet ($0.40) returned to rachelffs
rachelffs collected $1.58 from pot
rachelffs: doesn't show hand 
*** SUMMARY ***
Total pot $1.65 | Rake $0.07 
Board [5d Kd 9d]
Seat 1: rachelffs (button) collected ($1.58)
Seat 2: Mahu2021 (small blind) folded before Flop
Seat 3: ruffhund1 (big blind) folded before Flop
Seat 4: BlueLway folded on the Flop
Seat 5: Jamie_Manns folded before Flop (didn't bet)
Seat 6: 2.147b folded before Flop (didn't bet)



PokerStars Zoom Hand #254563184826:  Hold'em No Limit ($0.05/$0.10) - 2025/01/26 17:23:07 CET [2025/01/26 11:23:07 ET]
Table 'Aludra' 6-max Seat #1 is the button
Seat 1: YourMumSaysHi ($35.46 in chips) 
Seat 2: klevinjer ($11.01 in chips) 
Seat 3: TheLonelyGuy ($10 in chips) 
Seat 4: Salomandar ($8.88 in chips) 
Seat 5: Mahu2021 ($8.23 in chips) 
Seat 6: R.S.Scherer ($16.60 in chips) 
klevinjer: posts small blind $0.05
TheLonelyGuy: posts big blind $0.10
*** HOLE CARDS ***
Dealt to Mahu2021 [8d Jd]
Salomandar: folds 
Mahu2021: folds 
R.S.Scherer: raises $0.15 to $0.25
YourMumSaysHi: folds 
klevinjer: calls $0.20
TheLonelyGuy: folds 
*** FLOP *** [Jh 3h Kd]
klevinjer: checks 
R.S.Scherer: bets $0.14
klevinjer: calls $0.14
*** TURN *** [Jh 3h Kd] [Th]
klevinjer: checks 
R.S.Scherer: bets $0.63
klevinjer: calls $0.63
*** RIVER *** [Jh 3h Kd Th] [Ah]
klevinjer: checks 
R.S.Scherer: checks 
*** SHOW DOWN ***
klevinjer: shows [9h 7h] (a flush, Ace high)
R.S.Scherer: mucks hand 
klevinjer collected $2.04 from pot
*** SUMMARY ***
Total pot $2.14 | Rake $0.10 
Board [Jh 3h Kd Th Ah]
Seat 1: YourMumSaysHi (button) folded before Flop (didn't bet)
Seat 2: klevinjer (small blind) showed [9h 7h] and won ($2.04) with a flush, Ace high
Seat 3: TheLonelyGuy (big blind) folded before Flop
Seat 4: Salomandar folded before Flop (didn't bet)
Seat 5: Mahu2021 folded before Flop (didn't bet)
Seat 6: R.S.Scherer mucked [Ac 2c]



PokerStars Zoom Hand #254563192897:  Hold'em No Limit ($0.05/$0.10) - 2025/01/26 17:23:35 CET [2025/01/26 11:23:35 ET]
Table 'Aludra' 6-max Seat #1 is the button
Seat 1: D.Rossetti ($8.50 in chips) 
Seat 2: Mahu2021 ($8.28 in chips) 
Seat 3: rachelffs ($10 in chips) 
Seat 4: osfp7john ($12.15 in chips) 
Seat 5: SKAlmaty_86 ($9.20 in chips) 
Seat 6: WGaliaW ($10.46 in chips) 
Mahu2021: posts small blind $0.05
rachelffs: posts big blind $0.10
*** HOLE CARDS ***
Dealt to Mahu2021 [5c Qs]
osfp7john: folds 
SKAlmaty_86: folds 
WGaliaW: folds 
D.Rossetti: raises $0.15 to $0.25
Mahu2021: folds 
rachelffs: folds 
Uncalled bet ($0.15) returned to D.Rossetti
D.Rossetti collected $0.25 from pot
D.Rossetti: doesn't show hand 
*** SUMMARY ***
Total pot $0.25 | Rake $0 
Seat 1: D.Rossetti (button) collected ($0.25)
Seat 2: Mahu2021 (small blind) folded before Flop
Seat 3: rachelffs (big blind) folded before Flop
Seat 4: osfp7john folded before Flop (didn't bet)
Seat 5: SKAlmaty_86 folded before Flop (didn't bet)
Seat 6: WGaliaW folded before Flop (didn't bet)



PokerStars Zoom Hand #254563191122:  Hold'em No Limit ($0.05/$0.10) - 2025/01/26 17:23:29 CET [2025/01/26 11:23:29 ET]
Table 'Aludra' 6-max Seat #1 is the button
Seat 1: Mahu2021 ($8.28 in chips) 
Seat 2: Diosadn ($11.09 in chips) 
Seat 3: ChemBurt ($9.95 in chips) 
Seat 4: Jaber55 ($5.48 in chips) 
Seat 5: Salomandar ($10.24 in chips) 
Seat 6: agusdecarca ($31.83 in chips) 
Diosadn: posts small blind $0.05
ChemBurt: posts big blind $0.10
*** HOLE CARDS ***
Dealt to Mahu2021 [Kc 8d]
Jaber55: calls $0.10
Salomandar: folds 
agusdecarca: raises $0.30 to $0.40
Mahu2021: folds 
Diosadn: folds 
ChemBurt: calls $0.30
Jaber55: calls $0.30
*** FLOP *** [7d 6s 5s]
ChemBurt: checks 
Jaber55: checks 
agusdecarca: checks 
*** TURN *** [7d 6s 5s] [7c]
ChemBurt: bets $0.80
Jaber55: folds 
agusdecarca: folds 
Uncalled bet ($0.80) returned to ChemBurt
ChemBurt collected $1.19 from pot
ChemBurt: doesn't show hand 
*** SUMMARY ***
Total pot $1.25 | Rake $0.06 
Board [7d 6s 5s 7c]
Seat 1: Mahu2021 (button) folded before Flop (didn't bet)
Seat 2: Diosadn (small blind) folded before Flop
Seat 3: ChemBurt (big blind) collected ($1.19)
Seat 4: Jaber55 folded on the Turn
Seat 5: Salomandar folded before Flop (didn't bet)
Seat 6: agusdecarca folded on the Turn



PokerStars Zoom Hand #254563194014:  Hold'em No Limit ($0.05/$0.10) - 2025/01/26 17:23:39 CET [2025/01/26 11:23:39 ET]
Table 'Aludra' 6-max Seat #1 is the button
Seat 1: assuncaogu ($14.63 in chips) 
Seat 2: COVEIROANCAP ($10.93 in chips) 
Seat 3: SIwon1 ($18.02 in chips) 
Seat 4: Oscar__62176 ($121.43 in chips) 
Seat 5: ksjhs4207 ($10.29 in chips) 
Seat 6: Mahu2021 ($8.23 in chips) 
COVEIROANCAP: posts small blind $0.05
SIwon1: posts big blind $0.10
*** HOLE CARDS ***
Dealt to Mahu2021 [Qd Jd]
Oscar__62176: folds 
ksjhs4207: folds 
Mahu2021: raises $0.14 to $0.24
assuncaogu: folds 
COVEIROANCAP: folds 
SIwon1: calls $0.14
*** FLOP *** [5s 8s 5c]
SIwon1: checks 
Mahu2021: checks 
*** TURN *** [5s 8s 5c] [Kh]
SIwon1: checks 
Mahu2021: checks 
*** RIVER *** [5s 8s 5c Kh] [3h]
SIwon1: checks 
Mahu2021: bets $0.51
SIwon1: folds 
Uncalled bet ($0.51) returned to Mahu2021
Mahu2021 collected $0.51 from pot
Mahu2021: doesn't show hand 
*** SUMMARY ***
Total pot $0.53 | Rake $0.02 
Board [5s 8s 5c Kh 3h]
Seat 1: assuncaogu (button) folded before Flop (didn't bet)
Seat 2: COVEIROANCAP (small blind) folded before Flop
Seat 3: SIwon1 (big blind) folded on the River
Seat 4: Oscar__62176 folded before Flop (didn't bet)
Seat 5: ksjhs4207 folded before Flop (didn't bet)
Seat 6: Mahu2021 collected ($0.51)



PokerStars Zoom Hand #254563205189:  Hold'em No Limit ($0.05/$0.10) - 2025/01/26 17:24:19 CET [2025/01/26 11:24:19 ET]
Table 'Aludra' 6-max Seat #1 is the button
Seat 1: WGaliaW ($10 in chips) 
Seat 2: klevinjer ($12.89 in chips) 
Seat 3: Ironhelt ($28.79 in chips) 
Seat 4: SIwon1 ($13.56 in chips) 
Seat 5: Mahu2021 ($8.50 in chips) 
Seat 6: agusdecarca ($31.33 in chips) 
klevinjer: posts small blind $0.05
Ironhelt: posts big blind $0.10
*** HOLE CARDS ***
Dealt to Mahu2021 [2h 9d]
SIwon1: folds 
Mahu2021: folds 
agusdecarca: folds 
WGaliaW: folds 
klevinjer: folds 
Uncalled bet ($0.05) returned to Ironhelt
Ironhelt collected $0.10 from pot
Ironhelt: doesn't show hand 
*** SUMMARY ***
Total pot $0.10 | Rake $0 
Seat 1: WGaliaW (button) folded before Flop (didn't bet)
Seat 2: klevinjer (small blind) folded before Flop
Seat 3: Ironhelt (big blind) collected ($0.10)
Seat 4: SIwon1 folded before Flop (didn't bet)
Seat 5: Mahu2021 folded before Flop (didn't bet)
Seat 6: agusdecarca folded before Flop (didn't bet)



PokerStars Zoom Hand #254563207087:  Hold'em No Limit ($0.05/$0.10) - 2025/01/26 17:24:26 CET [2025/01/26 11:24:26 ET]
Table 'Aludra' 6-max Seat #1 is the button
Seat 1: RealN4p ($12.28 in chips) 
Seat 2: Mahu2021 ($8.50 in chips) 
Seat 3: vovo4ka318 ($13.11 in chips) 
Seat 4: Don Patato's ($10 in chips) 
Seat 5: BlueLway ($10.35 in chips) 
Seat 6: XtreMe)Xion ($19.56 in chips) 
Mahu2021: posts small blind $0.05
vovo4ka318: posts big blind $0.10
*** HOLE CARDS ***
Dealt to Mahu2021 [Qh 8s]
Don Patato's: raises $0.16 to $0.26
BlueLway: folds 
XtreMe)Xion: folds 
RealN4p: folds 
Mahu2021: folds 
vovo4ka318: folds 
Uncalled bet ($0.16) returned to Don Patato's
Don Patato's collected $0.25 from pot
Don Patato's: doesn't show hand 
*** SUMMARY ***
Total pot $0.25 | Rake $0 
Seat 1: RealN4p (button) folded before Flop (didn't bet)
Seat 2: Mahu2021 (small blind) folded before Flop
Seat 3: vovo4ka318 (big blind) folded before Flop
Seat 4: Don Patato's collected ($0.25)
Seat 5: BlueLway folded before Flop (didn't bet)
Seat 6: XtreMe)Xion folded before Flop (didn't bet)



PokerStars Zoom Hand #254563206113:  Hold'em No Limit ($0.05/$0.10) - 2025/01/26 17:24:23 CET [2025/01/26 11:24:23 ET]
Table 'Aludra' 6-max Seat #1 is the button
Seat 1: Mahu2021 ($8.50 in chips) 
Seat 2: agusdecarca ($31.33 in chips) 
Seat 3: BMWR651982 ($8 in chips) 
Seat 4: sv5555555 ($6.79 in chips) 
Seat 5: Don Patato's ($10 in chips) 
Seat 6: AndresAbus88 ($6.40 in chips) 
agusdecarca: posts small blind $0.05
BMWR651982: posts big blind $0.10
*** HOLE CARDS ***
Dealt to Mahu2021 [3s 4d]
sv5555555: folds 
Don Patato's: folds 
AndresAbus88: calls $0.10
Mahu2021: folds 
agusdecarca: folds 
BMWR651982: checks 
*** FLOP *** [Ks Kc Jc]
BMWR651982: checks 
AndresAbus88: checks 
*** TURN *** [Ks Kc Jc] [Kd]
BMWR651982: checks 
AndresAbus88: checks 
*** RIVER *** [Ks Kc Jc Kd] [Qd]
BMWR651982: checks 
AndresAbus88: checks 
*** SHOW DOWN ***
BMWR651982: shows [2d 8s] (three of a kind, Kings)
AndresAbus88: shows [8d Th] (three of a kind, Kings)
BMWR651982 collected $0.12 from pot
AndresAbus88 collected $0.12 from pot
*** SUMMARY ***
Total pot $0.25 | Rake $0.01 
Board [Ks Kc Jc Kd Qd]
Seat 1: Mahu2021 (button) folded before Flop (didn't bet)
Seat 2: agusdecarca (small blind) folded before Flop
Seat 3: BMWR651982 (big blind) showed [2d 8s] and won ($0.12) with three of a kind, Kings
Seat 4: sv5555555 folded before Flop (didn't bet)
Seat 5: Don Patato's folded before Flop (didn't bet)
Seat 6: AndresAbus88 showed [8d Th] and won ($0.12) with three of a kind, Kings



PokerStars Zoom Hand #254563208341:  Hold'em No Limit ($0.05/$0.10) - 2025/01/26 17:24:31 CET [2025/01/26 11:24:31 ET]
Table 'Aludra' 6-max Seat #1 is the button
Seat 1: lichistoria ($12.71 in chips) 
Seat 2: apicius2 ($11.06 in chips) 
Seat 3: CM1836 ($10 in chips) 
Seat 4: S.Bastow ($13.65 in chips) 
Seat 5: IVERNMAN ($11.23 in chips) 
Seat 6: Mahu2021 ($8.45 in chips) 
apicius2: posts small blind $0.05
CM1836: posts big blind $0.10
*** HOLE CARDS ***
Dealt to Mahu2021 [6s Kh]
S.Bastow has timed out
S.Bastow: folds 
IVERNMAN: folds 
Mahu2021: folds 
lichistoria: raises $0.15 to $0.25
apicius2: folds 
CM1836: folds 
Uncalled bet ($0.15) returned to lichistoria
lichistoria collected $0.25 from pot
lichistoria: doesn't show hand 
*** SUMMARY ***
Total pot $0.25 | Rake $0 
Seat 1: lichistoria (button) collected ($0.25)
Seat 2: apicius2 (small blind) folded before Flop
Seat 3: CM1836 (big blind) folded before Flop
Seat 4: S.Bastow folded before Flop (didn't bet)
Seat 5: IVERNMAN folded before Flop (didn't bet)
Seat 6: Mahu2021 folded before Flop (didn't bet)



PokerStars Zoom Hand #254563209180:  Hold'em No Limit ($0.05/$0.10) - 2025/01/26 17:24:34 CET [2025/01/26 11:24:34 ET]
Table 'Aludra' 6-max Seat #1 is the button
Seat 1: ksjhs4207 ($12.18 in chips) 
Seat 2: eAh_BlackDevil ($14.29 in chips) 
Seat 3: Mahu2021 ($8.45 in chips) 
Seat 4: cucubau96 ($22.47 in chips) 
Seat 5: Jamie_Manns ($10 in chips) 
Seat 6: HustleMaldo ($5.13 in chips) 
eAh_BlackDevil: posts small blind $0.05
Mahu2021: posts big blind $0.10
*** HOLE CARDS ***
Dealt to Mahu2021 [8c 7c]
cucubau96: folds 
Jamie_Manns: raises $0.20 to $0.30
HustleMaldo: folds 
ksjhs4207: folds 
eAh_BlackDevil: folds 
Mahu2021: calls $0.20
*** FLOP *** [6h 4d 4s]
Mahu2021: checks 
Jamie_Manns: bets $0.31
Mahu2021: calls $0.31
*** TURN *** [6h 4d 4s] [Ad]
Mahu2021: checks 
Jamie_Manns: bets $0.61
Mahu2021: folds 
Uncalled bet ($0.61) returned to Jamie_Manns
Jamie_Manns collected $1.21 from pot
Jamie_Manns: doesn't show hand 
*** SUMMARY ***
Total pot $1.27 | Rake $0.06 
Board [6h 4d 4s Ad]
Seat 1: ksjhs4207 (button) folded before Flop (didn't bet)
Seat 2: eAh_BlackDevil (small blind) folded before Flop
Seat 3: Mahu2021 (big blind) folded on the Turn
Seat 4: cucubau96 folded before Flop (didn't bet)
Seat 5: Jamie_Manns collected ($1.21)
Seat 6: HustleMaldo folded before Flop (didn't bet)



PokerStars Zoom Hand #254563214139:  Hold'em No Limit ($0.05/$0.10) - 2025/01/26 17:24:51 CET [2025/01/26 11:24:51 ET]
Table 'Aludra' 6-max Seat #1 is the button
Seat 1: WGaliaW ($31.28 in chips) 
Seat 2: CM1836 ($9.90 in chips) 
Seat 3: eAh_BlackDevil ($41.76 in chips) 
Seat 4: Mahu2021 ($7.84 in chips) 
Seat 5: TheBigBad669 ($13.49 in chips) 
Seat 6: avirex1702 ($2.08 in chips) 
CM1836: posts small blind $0.05
eAh_BlackDevil: posts big blind $0.10
*** HOLE CARDS ***
Dealt to Mahu2021 [Ad 9s]
Mahu2021: raises $0.14 to $0.24
TheBigBad669: folds 
avirex1702: folds 
WGaliaW: folds 
CM1836: folds 
eAh_BlackDevil: calls $0.14
*** FLOP *** [7h 4c 7c]
eAh_BlackDevil: checks 
Mahu2021: checks 
*** TURN *** [7h 4c 7c] [2d]
eAh_BlackDevil: checks 
Mahu2021: bets $0.51
eAh_BlackDevil: raises $0.77 to $1.28
Mahu2021: raises $0.77 to $2.05
eAh_BlackDevil: calls $0.77
*** RIVER *** [7h 4c 7c 2d] [Kh]
eAh_BlackDevil: checks 
Mahu2021: bets $5.55 and is all-in
eAh_BlackDevil: calls $5.55
*** SHOW DOWN ***
Mahu2021: shows [Ad 9s] (a pair of Sevens)
eAh_BlackDevil: shows [9d 9c] (two pair, Nines and Sevens)
eAh_BlackDevil collected $15.02 from pot
*** SUMMARY ***
Total pot $15.73 | Rake $0.71 
Board [7h 4c 7c 2d Kh]
Seat 1: WGaliaW (button) folded before Flop (didn't bet)
Seat 2: CM1836 (small blind) folded before Flop
Seat 3: eAh_BlackDevil (big blind) showed [9d 9c] and won ($15.02) with two pair, Nines and Sevens
Seat 4: Mahu2021 showed [Ad 9s] and lost with a pair of Sevens
Seat 5: TheBigBad669 folded before Flop (didn't bet)
Seat 6: avirex1702 folded before Flop (didn't bet)



