PokerStars Zoom Hand #254607860939:  Hold'em No Limit ($0.05/$0.10) - 2025/01/29 17:21:01 CET [2025/01/29 11:21:01 ET]
Table 'Aludra' 6-max Seat #1 is the button
Seat 1: cip1001t ($17.35 in chips) 
Seat 2: BKong245 ($18.05 in chips) 
Seat 3: Mahu2021 ($10 in chips) 
Seat 4: IvishoW ($10.37 in chips) 
Seat 5: Rhymer82 ($10.61 in chips) 
Seat 6: JB00888 ($4.78 in chips) 
BKong245: posts small blind $0.05
Mahu2021: posts big blind $0.10
*** HOLE CARDS ***
Dealt to Mahu2021 [9h Kh]
IvishoW: folds 
Rhymer82: folds 
JB00888: folds 
cip1001t: folds 
BKong245: folds 
Uncalled bet ($0.05) returned to Mahu2021
Mahu2021 collected $0.10 from pot
Mahu2021: doesn't show hand 
*** SUMMARY ***
Total pot $0.10 | Rake $0 
Seat 1: cip1001t (button) folded before Flop (didn't bet)
Seat 2: BKong245 (small blind) folded before Flop
Seat 3: Mahu2021 (big blind) collected ($0.10)
Seat 4: IvishoW folded before Flop (didn't bet)
Seat 5: Rhymer82 folded before Flop (didn't bet)
Seat 6: JB00888 folded before Flop (didn't bet)



PokerStars Zoom Hand #254607862937:  Hold'em No Limit ($0.05/$0.10) - 2025/01/29 17:21:10 CET [2025/01/29 11:21:10 ET]
Table 'Aludra' 6-max Seat #1 is the button
Seat 1: sestovschi ($4.92 in chips) 
Seat 2: Mahu2021 ($10.05 in chips) 
Seat 3: Mallardz ($16.28 in chips) 
Seat 4: 01kraken01 ($8.61 in chips) 
Seat 5: systraxsix ($13.89 in chips) 
Seat 6: zozorrr ($17.19 in chips) 
Mahu2021: posts small blind $0.05
Mallardz: posts big blind $0.10
*** HOLE CARDS ***
Dealt to Mahu2021 [4s 6c]
01kraken01: folds 
systraxsix: folds 
zozorrr: folds 
sestovschi: folds 
Mahu2021: folds 
Uncalled bet ($0.05) returned to Mallardz
Mallardz collected $0.10 from pot
Mallardz: doesn't show hand 
*** SUMMARY ***
Total pot $0.10 | Rake $0 
Seat 1: sestovschi (button) folded before Flop (didn't bet)
Seat 2: Mahu2021 (small blind) folded before Flop
Seat 3: Mallardz (big blind) collected ($0.10)
Seat 4: 01kraken01 folded before Flop (didn't bet)
Seat 5: systraxsix folded before Flop (didn't bet)
Seat 6: zozorrr folded before Flop (didn't bet)



PokerStars Zoom Hand #254607864439:  Hold'em No Limit ($0.05/$0.10) - 2025/01/29 17:21:17 CET [2025/01/29 11:21:17 ET]
Table 'Aludra' 6-max Seat #1 is the button
Seat 1: nordrel ($10.07 in chips) 
Seat 2: S_M_L_i_l_u ($12.24 in chips) 
Seat 3: Profbetting ($24.99 in chips) 
Seat 4: franz Z750 ($13.11 in chips) 
Seat 5: rickroro ($12.57 in chips) 
Seat 6: Mahu2021 ($10 in chips) 
S_M_L_i_l_u: posts small blind $0.05
Profbetting: posts big blind $0.10
*** HOLE CARDS ***
Dealt to Mahu2021 [9c Ac]
franz Z750: folds 
rickroro: folds 
Mahu2021: raises $0.14 to $0.24
nordrel: folds 
S_M_L_i_l_u: raises $0.76 to $1
Profbetting: folds 
Mahu2021: folds 
Uncalled bet ($0.76) returned to S_M_L_i_l_u
S_M_L_i_l_u collected $0.58 from pot
S_M_L_i_l_u: doesn't show hand 
*** SUMMARY ***
Total pot $0.58 | Rake $0 
Seat 1: nordrel (button) folded before Flop (didn't bet)
Seat 2: S_M_L_i_l_u (small blind) collected ($0.58)
Seat 3: Profbetting (big blind) folded before Flop
Seat 4: franz Z750 folded before Flop (didn't bet)
Seat 5: rickroro folded before Flop (didn't bet)
Seat 6: Mahu2021 folded before Flop



PokerStars Zoom Hand #254607870177:  Hold'em No Limit ($0.05/$0.10) - 2025/01/29 17:21:42 CET [2025/01/29 11:21:42 ET]
Table 'Aludra' 6-max Seat #1 is the button
Seat 1: Mahu2021 ($9.76 in chips) 
Seat 2: cip1001t ($17.68 in chips) 
Seat 3: Jinzoo1 ($2.56 in chips) 
Seat 4: Elvisc8_96 ($11.72 in chips) 
Seat 5: ellson30 ($13.34 in chips) 
Seat 6: miu_0716 ($10 in chips) 
cip1001t: posts small blind $0.05
Jinzoo1: posts big blind $0.10
*** HOLE CARDS ***
Dealt to Mahu2021 [Th 9h]
Elvisc8_96: folds 
ellson30: folds 
miu_0716: folds 
Mahu2021: raises $0.14 to $0.24
cip1001t: raises $0.81 to $1.05
Jinzoo1: folds 
Mahu2021: folds 
Uncalled bet ($0.81) returned to cip1001t
cip1001t collected $0.58 from pot
cip1001t: doesn't show hand 
*** SUMMARY ***
Total pot $0.58 | Rake $0 
Seat 1: Mahu2021 (button) folded before Flop
Seat 2: cip1001t (small blind) collected ($0.58)
Seat 3: Jinzoo1 (big blind) folded before Flop
Seat 4: Elvisc8_96 folded before Flop (didn't bet)
Seat 5: ellson30 folded before Flop (didn't bet)
Seat 6: miu_0716 folded before Flop (didn't bet)



PokerStars Zoom Hand #254607875106:  Hold'em No Limit ($0.05/$0.10) - 2025/01/29 17:22:04 CET [2025/01/29 11:22:04 ET]
Table 'Aludra' 6-max Seat #1 is the button
Seat 1: Howly13 ($7.43 in chips) 
Seat 2: Chuchi1987 ($12.98 in chips) 
Seat 3: Mahu2021 ($9.52 in chips) 
Seat 4: TKITAKA ($12.58 in chips) 
Seat 5: Jinzoo1 ($2.46 in chips) 
Seat 6: Pessoa2 ($6.67 in chips) 
Chuchi1987: posts small blind $0.05
Mahu2021: posts big blind $0.10
*** HOLE CARDS ***
Dealt to Mahu2021 [Qc 8h]
TKITAKA: raises $0.15 to $0.25
Jinzoo1: folds 
Pessoa2: folds 
Howly13: folds 
Chuchi1987: folds 
Mahu2021: folds 
Uncalled bet ($0.15) returned to TKITAKA
TKITAKA collected $0.25 from pot
TKITAKA: doesn't show hand 
*** SUMMARY ***
Total pot $0.25 | Rake $0 
Seat 1: Howly13 (button) folded before Flop (didn't bet)
Seat 2: Chuchi1987 (small blind) folded before Flop
Seat 3: Mahu2021 (big blind) folded before Flop
Seat 4: TKITAKA collected ($0.25)
Seat 5: Jinzoo1 folded before Flop (didn't bet)
Seat 6: Pessoa2 folded before Flop (didn't bet)



PokerStars Zoom Hand #254607874211:  Hold'em No Limit ($0.05/$0.10) - 2025/01/29 17:22:00 CET [2025/01/29 11:22:00 ET]
Table 'Aludra' 6-max Seat #1 is the button
Seat 1: schmitinho ($14.25 in chips) 
Seat 2: Howly13 ($7.48 in chips) 
Seat 3: ANDY CAROL ($10 in chips) 
Seat 4: ParadiseA420 ($5.66 in chips) 
Seat 5: Mahu2021 ($9.52 in chips) 
Seat 6: Whiskyke ($10.01 in chips) 
Howly13: posts small blind $0.05
ANDY CAROL: posts big blind $0.10
*** HOLE CARDS ***
Dealt to Mahu2021 [9d 5h]
ParadiseA420: calls $0.10
Mahu2021: folds 
Whiskyke: folds 
schmitinho: folds 
Howly13: folds 
ANDY CAROL: checks 
*** FLOP *** [9c 7c As]
ANDY CAROL: checks 
ParadiseA420: checks 
*** TURN *** [9c 7c As] [8s]
ANDY CAROL: checks 
ParadiseA420: bets $0.10
ANDY CAROL: calls $0.10
*** RIVER *** [9c 7c As 8s] [4s]
ANDY CAROL: checks 
ParadiseA420: bets $0.10
ANDY CAROL: folds 
Uncalled bet ($0.10) returned to ParadiseA420
ParadiseA420 collected $0.43 from pot
ParadiseA420: doesn't show hand 
*** SUMMARY ***
Total pot $0.45 | Rake $0.02 
Board [9c 7c As 8s 4s]
Seat 1: schmitinho (button) folded before Flop (didn't bet)
Seat 2: Howly13 (small blind) folded before Flop
Seat 3: ANDY CAROL (big blind) folded on the River
Seat 4: ParadiseA420 collected ($0.43)
Seat 5: Mahu2021 folded before Flop (didn't bet)
Seat 6: Whiskyke folded before Flop (didn't bet)



PokerStars Zoom Hand #254607878654:  Hold'em No Limit ($0.05/$0.10) - 2025/01/29 17:22:20 CET [2025/01/29 11:22:20 ET]
Table 'Aludra' 6-max Seat #1 is the button
Seat 1: steveno1983 ($9.69 in chips) 
Seat 2: benmchoul12 ($9.25 in chips) 
Seat 3: Marques893 ($9.04 in chips) 
Seat 4: Whiskyke ($9.91 in chips) 
Seat 5: Mahu2021 ($9.37 in chips) 
Seat 6: miu_0716 ($10.34 in chips) 
benmchoul12: posts small blind $0.05
Marques893: posts big blind $0.10
*** HOLE CARDS ***
Dealt to Mahu2021 [4d Jh]
Whiskyke: folds 
Mahu2021: folds 
miu_0716: folds 
steveno1983: raises $0.20 to $0.30
benmchoul12: folds 
Marques893: folds 
Uncalled bet ($0.20) returned to steveno1983
steveno1983 collected $0.25 from pot
steveno1983: doesn't show hand 
*** SUMMARY ***
Total pot $0.25 | Rake $0 
Seat 1: steveno1983 (button) collected ($0.25)
Seat 2: benmchoul12 (small blind) folded before Flop
Seat 3: Marques893 (big blind) folded before Flop
Seat 4: Whiskyke folded before Flop (didn't bet)
Seat 5: Mahu2021 folded before Flop (didn't bet)
Seat 6: miu_0716 folded before Flop (didn't bet)



PokerStars Zoom Hand #254607879500:  Hold'em No Limit ($0.05/$0.10) - 2025/01/29 17:22:24 CET [2025/01/29 11:22:24 ET]
Table 'Aludra' 6-max Seat #1 is the button
Seat 1: Mahu2021 ($9.37 in chips) 
Seat 2: brodieball ($13.57 in chips) 
Seat 3: 2.147b ($12.03 in chips) 
Seat 4: WasSieDuManEr ($12.04 in chips) 
Seat 5: Pastor28 ($11.96 in chips) 
Seat 6: Titsamach ($14.69 in chips) 
brodieball: posts small blind $0.05
2.147b: posts big blind $0.10
*** HOLE CARDS ***
Dealt to Mahu2021 [4s Kc]
WasSieDuManEr: folds 
Pastor28: folds 
Titsamach: folds 
Mahu2021: folds 
brodieball: folds 
Uncalled bet ($0.05) returned to 2.147b
2.147b collected $0.10 from pot
2.147b: doesn't show hand 
*** SUMMARY ***
Total pot $0.10 | Rake $0 
Seat 1: Mahu2021 (button) folded before Flop (didn't bet)
Seat 2: brodieball (small blind) folded before Flop
Seat 3: 2.147b (big blind) collected ($0.10)
Seat 4: WasSieDuManEr folded before Flop (didn't bet)
Seat 5: Pastor28 folded before Flop (didn't bet)
Seat 6: Titsamach folded before Flop (didn't bet)



PokerStars Zoom Hand #254607876871:  Hold'em No Limit ($0.05/$0.10) - 2025/01/29 17:22:12 CET [2025/01/29 11:22:12 ET]
Table 'Aludra' 6-max Seat #1 is the button
Seat 1: chimera252 ($10.29 in chips) 
Seat 2: Mahu2021 ($9.42 in chips) 
Seat 3: 01kraken01 ($8.83 in chips) 
Seat 4: Axel Logan ($10.45 in chips) 
Seat 5: 00O-2Z ($11.12 in chips) 
Seat 6: Cristi/Arg ($11.16 in chips) 
Mahu2021: posts small blind $0.05
01kraken01: posts big blind $0.10
*** HOLE CARDS ***
Dealt to Mahu2021 [7c 8d]
Axel Logan: folds 
00O-2Z: folds 
Cristi/Arg: raises $0.15 to $0.25
chimera252: folds 
Mahu2021: folds 
01kraken01: calls $0.15
*** FLOP *** [9h 6h 7s]
01kraken01: checks 
Cristi/Arg: bets $0.15
01kraken01: calls $0.15
*** TURN *** [9h 6h 7s] [Qs]
01kraken01: checks 
Cristi/Arg: bets $1.20
01kraken01: folds 
Uncalled bet ($1.20) returned to Cristi/Arg
Cristi/Arg collected $0.81 from pot
Cristi/Arg: doesn't show hand 
*** SUMMARY ***
Total pot $0.85 | Rake $0.04 
Board [9h 6h 7s Qs]
Seat 1: chimera252 (button) folded before Flop (didn't bet)
Seat 2: Mahu2021 (small blind) folded before Flop
Seat 3: 01kraken01 (big blind) folded on the Turn
Seat 4: Axel Logan folded before Flop (didn't bet)
Seat 5: 00O-2Z folded before Flop (didn't bet)
Seat 6: Cristi/Arg collected ($0.81)



PokerStars Zoom Hand #254607880395:  Hold'em No Limit ($0.05/$0.10) - 2025/01/29 17:22:28 CET [2025/01/29 11:22:28 ET]
Table 'Aludra' 6-max Seat #1 is the button
Seat 1: Cristi/Arg ($10 in chips) 
Seat 2: olet779 ($11.48 in chips) 
Seat 3: benmchoul12 ($9.20 in chips) 
Seat 4: 00O-2Z ($11.07 in chips) 
Seat 5: AceWise ($31.82 in chips) 
Seat 6: Mahu2021 ($9.37 in chips) 
olet779: posts small blind $0.05
benmchoul12: posts big blind $0.10
*** HOLE CARDS ***
Dealt to Mahu2021 [Jc Kc]
00O-2Z: folds 
AceWise: folds 
Mahu2021: raises $0.14 to $0.24
Cristi/Arg: raises $0.36 to $0.60
olet779: folds 
benmchoul12: folds 
Mahu2021: calls $0.36
*** FLOP *** [2h Qh 3c]
Mahu2021: checks 
Cristi/Arg: bets $0.68
Mahu2021: folds 
Uncalled bet ($0.68) returned to Cristi/Arg
Cristi/Arg collected $1.29 from pot
Cristi/Arg: doesn't show hand 
*** SUMMARY ***
Total pot $1.35 | Rake $0.06 
Board [2h Qh 3c]
Seat 1: Cristi/Arg (button) collected ($1.29)
Seat 2: olet779 (small blind) folded before Flop
Seat 3: benmchoul12 (big blind) folded before Flop
Seat 4: 00O-2Z folded before Flop (didn't bet)
Seat 5: AceWise folded before Flop (didn't bet)
Seat 6: Mahu2021 folded on the Flop



PokerStars Zoom Hand #254607886688:  Hold'em No Limit ($0.05/$0.10) - 2025/01/29 17:22:56 CET [2025/01/29 11:22:56 ET]
Table 'Aludra' 6-max Seat #1 is the button
Seat 1: JB00888 ($5.75 in chips) 
Seat 2: thanson17 ($5 in chips) 
Seat 3: franz Z750 ($10.78 in chips) 
Seat 4: Mahu2021 ($8.77 in chips) 
Seat 5: Pastor28 ($10.10 in chips) 
Seat 6: 1Sighinau ($16.94 in chips) 
thanson17: posts small blind $0.05
franz Z750: posts big blind $0.10
*** HOLE CARDS ***
Dealt to Mahu2021 [4c 9s]
Mahu2021: folds 
Pastor28: folds 
1Sighinau: folds 
JB00888: raises $0.25 to $0.35
thanson17: folds 
franz Z750: folds 
Uncalled bet ($0.25) returned to JB00888
JB00888 collected $0.25 from pot
JB00888: doesn't show hand 
*** SUMMARY ***
Total pot $0.25 | Rake $0 
Seat 1: JB00888 (button) collected ($0.25)
Seat 2: thanson17 (small blind) folded before Flop
Seat 3: franz Z750 (big blind) folded before Flop
Seat 4: Mahu2021 folded before Flop (didn't bet)
Seat 5: Pastor28 folded before Flop (didn't bet)
Seat 6: 1Sighinau folded before Flop (didn't bet)



PokerStars Zoom Hand #254607888323:  Hold'em No Limit ($0.05/$0.10) - 2025/01/29 17:23:03 CET [2025/01/29 11:23:03 ET]
Table 'Aludra' 6-max Seat #1 is the button
Seat 1: Howly13 ($6.68 in chips) 
Seat 2: Jinzoo1 ($3 in chips) 
Seat 3: Mahu2021 ($8.72 in chips) 
Seat 4: Axel Logan ($10.30 in chips) 
Seat 5: miu_0716 ($10 in chips) 
Seat 6: Pastor28 ($13.53 in chips) 
Jinzoo1: posts small blind $0.05
Mahu2021: posts big blind $0.10
*** HOLE CARDS ***
Dealt to Mahu2021 [Tc Ah]
Axel Logan: folds 
miu_0716: folds 
Pastor28: folds 
Howly13: folds 
Jinzoo1: folds 
Uncalled bet ($0.05) returned to Mahu2021
Mahu2021 collected $0.10 from pot
Mahu2021: doesn't show hand 
*** SUMMARY ***
Total pot $0.10 | Rake $0 
Seat 1: Howly13 (button) folded before Flop (didn't bet)
Seat 2: Jinzoo1 (small blind) folded before Flop
Seat 3: Mahu2021 (big blind) collected ($0.10)
Seat 4: Axel Logan folded before Flop (didn't bet)
Seat 5: miu_0716 folded before Flop (didn't bet)
Seat 6: Pastor28 folded before Flop (didn't bet)



PokerStars Zoom Hand #254607886006:  Hold'em No Limit ($0.05/$0.10) - 2025/01/29 17:22:53 CET [2025/01/29 11:22:53 ET]
Table 'Aludra' 6-max Seat #1 is the button
Seat 1: v4valter88 ($11.70 in chips) 
Seat 2: Gobi000 ($11.80 in chips) 
Seat 3: rickroro ($12.29 in chips) 
Seat 4: Mahu2021 ($8.77 in chips) 
Seat 5: IvishoW ($10.77 in chips) 
Seat 6: benmchoul12 ($9.05 in chips) 
Gobi000: posts small blind $0.05
rickroro: posts big blind $0.10
*** HOLE CARDS ***
Dealt to Mahu2021 [9h 6s]
Mahu2021: folds 
IvishoW: folds 
benmchoul12: folds 
v4valter88: raises $0.13 to $0.23
Gobi000: folds 
rickroro: folds 
Uncalled bet ($0.13) returned to v4valter88
v4valter88 collected $0.25 from pot
v4valter88: doesn't show hand 
*** SUMMARY ***
Total pot $0.25 | Rake $0 
Seat 1: v4valter88 (button) collected ($0.25)
Seat 2: Gobi000 (small blind) folded before Flop
Seat 3: rickroro (big blind) folded before Flop
Seat 4: Mahu2021 folded before Flop (didn't bet)
Seat 5: IvishoW folded before Flop (didn't bet)
Seat 6: benmchoul12 folded before Flop (didn't bet)



PokerStars Zoom Hand #254607889867:  Hold'em No Limit ($0.05/$0.10) - 2025/01/29 17:23:10 CET [2025/01/29 11:23:10 ET]
Table 'Aludra' 6-max Seat #1 is the button
Seat 1: Mahu2021 ($8.77 in chips) 
Seat 2: Cr0w932 ($12.11 in chips) 
Seat 3: olet779 ($11.28 in chips) 
Seat 4: ANDY CAROL ($10 in chips) 
Seat 5: Jinzoo1 ($2.95 in chips) 
Seat 6: beglorified ($10.15 in chips) 
Cr0w932: posts small blind $0.05
olet779: posts big blind $0.10
*** HOLE CARDS ***
Dealt to Mahu2021 [Kc 4d]
ANDY CAROL: folds 
Jinzoo1: folds 
beglorified: folds 
Mahu2021: folds 
Cr0w932: folds 
Uncalled bet ($0.05) returned to olet779
olet779 collected $0.10 from pot
olet779: doesn't show hand 
*** SUMMARY ***
Total pot $0.10 | Rake $0 
Seat 1: Mahu2021 (button) folded before Flop (didn't bet)
Seat 2: Cr0w932 (small blind) folded before Flop
Seat 3: olet779 (big blind) collected ($0.10)
Seat 4: ANDY CAROL folded before Flop (didn't bet)
Seat 5: Jinzoo1 folded before Flop (didn't bet)
Seat 6: beglorified folded before Flop (didn't bet)



PokerStars Zoom Hand #254607887409:  Hold'em No Limit ($0.05/$0.10) - 2025/01/29 17:22:59 CET [2025/01/29 11:22:59 ET]
Table 'Aludra' 6-max Seat #1 is the button
Seat 1: Mallardz ($14.34 in chips) 
Seat 2: Mahu2021 ($8.77 in chips) 
Seat 3: Salomandar ($10 in chips) 
Seat 4: Jamie_McPartlin ($10.57 in chips) 
Seat 5: unravelnick ($28.75 in chips) 
Seat 6: lnegrin ($13.05 in chips) 
Mahu2021: posts small blind $0.05
Salomandar: posts big blind $0.10
*** HOLE CARDS ***
Dealt to Mahu2021 [Ks 2c]
Jamie_McPartlin: folds 
unravelnick: raises $0.20 to $0.30
lnegrin: raises $0.35 to $0.65
Mallardz: folds 
Mahu2021: folds 
Salomandar: folds 
unravelnick: calls $0.35
*** FLOP *** [9c 7c Jd]
unravelnick: checks 
lnegrin: bets $0.69
unravelnick: folds 
Uncalled bet ($0.69) returned to lnegrin
lnegrin collected $1.38 from pot
lnegrin: doesn't show hand 
*** SUMMARY ***
Total pot $1.45 | Rake $0.07 
Board [9c 7c Jd]
Seat 1: Mallardz (button) folded before Flop (didn't bet)
Seat 2: Mahu2021 (small blind) folded before Flop
Seat 3: Salomandar (big blind) folded before Flop
Seat 4: Jamie_McPartlin folded before Flop (didn't bet)
Seat 5: unravelnick folded on the Flop
Seat 6: lnegrin collected ($1.38)



PokerStars Zoom Hand #254607892547:  Hold'em No Limit ($0.05/$0.10) - 2025/01/29 17:23:22 CET [2025/01/29 11:23:22 ET]
Table 'Aludra' 6-max Seat #1 is the button
Seat 1: woron123 ($8.94 in chips) 
Seat 2: jay822286 ($5.35 in chips) 
Seat 3: Mahu2021 ($8.77 in chips) 
Seat 4: miu_0716 ($10 in chips) 
Seat 5: rGiosa ($17.21 in chips) 
Seat 6: kSam44 ($20.50 in chips) 
jay822286: posts small blind $0.05
Mahu2021: posts big blind $0.10
*** HOLE CARDS ***
Dealt to Mahu2021 [9s 4c]
miu_0716: folds 
rGiosa: folds 
kSam44: folds 
woron123: folds 
jay822286: folds 
Uncalled bet ($0.05) returned to Mahu2021
Mahu2021 collected $0.10 from pot
Mahu2021: doesn't show hand 
*** SUMMARY ***
Total pot $0.10 | Rake $0 
Seat 1: woron123 (button) folded before Flop (didn't bet)
Seat 2: jay822286 (small blind) folded before Flop
Seat 3: Mahu2021 (big blind) collected ($0.10)
Seat 4: miu_0716 folded before Flop (didn't bet)
Seat 5: rGiosa folded before Flop (didn't bet)
Seat 6: kSam44 folded before Flop (didn't bet)



PokerStars Zoom Hand #254607890647:  Hold'em No Limit ($0.05/$0.10) - 2025/01/29 17:23:14 CET [2025/01/29 11:23:14 ET]
Table 'Aludra' 6-max Seat #1 is the button
Seat 1: Pesulle ($10.15 in chips) 
Seat 2: Salomandar ($9.90 in chips) 
Seat 3: Jinzoo1 ($2.95 in chips) 
Seat 4: Axel Logan ($10.30 in chips) 
Seat 5: Mahu2021 ($8.77 in chips) 
Seat 6: ANDY CAROL ($11.20 in chips) 
Salomandar: posts small blind $0.05
Jinzoo1: posts big blind $0.10
*** HOLE CARDS ***
Dealt to Mahu2021 [8c Ah]
Axel Logan: folds 
Mahu2021: folds 
ANDY CAROL: folds 
Pesulle: raises $0.12 to $0.22
Salomandar: calls $0.17
Jinzoo1: raises $2.73 to $2.95 and is all-in
Pesulle: folds 
Salomandar: folds 
Uncalled bet ($2.73) returned to Jinzoo1
Jinzoo1 collected $0.66 from pot
Jinzoo1: doesn't show hand 
*** SUMMARY ***
Total pot $0.66 | Rake $0 
Seat 1: Pesulle (button) folded before Flop
Seat 2: Salomandar (small blind) folded before Flop
Seat 3: Jinzoo1 (big blind) collected ($0.66)
Seat 4: Axel Logan folded before Flop (didn't bet)
Seat 5: Mahu2021 folded before Flop (didn't bet)
Seat 6: ANDY CAROL folded before Flop (didn't bet)



PokerStars Zoom Hand #254607891458:  Hold'em No Limit ($0.05/$0.10) - 2025/01/29 17:23:17 CET [2025/01/29 11:23:17 ET]
Table 'Aludra' 6-max Seat #1 is the button
Seat 1: olet779 ($11.33 in chips) 
Seat 2: franz Z750 ($13.07 in chips) 
Seat 3: Alexilie2022 ($23.81 in chips) 
Seat 4: v4valter88 ($10.02 in chips) 
Seat 5: Gobi000 ($15.03 in chips) 
Seat 6: Mahu2021 ($8.77 in chips) 
franz Z750: posts small blind $0.05
Alexilie2022: posts big blind $0.10
*** HOLE CARDS ***
Dealt to Mahu2021 [8c 5c]
v4valter88: folds 
Gobi000: folds 
Mahu2021: folds 
olet779: calls $0.10
franz Z750: folds 
Alexilie2022: raises $0.20 to $0.30
olet779: calls $0.20
*** FLOP *** [3s 3d 7c]
Alexilie2022: checks 
olet779: checks 
*** TURN *** [3s 3d 7c] [5h]
Alexilie2022: bets $0.31
olet779: folds 
Uncalled bet ($0.31) returned to Alexilie2022
Alexilie2022 collected $0.62 from pot
Alexilie2022: doesn't show hand 
*** SUMMARY ***
Total pot $0.65 | Rake $0.03 
Board [3s 3d 7c 5h]
Seat 1: olet779 (button) folded on the Turn
Seat 2: franz Z750 (small blind) folded before Flop
Seat 3: Alexilie2022 (big blind) collected ($0.62)
Seat 4: v4valter88 folded before Flop (didn't bet)
Seat 5: Gobi000 folded before Flop (didn't bet)
Seat 6: Mahu2021 folded before Flop (didn't bet)



PokerStars Zoom Hand #254607894772:  Hold'em No Limit ($0.05/$0.10) - 2025/01/29 17:23:32 CET [2025/01/29 11:23:32 ET]
Table 'Aludra' 6-max Seat #1 is the button
Seat 1: HARIT81 ($4.30 in chips) 
Seat 2: Mahu2021 ($8.82 in chips) 
Seat 3: zédafoice ($16 in chips) 
Seat 4: rGiosa ($15.86 in chips) 
Seat 5: Luffy V ($14.59 in chips) 
Seat 6: Pesulle ($10 in chips) 
Mahu2021: posts small blind $0.05
zédafoice: posts big blind $0.10
*** HOLE CARDS ***
Dealt to Mahu2021 [Jd As]
rGiosa: folds 
Luffy V: folds 
Pesulle: raises $0.12 to $0.22
HARIT81: calls $0.22
Mahu2021: calls $0.17
zédafoice: folds 
*** FLOP *** [Ts 6s 9h]
Mahu2021: checks 
Pesulle: bets $0.55
HARIT81: folds 
Mahu2021: folds 
Uncalled bet ($0.55) returned to Pesulle
Pesulle collected $0.73 from pot
Pesulle: doesn't show hand 
*** SUMMARY ***
Total pot $0.76 | Rake $0.03 
Board [Ts 6s 9h]
Seat 1: HARIT81 (button) folded on the Flop
Seat 2: Mahu2021 (small blind) folded on the Flop
Seat 3: zédafoice (big blind) folded before Flop
Seat 4: rGiosa folded before Flop (didn't bet)
Seat 5: Luffy V folded before Flop (didn't bet)
Seat 6: Pesulle collected ($0.73)



PokerStars Zoom Hand #254607902169:  Hold'em No Limit ($0.05/$0.10) - 2025/01/29 17:24:05 CET [2025/01/29 11:24:05 ET]
Table 'Aludra' 6-max Seat #1 is the button
Seat 1: Mahu2021 ($8.60 in chips) 
Seat 2: thanson17 ($5 in chips) 
Seat 3: Cr0w932 ($11.79 in chips) 
Seat 4: McScretchy ($13.54 in chips) 
Seat 5: miu_0716 ($10.43 in chips) 
Seat 6: schmitinho ($15.19 in chips) 
thanson17: posts small blind $0.05
Cr0w932: posts big blind $0.10
*** HOLE CARDS ***
Dealt to Mahu2021 [5s Kc]
McScretchy: folds 
miu_0716: folds 
schmitinho: raises $0.20 to $0.30
Mahu2021: folds 
thanson17: folds 
Cr0w932: folds 
Uncalled bet ($0.20) returned to schmitinho
schmitinho collected $0.25 from pot
schmitinho: doesn't show hand 
*** SUMMARY ***
Total pot $0.25 | Rake $0 
Seat 1: Mahu2021 (button) folded before Flop (didn't bet)
Seat 2: thanson17 (small blind) folded before Flop
Seat 3: Cr0w932 (big blind) folded before Flop
Seat 4: McScretchy folded before Flop (didn't bet)
Seat 5: miu_0716 folded before Flop (didn't bet)
Seat 6: schmitinho collected ($0.25)



PokerStars Zoom Hand #254607903942:  Hold'em No Limit ($0.05/$0.10) - 2025/01/29 17:24:13 CET [2025/01/29 11:24:13 ET]
Table 'Aludra' 6-max Seat #1 is the button
Seat 1: shika0116 ($10.31 in chips) 
Seat 2: miu_0716 ($10.42 in chips) 
Seat 3: Salomandar ($11.02 in chips) 
Seat 4: Mahu2021 ($8.60 in chips) 
Seat 5: Howly13 ($5.87 in chips) 
Seat 6: Pastor28 ($10.36 in chips) 
miu_0716: posts small blind $0.05
Salomandar: posts big blind $0.10
*** HOLE CARDS ***
Dealt to Mahu2021 [8h 9d]
Mahu2021: folds 
Howly13: folds 
Pastor28: raises $0.13 to $0.23
shika0116: folds 
miu_0716: folds 
Salomandar: folds 
Uncalled bet ($0.13) returned to Pastor28
Pastor28 collected $0.25 from pot
Pastor28: doesn't show hand 
*** SUMMARY ***
Total pot $0.25 | Rake $0 
Seat 1: shika0116 (button) folded before Flop (didn't bet)
Seat 2: miu_0716 (small blind) folded before Flop
Seat 3: Salomandar (big blind) folded before Flop
Seat 4: Mahu2021 folded before Flop (didn't bet)
Seat 5: Howly13 folded before Flop (didn't bet)
Seat 6: Pastor28 collected ($0.25)



PokerStars Zoom Hand #254607905750:  Hold'em No Limit ($0.05/$0.10) - 2025/01/29 17:24:21 CET [2025/01/29 11:24:21 ET]
Table 'Aludra' 6-max Seat #1 is the button
Seat 1: top4eto860 ($13.11 in chips) 
Seat 2: Pesulle ($10.41 in chips) 
Seat 3: Mahu2021 ($8.60 in chips) 
Seat 4: AMGRO84 ($18.70 in chips) 
Seat 5: shika0116 ($10.31 in chips) 
Seat 6: Pastor28 ($31.50 in chips) 
Pesulle: posts small blind $0.05
Mahu2021: posts big blind $0.10
*** HOLE CARDS ***
Dealt to Mahu2021 [6s Qd]
AMGRO84: raises $0.20 to $0.30
shika0116: folds 
Pastor28: folds 
top4eto860: folds 
Pesulle: folds 
Mahu2021: folds 
Uncalled bet ($0.20) returned to AMGRO84
AMGRO84 collected $0.25 from pot
AMGRO84: doesn't show hand 
*** SUMMARY ***
Total pot $0.25 | Rake $0 
Seat 1: top4eto860 (button) folded before Flop (didn't bet)
Seat 2: Pesulle (small blind) folded before Flop
Seat 3: Mahu2021 (big blind) folded before Flop
Seat 4: AMGRO84 collected ($0.25)
Seat 5: shika0116 folded before Flop (didn't bet)
Seat 6: Pastor28 folded before Flop (didn't bet)



PokerStars Zoom Hand #254607904837:  Hold'em No Limit ($0.05/$0.10) - 2025/01/29 17:24:17 CET [2025/01/29 11:24:17 ET]
Table 'Aludra' 6-max Seat #1 is the button
Seat 1: Mahu2021 ($8.60 in chips) 
Seat 2: Anžuiski 76 ($19.11 in chips) 
Seat 3: WasSieDuManEr ($10.75 in chips) 
Seat 4: Howly13 ($5.87 in chips) 
Seat 5: HARIT81 ($4.23 in chips) 
Seat 6: shika0116 ($10.31 in chips) 
Anžuiski 76: posts small blind $0.05
WasSieDuManEr: posts big blind $0.10
*** HOLE CARDS ***
Dealt to Mahu2021 [Jd 9s]
Howly13: folds 
HARIT81: folds 
shika0116: folds 
Mahu2021: folds 
Anžuiski 76 has timed out while disconnected
Anžuiski 76: folds 
Uncalled bet ($0.05) returned to WasSieDuManEr
WasSieDuManEr collected $0.10 from pot
WasSieDuManEr: doesn't show hand 
*** SUMMARY ***
Total pot $0.10 | Rake $0 
Seat 1: Mahu2021 (button) folded before Flop (didn't bet)
Seat 2: Anžuiski 76 (small blind) folded before Flop
Seat 3: WasSieDuManEr (big blind) collected ($0.10)
Seat 4: Howly13 folded before Flop (didn't bet)
Seat 5: HARIT81 folded before Flop (didn't bet)
Seat 6: shika0116 folded before Flop (didn't bet)



PokerStars Zoom Hand #254607901313:  Hold'em No Limit ($0.05/$0.10) - 2025/01/29 17:24:01 CET [2025/01/29 11:24:01 ET]
Table 'Aludra' 6-max Seat #1 is the button
Seat 1: Elvisc8_96 ($10.54 in chips) 
Seat 2: Franbostero2 ($9.23 in chips) 
Seat 3: shika0116 ($10.41 in chips) 
Seat 4: ANDY CAROL ($10.81 in chips) 
Seat 5: chimera252 ($10.88 in chips) 
Seat 6: Mahu2021 ($8.60 in chips) 
Franbostero2: posts small blind $0.05
shika0116: posts big blind $0.10
*** HOLE CARDS ***
Dealt to Mahu2021 [Kh 6s]
ANDY CAROL: folds 
chimera252: folds 
Mahu2021: folds 
Elvisc8_96: raises $0.10 to $0.20
Franbostero2: calls $0.15
shika0116: folds 
*** FLOP *** [3h 7d 6d]
Franbostero2: checks 
Elvisc8_96: checks 
*** TURN *** [3h 7d 6d] [4d]
Franbostero2: checks 
Elvisc8_96: checks 
*** RIVER *** [3h 7d 6d 4d] [7h]
Franbostero2: checks 
Elvisc8_96: checks 
*** SHOW DOWN ***
Franbostero2: shows [Th Jd] (a pair of Sevens)
Elvisc8_96: shows [Qh As] (a pair of Sevens - Ace kicker)
Elvisc8_96 collected $0.48 from pot
*** SUMMARY ***
Total pot $0.50 | Rake $0.02 
Board [3h 7d 6d 4d 7h]
Seat 1: Elvisc8_96 (button) showed [Qh As] and won ($0.48) with a pair of Sevens
Seat 2: Franbostero2 (small blind) showed [Th Jd] and lost with a pair of Sevens
Seat 3: shika0116 (big blind) folded before Flop
Seat 4: ANDY CAROL folded before Flop (didn't bet)
Seat 5: chimera252 folded before Flop (didn't bet)
Seat 6: Mahu2021 folded before Flop (didn't bet)



PokerStars Zoom Hand #254607908256:  Hold'em No Limit ($0.05/$0.10) - 2025/01/29 17:24:32 CET [2025/01/29 11:24:32 ET]
Table 'Aludra' 6-max Seat #1 is the button
Seat 1: rickroro ($9.50 in chips) 
Seat 2: kSam44 ($20.20 in chips) 
Seat 3: shika0116 ($10.31 in chips) 
Seat 4: Salomandar ($10.87 in chips) 
Seat 5: Elvisc8_96 ($14.52 in chips) 
Seat 6: Mahu2021 ($8.45 in chips) 
kSam44: posts small blind $0.05
shika0116: posts big blind $0.10
*** HOLE CARDS ***
Dealt to Mahu2021 [3d 2c]
Salomandar: folds 
Elvisc8_96: folds 
Mahu2021: folds 
rickroro: folds 
kSam44: folds 
Uncalled bet ($0.05) returned to shika0116
shika0116 collected $0.10 from pot
shika0116: doesn't show hand 
*** SUMMARY ***
Total pot $0.10 | Rake $0 
Seat 1: rickroro (button) folded before Flop (didn't bet)
Seat 2: kSam44 (small blind) folded before Flop
Seat 3: shika0116 (big blind) collected ($0.10)
Seat 4: Salomandar folded before Flop (didn't bet)
Seat 5: Elvisc8_96 folded before Flop (didn't bet)
Seat 6: Mahu2021 folded before Flop (didn't bet)



PokerStars Zoom Hand #254607910295:  Hold'em No Limit ($0.05/$0.10) - 2025/01/29 17:24:41 CET [2025/01/29 11:24:41 ET]
Table 'Aludra' 6-max Seat #1 is the button
Seat 1: Elvisc8_96 ($14.52 in chips) 
Seat 2: Cristi/Arg ($11.52 in chips) 
Seat 3: Jamie_McPartlin ($15.03 in chips) 
Seat 4: kSam44 ($20.15 in chips) 
Seat 5: Mahu2021 ($8.45 in chips) 
Seat 6: thanson17 ($5.39 in chips) 
Cristi/Arg: posts small blind $0.05
Jamie_McPartlin: posts big blind $0.10
*** HOLE CARDS ***
Dealt to Mahu2021 [Ts 8h]
kSam44: folds 
Mahu2021: folds 
thanson17: folds 
Elvisc8_96: folds 
Cristi/Arg: folds 
Uncalled bet ($0.05) returned to Jamie_McPartlin
Jamie_McPartlin collected $0.10 from pot
Jamie_McPartlin: doesn't show hand 
*** SUMMARY ***
Total pot $0.10 | Rake $0 
Seat 1: Elvisc8_96 (button) folded before Flop (didn't bet)
Seat 2: Cristi/Arg (small blind) folded before Flop
Seat 3: Jamie_McPartlin (big blind) collected ($0.10)
Seat 4: kSam44 folded before Flop (didn't bet)
Seat 5: Mahu2021 folded before Flop (didn't bet)
Seat 6: thanson17 folded before Flop (didn't bet)



PokerStars Zoom Hand #254607907370:  Hold'em No Limit ($0.05/$0.10) - 2025/01/29 17:24:28 CET [2025/01/29 11:24:28 ET]
Table 'Aludra' 6-max Seat #1 is the button
Seat 1: miu_0716 ($10.53 in chips) 
Seat 2: Mahu2021 ($8.50 in chips) 
Seat 3: corschat ($14.39 in chips) 
Seat 4: Pastor28 ($31.50 in chips) 
Seat 5: thanson17 ($5 in chips) 
Seat 6: Chuchi1987 ($10.05 in chips) 
Mahu2021: posts small blind $0.05
corschat: posts big blind $0.10
*** HOLE CARDS ***
Dealt to Mahu2021 [3s 7h]
Pastor28: folds 
thanson17: raises $0.10 to $0.20
Chuchi1987: folds 
miu_0716: folds 
Mahu2021: folds 
corschat: raises $0.70 to $0.90
thanson17: folds 
Uncalled bet ($0.70) returned to corschat
corschat collected $0.45 from pot
corschat: doesn't show hand 
*** SUMMARY ***
Total pot $0.45 | Rake $0 
Seat 1: miu_0716 (button) folded before Flop (didn't bet)
Seat 2: Mahu2021 (small blind) folded before Flop
Seat 3: corschat (big blind) collected ($0.45)
Seat 4: Pastor28 folded before Flop (didn't bet)
Seat 5: thanson17 folded before Flop
Seat 6: Chuchi1987 folded before Flop (didn't bet)



PokerStars Zoom Hand #254607912865:  Hold'em No Limit ($0.05/$0.10) - 2025/01/29 17:24:53 CET [2025/01/29 11:24:53 ET]
Table 'Aludra' 6-max Seat #1 is the button
Seat 1: Jamie_McPartlin ($15.08 in chips) 
Seat 2: chimera252 ($11.15 in chips) 
Seat 3: kSam44 ($20.15 in chips) 
Seat 4: anderson ca6 ($14.61 in chips) 
Seat 5: 00O-2Z ($12.26 in chips) 
Seat 6: Mahu2021 ($8.45 in chips) 
chimera252: posts small blind $0.05
kSam44: posts big blind $0.10
*** HOLE CARDS ***
Dealt to Mahu2021 [6c Kd]
anderson ca6: folds 
00O-2Z: folds 
Mahu2021: folds 
Jamie_McPartlin: folds 
chimera252: folds 
Uncalled bet ($0.05) returned to kSam44
kSam44 collected $0.10 from pot
kSam44: doesn't show hand 
*** SUMMARY ***
Total pot $0.10 | Rake $0 
Seat 1: Jamie_McPartlin (button) folded before Flop (didn't bet)
Seat 2: chimera252 (small blind) folded before Flop
Seat 3: kSam44 (big blind) collected ($0.10)
Seat 4: anderson ca6 folded before Flop (didn't bet)
Seat 5: 00O-2Z folded before Flop (didn't bet)
Seat 6: Mahu2021 folded before Flop (didn't bet)



PokerStars Zoom Hand #254607903009:  Hold'em No Limit ($0.05/$0.10) - 2025/01/29 17:24:09 CET [2025/01/29 11:24:09 ET]
Table 'Aludra' 6-max Seat #1 is the button
Seat 1: thanson17 ($5 in chips) 
Seat 2: Chuchi1987 ($31.42 in chips) 
Seat 3: Elvisc8_96 ($20.29 in chips) 
Seat 4: Luffy V ($10.60 in chips) 
Seat 5: Mahu2021 ($8.60 in chips) 
Seat 6: franz Z750 ($13.17 in chips) 
Chuchi1987: posts small blind $0.05
Elvisc8_96: posts big blind $0.10
*** HOLE CARDS ***
Dealt to Mahu2021 [7d As]
Luffy V: raises $0.15 to $0.25
Mahu2021: folds 
franz Z750: calls $0.25
thanson17: folds 
Chuchi1987: calls $0.20
Elvisc8_96: folds 
*** FLOP *** [Ad 8d Qh]
Chuchi1987: checks 
Luffy V: checks 
franz Z750: checks 
*** TURN *** [Ad 8d Qh] [6h]
Chuchi1987: bets $0.30
Luffy V: calls $0.30
franz Z750: raises $1.16 to $1.46
Chuchi1987: folds 
Luffy V: folds 
Uncalled bet ($1.16) returned to franz Z750
franz Z750 collected $1.65 from pot
franz Z750: doesn't show hand 
*** SUMMARY ***
Total pot $1.75 | Rake $0.10 
Board [Ad 8d Qh 6h]
Seat 1: thanson17 (button) folded before Flop (didn't bet)
Seat 2: Chuchi1987 (small blind) folded on the Turn
Seat 3: Elvisc8_96 (big blind) folded before Flop
Seat 4: Luffy V folded on the Turn
Seat 5: Mahu2021 folded before Flop (didn't bet)
Seat 6: franz Z750 collected ($1.65)



PokerStars Zoom Hand #254607912139:  Hold'em No Limit ($0.05/$0.10) - 2025/01/29 17:24:50 CET [2025/01/29 11:24:50 ET]
Table 'Aludra' 6-max Seat #1 is the button
Seat 1: BloaterW ($11.18 in chips) 
Seat 2: Cr0w932 ($11.84 in chips) 
Seat 3: nordrel ($6.12 in chips) 
Seat 4: Mahu2021 ($8.45 in chips) 
Seat 5: rGiosa ($15.29 in chips) 
Seat 6: foodgg369 ($7.63 in chips) 
Cr0w932: posts small blind $0.05
nordrel: posts big blind $0.10
*** HOLE CARDS ***
Dealt to Mahu2021 [7h 6c]
Mahu2021: folds 
rGiosa: folds 
foodgg369: raises $0.10 to $0.20
BloaterW: folds 
Cr0w932: folds 
nordrel: raises $0.45 to $0.65
foodgg369: calls $0.45
*** FLOP *** [Th 3s 6d]
nordrel: bets $1.29
foodgg369: folds 
Uncalled bet ($1.29) returned to nordrel
nordrel collected $1.29 from pot
nordrel: doesn't show hand 
*** SUMMARY ***
Total pot $1.35 | Rake $0.06 
Board [Th 3s 6d]
Seat 1: BloaterW (button) folded before Flop (didn't bet)
Seat 2: Cr0w932 (small blind) folded before Flop
Seat 3: nordrel (big blind) collected ($1.29)
Seat 4: Mahu2021 folded before Flop (didn't bet)
Seat 5: rGiosa folded before Flop (didn't bet)
Seat 6: foodgg369 folded on the Flop



PokerStars Zoom Hand #254607911155:  Hold'em No Limit ($0.05/$0.10) - 2025/01/29 17:24:45 CET [2025/01/29 11:24:45 ET]
Table 'Aludra' 6-max Seat #1 is the button
Seat 1: kSam44 ($20.15 in chips) 
Seat 2: anderssoares ($6.47 in chips) 
Seat 3: Salomandar ($10.87 in chips) 
Seat 4: Mahu2021 ($8.45 in chips) 
Seat 5: anderson ca6 ($12.12 in chips) 
Seat 6: cip1001t ($13.99 in chips) 
anderssoares: posts small blind $0.05
Salomandar: posts big blind $0.10
*** HOLE CARDS ***
Dealt to Mahu2021 [Ad 4c]
Mahu2021: folds 
anderson ca6: folds 
cip1001t: raises $0.11 to $0.21
kSam44: folds 
anderssoares: calls $0.16
Salomandar: calls $0.11
*** FLOP *** [5d Td 7d]
anderssoares: checks 
Salomandar: checks 
cip1001t: bets $0.21
anderssoares: raises $0.51 to $0.72
Salomandar: folds 
cip1001t: calls $0.51
*** TURN *** [5d Td 7d] [Js]
anderssoares: bets $0.99
cip1001t: calls $0.99
*** RIVER *** [5d Td 7d Js] [8c]
anderssoares: checks 
cip1001t: checks 
*** SHOW DOWN ***
anderssoares: shows [Th Qd] (a pair of Tens)
cip1001t: mucks hand 
anderssoares collected $3.87 from pot
*** SUMMARY ***
Total pot $4.05 | Rake $0.18 
Board [5d Td 7d Js 8c]
Seat 1: kSam44 (button) folded before Flop (didn't bet)
Seat 2: anderssoares (small blind) showed [Th Qd] and won ($3.87) with a pair of Tens
Seat 3: Salomandar (big blind) folded on the Flop
Seat 4: Mahu2021 folded before Flop (didn't bet)
Seat 5: anderson ca6 folded before Flop (didn't bet)
Seat 6: cip1001t mucked [Qc Kd]



PokerStars Zoom Hand #254607913926:  Hold'em No Limit ($0.05/$0.10) - 2025/01/29 17:24:58 CET [2025/01/29 11:24:58 ET]
Table 'Aludra' 6-max Seat #1 is the button
Seat 1: Pastor28 ($13.75 in chips) 
Seat 2: ciceron86 ($10 in chips) 
Seat 3: thanson17 ($5.39 in chips) 
Seat 4: Mahu2021 ($8.45 in chips) 
Seat 5: ellson30 ($11.34 in chips) 
Seat 6: Jamie_McPartlin ($15.08 in chips) 
ciceron86: posts small blind $0.05
thanson17: posts big blind $0.10
*** HOLE CARDS ***
Dealt to Mahu2021 [2c Ts]
Mahu2021: folds 
ellson30: calls $0.10
Jamie_McPartlin: raises $0.35 to $0.45
Pastor28: folds 
ciceron86: folds 
thanson17: folds 
ellson30: calls $0.35
*** FLOP *** [7h 4h Ah]
ellson30: checks 
Jamie_McPartlin: bets $0.40
ellson30: folds 
Uncalled bet ($0.40) returned to Jamie_McPartlin
Jamie_McPartlin collected $1 from pot
Jamie_McPartlin: doesn't show hand 
*** SUMMARY ***
Total pot $1.05 | Rake $0.05 
Board [7h 4h Ah]
Seat 1: Pastor28 (button) folded before Flop (didn't bet)
Seat 2: ciceron86 (small blind) folded before Flop
Seat 3: thanson17 (big blind) folded before Flop
Seat 4: Mahu2021 folded before Flop (didn't bet)
Seat 5: ellson30 folded on the Flop
Seat 6: Jamie_McPartlin collected ($1)



PokerStars Zoom Hand #254607914673:  Hold'em No Limit ($0.05/$0.10) - 2025/01/29 17:25:01 CET [2025/01/29 11:25:01 ET]
Table 'Aludra' 6-max Seat #1 is the button
Seat 1: IvishoW ($19.35 in chips) 
Seat 2: Axel Logan ($11.47 in chips) 
Seat 3: Mahu2021 ($8.45 in chips) 
Seat 4: 01kraken01 ($9.46 in chips) 
Seat 5: Pastor28 ($10.33 in chips) 
Seat 6: BKong245 ($24.83 in chips) 
Axel Logan: posts small blind $0.05
Mahu2021: posts big blind $0.10
*** HOLE CARDS ***
Dealt to Mahu2021 [3h 4h]
01kraken01: folds 
Pastor28: folds 
BKong245: folds 
IvishoW: folds 
Axel Logan: raises $0.20 to $0.30
Mahu2021: calls $0.20
*** FLOP *** [8c Kc 2h]
Axel Logan: checks 
Mahu2021: checks 
*** TURN *** [8c Kc 2h] [Tc]
Axel Logan: checks 
Mahu2021: bets $0.57
Axel Logan: calls $0.57
*** RIVER *** [8c Kc 2h Tc] [5s]
Axel Logan: checks 
Mahu2021: bets $1.66
Axel Logan: folds 
Uncalled bet ($1.66) returned to Mahu2021
Mahu2021 collected $1.66 from pot
Mahu2021: doesn't show hand 
*** SUMMARY ***
Total pot $1.74 | Rake $0.08 
Board [8c Kc 2h Tc 5s]
Seat 1: IvishoW (button) folded before Flop (didn't bet)
Seat 2: Axel Logan (small blind) folded on the River
Seat 3: Mahu2021 (big blind) collected ($1.66)
Seat 4: 01kraken01 folded before Flop (didn't bet)
Seat 5: Pastor28 folded before Flop (didn't bet)
Seat 6: BKong245 folded before Flop (didn't bet)



PokerStars Zoom Hand #254607924349:  Hold'em No Limit ($0.05/$0.10) - 2025/01/29 17:25:44 CET [2025/01/29 11:25:44 ET]
Table 'Aludra' 6-max Seat #1 is the button
Seat 1: Mahu2021 ($9.19 in chips) 
Seat 2: v4valter88 ($11.92 in chips) 
Seat 3: 1MustFall666 ($6.07 in chips) 
Seat 4: kSam44 ($20.15 in chips) 
Seat 5: zozorrr ($17.82 in chips) 
Seat 6: unravelnick ($9.02 in chips) 
v4valter88: posts small blind $0.05
1MustFall666: posts big blind $0.10
*** HOLE CARDS ***
Dealt to Mahu2021 [6c 9s]
kSam44: folds 
zozorrr: folds 
unravelnick: folds 
Mahu2021: folds 
v4valter88: folds 
Uncalled bet ($0.05) returned to 1MustFall666
1MustFall666 collected $0.10 from pot
1MustFall666: doesn't show hand 
*** SUMMARY ***
Total pot $0.10 | Rake $0 
Seat 1: Mahu2021 (button) folded before Flop (didn't bet)
Seat 2: v4valter88 (small blind) folded before Flop
Seat 3: 1MustFall666 (big blind) collected ($0.10)
Seat 4: kSam44 folded before Flop (didn't bet)
Seat 5: zozorrr folded before Flop (didn't bet)
Seat 6: unravelnick folded before Flop (didn't bet)



PokerStars Zoom Hand #254607925666:  Hold'em No Limit ($0.05/$0.10) - 2025/01/29 17:25:50 CET [2025/01/29 11:25:50 ET]
Table 'Aludra' 6-max Seat #1 is the button
Seat 1: santyariel ($8.46 in chips) 
Seat 2: rGiosa ($15.95 in chips) 
Seat 3: IvishoW ($11.21 in chips) 
Seat 4: unravelnick ($27.35 in chips) 
Seat 5: Mahu2021 ($9.19 in chips) 
Seat 6: edi758 ($9.10 in chips) 
rGiosa: posts small blind $0.05
IvishoW: posts big blind $0.10
*** HOLE CARDS ***
Dealt to Mahu2021 [Ah 7d]
unravelnick: folds 
Mahu2021: folds 
edi758: calls $0.10
santyariel: raises $0.35 to $0.45
rGiosa: folds 
IvishoW: folds 
edi758: folds 
Uncalled bet ($0.35) returned to santyariel
santyariel collected $0.35 from pot
santyariel: doesn't show hand 
*** SUMMARY ***
Total pot $0.35 | Rake $0 
Seat 1: santyariel (button) collected ($0.35)
Seat 2: rGiosa (small blind) folded before Flop
Seat 3: IvishoW (big blind) folded before Flop
Seat 4: unravelnick folded before Flop (didn't bet)
Seat 5: Mahu2021 folded before Flop (didn't bet)
Seat 6: edi758 folded before Flop



PokerStars Zoom Hand #254607926496:  Hold'em No Limit ($0.05/$0.10) - 2025/01/29 17:25:54 CET [2025/01/29 11:25:54 ET]
Table 'Aludra' 6-max Seat #1 is the button
Seat 1: Axel Logan ($10.60 in chips) 
Seat 2: Elvisc8_96 ($10.97 in chips) 
Seat 3: rGiosa ($15.90 in chips) 
Seat 4: BKong245 ($25.18 in chips) 
Seat 5: Mahu2021 ($9.19 in chips) 
Seat 6: Mallardz ($14.07 in chips) 
Elvisc8_96: posts small blind $0.05
rGiosa: posts big blind $0.10
*** HOLE CARDS ***
Dealt to Mahu2021 [Qs 8h]
BKong245: folds 
Mahu2021: folds 
Mallardz: raises $0.15 to $0.25
Axel Logan: folds 
Elvisc8_96: folds 
rGiosa: folds 
Uncalled bet ($0.15) returned to Mallardz
Mallardz collected $0.25 from pot
Mallardz: doesn't show hand 
*** SUMMARY ***
Total pot $0.25 | Rake $0 
Seat 1: Axel Logan (button) folded before Flop (didn't bet)
Seat 2: Elvisc8_96 (small blind) folded before Flop
Seat 3: rGiosa (big blind) folded before Flop
Seat 4: BKong245 folded before Flop (didn't bet)
Seat 5: Mahu2021 folded before Flop (didn't bet)
Seat 6: Mallardz collected ($0.25)



PokerStars Zoom Hand #254607927406:  Hold'em No Limit ($0.05/$0.10) - 2025/01/29 17:25:58 CET [2025/01/29 11:25:58 ET]
Table 'Aludra' 6-max Seat #1 is the button
Seat 1: Chuchi1987 ($11.20 in chips) 
Seat 2: Mahu2021 ($9.19 in chips) 
Seat 3: Fishpoker17 ($13.26 in chips) 
Seat 4: thanson17 ($5 in chips) 
Seat 5: v4valter88 ($11.87 in chips) 
Seat 6: iza_doria ($3.39 in chips) 
Mahu2021: posts small blind $0.05
Fishpoker17: posts big blind $0.10
*** HOLE CARDS ***
Dealt to Mahu2021 [4h Tc]
thanson17: folds 
v4valter88: folds 
iza_doria: folds 
Chuchi1987: raises $0.10 to $0.20
Mahu2021: folds 
Fishpoker17: folds 
Uncalled bet ($0.10) returned to Chuchi1987
Chuchi1987 collected $0.25 from pot
Chuchi1987: doesn't show hand 
*** SUMMARY ***
Total pot $0.25 | Rake $0 
Seat 1: Chuchi1987 (button) collected ($0.25)
Seat 2: Mahu2021 (small blind) folded before Flop
Seat 3: Fishpoker17 (big blind) folded before Flop
Seat 4: thanson17 folded before Flop (didn't bet)
Seat 5: v4valter88 folded before Flop (didn't bet)
Seat 6: iza_doria folded before Flop (didn't bet)



PokerStars Zoom Hand #254607923490:  Hold'em No Limit ($0.05/$0.10) - 2025/01/29 17:25:40 CET [2025/01/29 11:25:40 ET]
Table 'Aludra' 6-max Seat #1 is the button
Seat 1: miu_0716 ($11.60 in chips) 
Seat 2: Mahu2021 ($9.24 in chips) 
Seat 3: ozzer9 ($23.75 in chips) 
Seat 4: Cr0w932 ($11.97 in chips) 
Seat 5: cip1001t ($15.95 in chips) 
Seat 6: 1Sighinau ($15.68 in chips) 
Mahu2021: posts small blind $0.05
ozzer9: posts big blind $0.10
*** HOLE CARDS ***
Dealt to Mahu2021 [Qs 6d]
Cr0w932: folds 
cip1001t: raises $0.11 to $0.21
1Sighinau: folds 
miu_0716: folds 
Mahu2021: folds 
ozzer9: calls $0.11
*** FLOP *** [6c 5d 7c]
ozzer9: checks 
cip1001t: bets $0.69
ozzer9: calls $0.69
*** TURN *** [6c 5d 7c] [Jc]
ozzer9: checks 
cip1001t: checks 
*** RIVER *** [6c 5d 7c Jc] [9c]
ozzer9: bets $0.89
cip1001t: folds 
Uncalled bet ($0.89) returned to ozzer9
ozzer9 collected $1.77 from pot
ozzer9: doesn't show hand 
*** SUMMARY ***
Total pot $1.85 | Rake $0.08 
Board [6c 5d 7c Jc 9c]
Seat 1: miu_0716 (button) folded before Flop (didn't bet)
Seat 2: Mahu2021 (small blind) folded before Flop
Seat 3: ozzer9 (big blind) collected ($1.77)
Seat 4: Cr0w932 folded before Flop (didn't bet)
Seat 5: cip1001t folded on the River
Seat 6: 1Sighinau folded before Flop (didn't bet)



PokerStars Zoom Hand #254607932206:  Hold'em No Limit ($0.05/$0.10) - 2025/01/29 17:26:20 CET [2025/01/29 11:26:20 ET]
Table 'Aludra' 6-max Seat #1 is the button
Seat 1: S_M_L_i_l_u ($11.83 in chips) 
Seat 2: Chuchi1987 ($30.62 in chips) 
Seat 3: ANDY CAROL ($10 in chips) 
Seat 4: Mahu2021 ($9.04 in chips) 
Seat 5: corschat ($14.34 in chips) 
Seat 6: Pastor28 ($30.75 in chips) 
Chuchi1987: posts small blind $0.05
ANDY CAROL: posts big blind $0.10
*** HOLE CARDS ***
Dealt to Mahu2021 [9d 8h]
Mahu2021: folds 
corschat: folds 
Pastor28: folds 
S_M_L_i_l_u: raises $0.15 to $0.25
Chuchi1987: folds 
ANDY CAROL: folds 
Uncalled bet ($0.15) returned to S_M_L_i_l_u
S_M_L_i_l_u collected $0.25 from pot
S_M_L_i_l_u: doesn't show hand 
*** SUMMARY ***
Total pot $0.25 | Rake $0 
Seat 1: S_M_L_i_l_u (button) collected ($0.25)
Seat 2: Chuchi1987 (small blind) folded before Flop
Seat 3: ANDY CAROL (big blind) folded before Flop
Seat 4: Mahu2021 folded before Flop (didn't bet)
Seat 5: corschat folded before Flop (didn't bet)
Seat 6: Pastor28 folded before Flop (didn't bet)



PokerStars Zoom Hand #254607930888:  Hold'em No Limit ($0.05/$0.10) - 2025/01/29 17:26:14 CET [2025/01/29 11:26:14 ET]
Table 'Aludra' 6-max Seat #1 is the button
Seat 1: Mahu2021 ($9.04 in chips) 
Seat 2: olet779 ($12.51 in chips) 
Seat 3: Salomandar ($10.11 in chips) 
Seat 4: 42Oedipius ($12.34 in chips) 
Seat 5: rGiosa ($15.80 in chips) 
Seat 6: BloaterW ($10.78 in chips) 
olet779: posts small blind $0.05
Salomandar: posts big blind $0.10
*** HOLE CARDS ***
Dealt to Mahu2021 [5d Ks]
42Oedipius: folds 
rGiosa: raises $0.15 to $0.25
BloaterW: folds 
Mahu2021: folds 
olet779: folds 
Salomandar: calls $0.15
*** FLOP *** [Jc 9h 7c]
Salomandar: checks 
rGiosa: bets $0.27
Salomandar: folds 
Uncalled bet ($0.27) returned to rGiosa
rGiosa collected $0.53 from pot
rGiosa: doesn't show hand 
*** SUMMARY ***
Total pot $0.55 | Rake $0.02 
Board [Jc 9h 7c]
Seat 1: Mahu2021 (button) folded before Flop (didn't bet)
Seat 2: olet779 (small blind) folded before Flop
Seat 3: Salomandar (big blind) folded on the Flop
Seat 4: 42Oedipius folded before Flop (didn't bet)
Seat 5: rGiosa collected ($0.53)
Seat 6: BloaterW folded before Flop (didn't bet)



PokerStars Zoom Hand #254607935133:  Hold'em No Limit ($0.05/$0.10) - 2025/01/29 17:26:33 CET [2025/01/29 11:26:33 ET]
Table 'Aludra' 6-max Seat #1 is the button
Seat 1: looser00091 ($18.37 in chips) 
Seat 2: Mahu2021 ($9.04 in chips) 
Seat 3: AMGRO84 ($19.29 in chips) 
Seat 4: chimera252 ($12.78 in chips) 
Seat 5: v4valter88 ($13.72 in chips) 
Seat 6: IvishoW ($33.08 in chips) 
Mahu2021: posts small blind $0.05
AMGRO84: posts big blind $0.10
*** HOLE CARDS ***
Dealt to Mahu2021 [9c 7d]
chimera252: folds 
v4valter88: raises $0.10 to $0.20
IvishoW: folds 
looser00091: folds 
Mahu2021: folds 
AMGRO84: folds 
Uncalled bet ($0.10) returned to v4valter88
v4valter88 collected $0.25 from pot
v4valter88: doesn't show hand 
*** SUMMARY ***
Total pot $0.25 | Rake $0 
Seat 1: looser00091 (button) folded before Flop (didn't bet)
Seat 2: Mahu2021 (small blind) folded before Flop
Seat 3: AMGRO84 (big blind) folded before Flop
Seat 4: chimera252 folded before Flop (didn't bet)
Seat 5: v4valter88 collected ($0.25)
Seat 6: IvishoW folded before Flop (didn't bet)



PokerStars Zoom Hand #254607937035:  Hold'em No Limit ($0.05/$0.10) - 2025/01/29 17:26:41 CET [2025/01/29 11:26:41 ET]
Table 'Aludra' 6-max Seat #1 is the button
Seat 1: v4valter88 ($12.19 in chips) 
Seat 2: PaduaC ($10 in chips) 
Seat 3: Mahu2021 ($8.99 in chips) 
Seat 4: anderson ca6 ($11.87 in chips) 
Seat 5: rickroro ($15.13 in chips) 
Seat 6: Fishpoker17 ($15.33 in chips) 
PaduaC: posts small blind $0.05
Mahu2021: posts big blind $0.10
*** HOLE CARDS ***
Dealt to Mahu2021 [3s 8h]
anderson ca6: raises $0.15 to $0.25
rickroro: folds 
Fishpoker17: folds 
v4valter88: folds 
PaduaC: folds 
Mahu2021: folds 
Uncalled bet ($0.15) returned to anderson ca6
anderson ca6 collected $0.25 from pot
anderson ca6: doesn't show hand 
*** SUMMARY ***
Total pot $0.25 | Rake $0 
Seat 1: v4valter88 (button) folded before Flop (didn't bet)
Seat 2: PaduaC (small blind) folded before Flop
Seat 3: Mahu2021 (big blind) folded before Flop
Seat 4: anderson ca6 collected ($0.25)
Seat 5: rickroro folded before Flop (didn't bet)
Seat 6: Fishpoker17 folded before Flop (didn't bet)



PokerStars Zoom Hand #254607936207:  Hold'em No Limit ($0.05/$0.10) - 2025/01/29 17:26:38 CET [2025/01/29 11:26:38 ET]
Table 'Aludra' 6-max Seat #1 is the button
Seat 1: Mahu2021 ($8.99 in chips) 
Seat 2: cip1001t ($15.05 in chips) 
Seat 3: kropotkin2000 ($10 in chips) 
Seat 4: edi758 ($5.56 in chips) 
Seat 5: Axel Logan ($10.27 in chips) 
Seat 6: Fakasaki ($50.06 in chips) 
cip1001t: posts small blind $0.05
kropotkin2000: posts big blind $0.10
*** HOLE CARDS ***
Dealt to Mahu2021 [Js 2c]
edi758: folds 
Axel Logan: raises $0.14 to $0.24
Fakasaki: folds 
Mahu2021: folds 
cip1001t: folds 
kropotkin2000: folds 
Uncalled bet ($0.14) returned to Axel Logan
Axel Logan collected $0.25 from pot
Axel Logan: doesn't show hand 
*** SUMMARY ***
Total pot $0.25 | Rake $0 
Seat 1: Mahu2021 (button) folded before Flop (didn't bet)
Seat 2: cip1001t (small blind) folded before Flop
Seat 3: kropotkin2000 (big blind) folded before Flop
Seat 4: edi758 folded before Flop (didn't bet)
Seat 5: Axel Logan collected ($0.25)
Seat 6: Fakasaki folded before Flop (didn't bet)



PokerStars Zoom Hand #254607933451:  Hold'em No Limit ($0.05/$0.10) - 2025/01/29 17:26:25 CET [2025/01/29 11:26:25 ET]
Table 'Aludra' 6-max Seat #1 is the button
Seat 1: anderson ca6 ($11.87 in chips) 
Seat 2: looser00091 ($18.42 in chips) 
Seat 3: systraxsix ($13.14 in chips) 
Seat 4: IvishoW ($20.36 in chips) 
Seat 5: Mahu2021 ($9.04 in chips) 
Seat 6: rGiosa ($22.09 in chips) 
looser00091: posts small blind $0.05
systraxsix: posts big blind $0.10
*** HOLE CARDS ***
Dealt to Mahu2021 [4h Qs]
IvishoW: raises $0.25 to $0.35
Mahu2021: folds 
rGiosa: folds 
anderson ca6: folds 
looser00091: folds 
systraxsix: calls $0.25
*** FLOP *** [7c 3s 2c]
systraxsix: checks 
IvishoW: checks 
*** TURN *** [7c 3s 2c] [Ad]
systraxsix: checks 
IvishoW: bets $0.36
systraxsix: calls $0.36
*** RIVER *** [7c 3s 2c Ad] [2h]
systraxsix: checks 
IvishoW: bets $0.70
systraxsix: calls $0.70
*** SHOW DOWN ***
IvishoW: shows [As Qd] (two pair, Aces and Deuces)
systraxsix: mucks hand 
IvishoW collected $2.74 from pot
*** SUMMARY ***
Total pot $2.87 | Rake $0.13 
Board [7c 3s 2c Ad 2h]
Seat 1: anderson ca6 (button) folded before Flop (didn't bet)
Seat 2: looser00091 (small blind) folded before Flop
Seat 3: systraxsix (big blind) mucked [9c 9h]
Seat 4: IvishoW showed [As Qd] and won ($2.74) with two pair, Aces and Deuces
Seat 5: Mahu2021 folded before Flop (didn't bet)
Seat 6: rGiosa folded before Flop (didn't bet)



PokerStars Zoom Hand #254607934065:  Hold'em No Limit ($0.05/$0.10) - 2025/01/29 17:26:28 CET [2025/01/29 11:26:28 ET]
Table 'Aludra' 6-max Seat #1 is the button
Seat 1: Elvisc8_96 ($10.82 in chips) 
Seat 2: AceWise ($10.47 in chips) 
Seat 3: seeebeeek ($25.16 in chips) 
Seat 4: Axel Logan ($10.80 in chips) 
Seat 5: humo97 ($10.15 in chips) 
Seat 6: Mahu2021 ($9.04 in chips) 
AceWise: posts small blind $0.05
seeebeeek: posts big blind $0.10
*** HOLE CARDS ***
Dealt to Mahu2021 [5s Ad]
Axel Logan: folds 
humo97: folds 
Mahu2021: folds 
Elvisc8_96: raises $0.10 to $0.20
AceWise: calls $0.15
seeebeeek: folds 
*** FLOP *** [4c 9c 7h]
AceWise: checks 
Elvisc8_96: checks 
*** TURN *** [4c 9c 7h] [5d]
AceWise: bets $0.36
Elvisc8_96: calls $0.36
*** RIVER *** [4c 9c 7h 5d] [4s]
AceWise: bets $0.88
Elvisc8_96: calls $0.88
*** SHOW DOWN ***
AceWise: shows [Qd Jc] (a pair of Fours)
Elvisc8_96: shows [Kc Ah] (a pair of Fours - Ace kicker)
Elvisc8_96 collected $2.85 from pot
*** SUMMARY ***
Total pot $2.98 | Rake $0.13 
Board [4c 9c 7h 5d 4s]
Seat 1: Elvisc8_96 (button) showed [Kc Ah] and won ($2.85) with a pair of Fours
Seat 2: AceWise (small blind) showed [Qd Jc] and lost with a pair of Fours
Seat 3: seeebeeek (big blind) folded before Flop
Seat 4: Axel Logan folded before Flop (didn't bet)
Seat 5: humo97 folded before Flop (didn't bet)
Seat 6: Mahu2021 folded before Flop (didn't bet)



PokerStars Zoom Hand #254607943010:  Hold'em No Limit ($0.05/$0.10) - 2025/01/29 17:27:08 CET [2025/01/29 11:27:08 ET]
Table 'Aludra' 6-max Seat #1 is the button
Seat 1: thanson17 ($5 in chips) 
Seat 2: v4valter88 ($12.09 in chips) 
Seat 3: anderson ca6 ($12.02 in chips) 
Seat 4: PaduaC ($10 in chips) 
Seat 5: Salomandar ($12.47 in chips) 
Seat 6: Mahu2021 ($8.84 in chips) 
v4valter88: posts small blind $0.05
anderson ca6: posts big blind $0.10
*** HOLE CARDS ***
Dealt to Mahu2021 [5h 2h]
PaduaC: folds 
Salomandar: folds 
Mahu2021: folds 
thanson17: folds 
v4valter88: folds 
Uncalled bet ($0.05) returned to anderson ca6
anderson ca6 collected $0.10 from pot
anderson ca6: doesn't show hand 
*** SUMMARY ***
Total pot $0.10 | Rake $0 
Seat 1: thanson17 (button) folded before Flop (didn't bet)
Seat 2: v4valter88 (small blind) folded before Flop
Seat 3: anderson ca6 (big blind) collected ($0.10)
Seat 4: PaduaC folded before Flop (didn't bet)
Seat 5: Salomandar folded before Flop (didn't bet)
Seat 6: Mahu2021 folded before Flop (didn't bet)



PokerStars Zoom Hand #254607931600:  Hold'em No Limit ($0.05/$0.10) - 2025/01/29 17:26:17 CET [2025/01/29 11:26:17 ET]
Table 'Aludra' 6-max Seat #1 is the button
Seat 1: zédafoice ($15.85 in chips) 
Seat 2: franz Z750 ($14.05 in chips) 
Seat 3: top4eto860 ($17.06 in chips) 
Seat 4: Elvisc8_96 ($14.61 in chips) 
Seat 5: olet779 ($12.46 in chips) 
Seat 6: Mahu2021 ($9.04 in chips) 
franz Z750: posts small blind $0.05
top4eto860: posts big blind $0.10
*** HOLE CARDS ***
Dealt to Mahu2021 [Jc 8h]
Elvisc8_96: folds 
olet779: calls $0.10
Mahu2021: folds 
zédafoice: raises $0.30 to $0.40
franz Z750: folds 
top4eto860: calls $0.30
olet779: calls $0.30
*** FLOP *** [4h 3h 3d]
top4eto860: checks 
olet779: checks 
zédafoice: bets $0.50
top4eto860: calls $0.50
olet779: folds 
*** TURN *** [4h 3h 3d] [Jd]
top4eto860: checks 
zédafoice: bets $0.88
top4eto860: calls $0.88
*** RIVER *** [4h 3h 3d Jd] [Qd]
top4eto860: bets $3.83
zédafoice: calls $3.83
*** SHOW DOWN ***
top4eto860: shows [6d 7d] (a flush, Queen high)
zédafoice: mucks hand 
top4eto860 collected $11.14 from pot
*** SUMMARY ***
Total pot $11.67 | Rake $0.53 
Board [4h 3h 3d Jd Qd]
Seat 1: zédafoice (button) mucked [Qh Td]
Seat 2: franz Z750 (small blind) folded before Flop
Seat 3: top4eto860 (big blind) showed [6d 7d] and won ($11.14) with a flush, Queen high
Seat 4: Elvisc8_96 folded before Flop (didn't bet)
Seat 5: olet779 folded on the Flop
Seat 6: Mahu2021 folded before Flop (didn't bet)



PokerStars Zoom Hand #254607939874:  Hold'em No Limit ($0.05/$0.10) - 2025/01/29 17:26:54 CET [2025/01/29 11:26:54 ET]
Table 'Aludra' 6-max Seat #1 is the button
Seat 1: Fishpoker17 ($13.56 in chips) 
Seat 2: PaduaC ($10 in chips) 
Seat 3: jay822286 ($2.45 in chips) 
Seat 4: Mahu2021 ($8.89 in chips) 
Seat 5: davowar ($7.87 in chips) 
Seat 6: franz Z750 ($10.78 in chips) 
PaduaC: posts small blind $0.05
jay822286: posts big blind $0.10
*** HOLE CARDS ***
Dealt to Mahu2021 [8s 3c]
Mahu2021: folds 
davowar: raises $0.20 to $0.30
franz Z750: raises $0.50 to $0.80
Fishpoker17: folds 
PaduaC: folds 
jay822286: folds 
davowar: folds 
Uncalled bet ($0.50) returned to franz Z750
franz Z750 collected $0.75 from pot
franz Z750: doesn't show hand 
*** SUMMARY ***
Total pot $0.75 | Rake $0 
Seat 1: Fishpoker17 (button) folded before Flop (didn't bet)
Seat 2: PaduaC (small blind) folded before Flop
Seat 3: jay822286 (big blind) folded before Flop
Seat 4: Mahu2021 folded before Flop (didn't bet)
Seat 5: davowar folded before Flop
Seat 6: franz Z750 collected ($0.75)



PokerStars Zoom Hand #254607940770:  Hold'em No Limit ($0.05/$0.10) - 2025/01/29 17:26:58 CET [2025/01/29 11:26:58 ET]
Table 'Aludra' 6-max Seat #1 is the button
Seat 1: PaduaC ($10 in chips) 
Seat 2: Mahu2021 ($8.89 in chips) 
Seat 3: humo97 ($10.41 in chips) 
Seat 4: miu_0716 ($10.20 in chips) 
Seat 5: unravelnick ($27.20 in chips) 
Seat 6: BKong245 ($25.35 in chips) 
Mahu2021: posts small blind $0.05
humo97: posts big blind $0.10
*** HOLE CARDS ***
Dealt to Mahu2021 [Tc 5c]
miu_0716: raises $0.12 to $0.22
unravelnick: calls $0.22
BKong245: folds 
PaduaC: folds 
Mahu2021: folds 
humo97: folds 
*** FLOP *** [Ac 2h Qc]
miu_0716: checks 
unravelnick: checks 
*** TURN *** [Ac 2h Qc] [9h]
miu_0716: checks 
unravelnick: bets $0.30
miu_0716: calls $0.30
*** RIVER *** [Ac 2h Qc 9h] [6d]
miu_0716: checks 
unravelnick: checks 
*** SHOW DOWN ***
miu_0716: shows [3d Ad] (a pair of Aces)
unravelnick: mucks hand 
miu_0716 collected $1.14 from pot
*** SUMMARY ***
Total pot $1.19 | Rake $0.05 
Board [Ac 2h Qc 9h 6d]
Seat 1: PaduaC (button) folded before Flop (didn't bet)
Seat 2: Mahu2021 (small blind) folded before Flop
Seat 3: humo97 (big blind) folded before Flop
Seat 4: miu_0716 showed [3d Ad] and won ($1.14) with a pair of Aces
Seat 5: unravelnick mucked [5h 6h]
Seat 6: BKong245 folded before Flop (didn't bet)



PokerStars Zoom Hand #254607938985:  Hold'em No Limit ($0.05/$0.10) - 2025/01/29 17:26:50 CET [2025/01/29 11:26:50 ET]
Table 'Aludra' 6-max Seat #1 is the button
Seat 1: Tfranciscato ($7.42 in chips) 
Seat 2: 01kraken01 ($9.73 in chips) 
Seat 3: miu_0716 ($11.22 in chips) 
Seat 4: jay822286 ($2.45 in chips) 
Seat 5: Mahu2021 ($8.89 in chips) 
Seat 6: ParadiseA420 ($10.80 in chips) 
01kraken01: posts small blind $0.05
miu_0716: posts big blind $0.10
*** HOLE CARDS ***
Dealt to Mahu2021 [5c 8s]
jay822286: folds 
Mahu2021: folds 
ParadiseA420: calls $0.10
Tfranciscato: raises $0.70 to $0.80
01kraken01: calls $0.75
miu_0716: folds 
ParadiseA420: calls $0.70
*** FLOP *** [7h 7d Kc]
01kraken01: checks 
ParadiseA420: checks 
Tfranciscato: bets $1
01kraken01: folds 
ParadiseA420: folds 
Uncalled bet ($1) returned to Tfranciscato
Tfranciscato collected $2.39 from pot
Tfranciscato: doesn't show hand 
*** SUMMARY ***
Total pot $2.50 | Rake $0.11 
Board [7h 7d Kc]
Seat 1: Tfranciscato (button) collected ($2.39)
Seat 2: 01kraken01 (small blind) folded on the Flop
Seat 3: miu_0716 (big blind) folded before Flop
Seat 4: jay822286 folded before Flop (didn't bet)
Seat 5: Mahu2021 folded before Flop (didn't bet)
Seat 6: ParadiseA420 folded on the Flop



PokerStars Zoom Hand #254607928299:  Hold'em No Limit ($0.05/$0.10) - 2025/01/29 17:26:02 CET [2025/01/29 11:26:02 ET]
Table 'Aludra' 6-max Seat #1 is the button
Seat 1: IvishoW ($11.11 in chips) 
Seat 2: Gobi000 ($11.15 in chips) 
Seat 3: Mahu2021 ($9.14 in chips) 
Seat 4: Elvisc8_96 ($14.32 in chips) 
Seat 5: cip1001t ($12.42 in chips) 
Seat 6: lnegrin ($15.53 in chips) 
Gobi000: posts small blind $0.05
Mahu2021: posts big blind $0.10
*** HOLE CARDS ***
Dealt to Mahu2021 [Qd 5s]
Elvisc8_96: folds 
cip1001t: folds 
lnegrin: raises $0.15 to $0.25
IvishoW: folds 
Gobi000: raises $0.95 to $1.20
Mahu2021: folds 
lnegrin: calls $0.95
*** FLOP *** [5c 7h 3s]
Gobi000: bets $1.79
lnegrin: calls $1.79
*** TURN *** [5c 7h 3s] [6c]
Gobi000: bets $8.16 and is all-in
lnegrin: folds 
Uncalled bet ($8.16) returned to Gobi000
Gobi000 collected $5.81 from pot
Gobi000: doesn't show hand 
*** SUMMARY ***
Total pot $6.08 | Rake $0.27 
Board [5c 7h 3s 6c]
Seat 1: IvishoW (button) folded before Flop (didn't bet)
Seat 2: Gobi000 (small blind) collected ($5.81)
Seat 3: Mahu2021 (big blind) folded before Flop
Seat 4: Elvisc8_96 folded before Flop (didn't bet)
Seat 5: cip1001t folded before Flop (didn't bet)
Seat 6: lnegrin folded on the Turn



PokerStars Zoom Hand #254607943864:  Hold'em No Limit ($0.05/$0.10) - 2025/01/29 17:27:12 CET [2025/01/29 11:27:12 ET]
Table 'Aludra' 6-max Seat #1 is the button
Seat 1: cip1001t ($12.22 in chips) 
Seat 2: 1Sighinau ($14.53 in chips) 
Seat 3: Mahu2021 ($8.84 in chips) 
Seat 4: IvishoW ($33.03 in chips) 
Seat 5: rGiosa ($15.93 in chips) 
Seat 6: Jamie_McPartlin ($15.47 in chips) 
1Sighinau: posts small blind $0.05
Mahu2021: posts big blind $0.10
*** HOLE CARDS ***
Dealt to Mahu2021 [8s Th]
IvishoW: folds 
rGiosa: raises $0.15 to $0.25
Jamie_McPartlin: folds 
cip1001t: folds 
1Sighinau: folds 
Mahu2021: folds 
Uncalled bet ($0.15) returned to rGiosa
rGiosa collected $0.25 from pot
rGiosa: doesn't show hand 
*** SUMMARY ***
Total pot $0.25 | Rake $0 
Seat 1: cip1001t (button) folded before Flop (didn't bet)
Seat 2: 1Sighinau (small blind) folded before Flop
Seat 3: Mahu2021 (big blind) folded before Flop
Seat 4: IvishoW folded before Flop (didn't bet)
Seat 5: rGiosa collected ($0.25)
Seat 6: Jamie_McPartlin folded before Flop (didn't bet)



PokerStars Zoom Hand #254607945388:  Hold'em No Limit ($0.05/$0.10) - 2025/01/29 17:27:19 CET [2025/01/29 11:27:19 ET]
Table 'Aludra' 6-max Seat #1 is the button
Seat 1: Mahu2021 ($8.74 in chips) 
Seat 2: Fishpoker17 ($15.33 in chips) 
Seat 3: cold_man62 ($3.78 in chips) 
Seat 4: sestovschi ($6.19 in chips) 
Seat 5: thanson17 ($5.48 in chips) 
Seat 6: ANDY CAROL ($10.05 in chips) 
Fishpoker17: posts small blind $0.05
cold_man62: posts big blind $0.10
*** HOLE CARDS ***
Dealt to Mahu2021 [9c Ad]
sestovschi: raises $0.20 to $0.30
thanson17: folds 
ANDY CAROL: folds 
Mahu2021: calls $0.30
Fishpoker17: folds 
cold_man62: folds 
*** FLOP *** [4s Ks 8h]
sestovschi: checks 
Mahu2021: checks 
*** TURN *** [4s Ks 8h] [Qd]
sestovschi: bets $0.36
Mahu2021: folds 
Uncalled bet ($0.36) returned to sestovschi
sestovschi collected $0.72 from pot
sestovschi: doesn't show hand 
*** SUMMARY ***
Total pot $0.75 | Rake $0.03 
Board [4s Ks 8h Qd]
Seat 1: Mahu2021 (button) folded on the Turn
Seat 2: Fishpoker17 (small blind) folded before Flop
Seat 3: cold_man62 (big blind) folded before Flop
Seat 4: sestovschi collected ($0.72)
Seat 5: thanson17 folded before Flop (didn't bet)
Seat 6: ANDY CAROL folded before Flop (didn't bet)



PokerStars Zoom Hand #254607952861:  Hold'em No Limit ($0.05/$0.10) - 2025/01/29 17:27:53 CET [2025/01/29 11:27:53 ET]
Table 'Aludra' 6-max Seat #1 is the button
Seat 1: founder9 ($17.96 in chips) 
Seat 2: iza_doria ($2.79 in chips) 
Seat 3: kropotkin2000 ($10 in chips) 
Seat 4: Mahu2021 ($8.44 in chips) 
Seat 5: PaduaC ($10 in chips) 
Seat 6: ciceron86 ($10 in chips) 
iza_doria: posts small blind $0.05
kropotkin2000: posts big blind $0.10
*** HOLE CARDS ***
Dealt to Mahu2021 [Ad 9h]
Mahu2021: folds 
PaduaC: raises $0.12 to $0.22
ciceron86: folds 
founder9: calls $0.22
iza_doria: folds 
kropotkin2000: folds 
*** FLOP *** [3s Qs 5c]
PaduaC: bets $0.29
founder9: calls $0.29
*** TURN *** [3s Qs 5c] [4d]
PaduaC: bets $0.80
founder9: calls $0.80
*** RIVER *** [3s Qs 5c 4d] [6h]
PaduaC: checks 
founder9: checks 
*** SHOW DOWN ***
PaduaC: shows [Kc Ah] (high card Ace)
founder9: shows [9c 9d] (a pair of Nines)
founder9 collected $2.65 from pot
*** SUMMARY ***
Total pot $2.77 | Rake $0.12 
Board [3s Qs 5c 4d 6h]
Seat 1: founder9 (button) showed [9c 9d] and won ($2.65) with a pair of Nines
Seat 2: iza_doria (small blind) folded before Flop
Seat 3: kropotkin2000 (big blind) folded before Flop
Seat 4: Mahu2021 folded before Flop (didn't bet)
Seat 5: PaduaC showed [Kc Ah] and lost with high card Ace
Seat 6: ciceron86 folded before Flop (didn't bet)



PokerStars Zoom Hand #254607954384:  Hold'em No Limit ($0.05/$0.10) - 2025/01/29 17:28:00 CET [2025/01/29 11:28:00 ET]
Table 'Aludra' 6-max Seat #1 is the button
Seat 1: kropotkin2000 ($10.18 in chips) 
Seat 2: chimera252 ($11.60 in chips) 
Seat 3: Gobi000 ($10.49 in chips) 
Seat 4: Hopewar ($16.01 in chips) 
Seat 5: ciceron86 ($10 in chips) 
Seat 6: Mahu2021 ($8.44 in chips) 
chimera252: posts small blind $0.05
Gobi000: posts big blind $0.10
*** HOLE CARDS ***
Dealt to Mahu2021 [Kc 8d]
Hopewar: folds 
ciceron86: folds 
Mahu2021: folds 
kropotkin2000: raises $0.15 to $0.25
chimera252: folds 
Gobi000: folds 
Uncalled bet ($0.15) returned to kropotkin2000
kropotkin2000 collected $0.25 from pot
kropotkin2000: doesn't show hand 
*** SUMMARY ***
Total pot $0.25 | Rake $0 
Seat 1: kropotkin2000 (button) collected ($0.25)
Seat 2: chimera252 (small blind) folded before Flop
Seat 3: Gobi000 (big blind) folded before Flop
Seat 4: Hopewar folded before Flop (didn't bet)
Seat 5: ciceron86 folded before Flop (didn't bet)
Seat 6: Mahu2021 folded before Flop (didn't bet)



PokerStars Zoom Hand #254607951662:  Hold'em No Limit ($0.05/$0.10) - 2025/01/29 17:27:48 CET [2025/01/29 11:27:48 ET]
Table 'Aludra' 6-max Seat #1 is the button
Seat 1: Chuchi1987 ($11.24 in chips) 
Seat 2: chica220 ($10.85 in chips) 
Seat 3: Jamie_McPartlin ($8.56 in chips) 
Seat 4: Axel Logan ($10.50 in chips) 
Seat 5: Mahu2021 ($8.44 in chips) 
Seat 6: zozorrr ($17.71 in chips) 
chica220: posts small blind $0.05
Jamie_McPartlin: posts big blind $0.10
*** HOLE CARDS ***
Dealt to Mahu2021 [2c 3s]
Axel Logan: raises $0.14 to $0.24
Mahu2021: folds 
zozorrr: folds 
Chuchi1987: calls $0.24
chica220: folds 
Jamie_McPartlin: calls $0.14
*** FLOP *** [Td Qd 6d]
Jamie_McPartlin: checks 
Axel Logan: checks 
Chuchi1987: checks 
*** TURN *** [Td Qd 6d] [Qh]
Jamie_McPartlin: checks 
Axel Logan: checks 
Chuchi1987: checks 
*** RIVER *** [Td Qd 6d Qh] [Kh]
Jamie_McPartlin: checks 
Axel Logan: checks 
Chuchi1987: checks 
*** SHOW DOWN ***
Jamie_McPartlin: shows [4s 4c] (two pair, Queens and Fours)
Axel Logan: shows [Jc Kd] (two pair, Kings and Queens)
Chuchi1987: mucks hand 
Axel Logan collected $0.74 from pot
*** SUMMARY ***
Total pot $0.77 | Rake $0.03 
Board [Td Qd 6d Qh Kh]
Seat 1: Chuchi1987 (button) mucked [7s 7c]
Seat 2: chica220 (small blind) folded before Flop
Seat 3: Jamie_McPartlin (big blind) showed [4s 4c] and lost with two pair, Queens and Fours
Seat 4: Axel Logan showed [Jc Kd] and won ($0.74) with two pair, Kings and Queens
Seat 5: Mahu2021 folded before Flop (didn't bet)
Seat 6: zozorrr folded before Flop (didn't bet)



PokerStars Zoom Hand #254607950307:  Hold'em No Limit ($0.05/$0.10) - 2025/01/29 17:27:41 CET [2025/01/29 11:27:41 ET]
Table 'Aludra' 6-max Seat #1 is the button
Seat 1: AceWise ($29.96 in chips) 
Seat 2: Elvisc8_96 ($19.44 in chips) 
Seat 3: 42Oedipius ($12.34 in chips) 
Seat 4: Mahu2021 ($8.44 in chips) 
Seat 5: Jamie_McPartlin ($8.56 in chips) 
Seat 6: Fakasaki ($13.10 in chips) 
Elvisc8_96: posts small blind $0.05
42Oedipius: posts big blind $0.10
*** HOLE CARDS ***
Dealt to Mahu2021 [2c Jd]
Mahu2021: folds 
Jamie_McPartlin: folds 
Fakasaki: folds 
AceWise: raises $0.15 to $0.25
Elvisc8_96: folds 
42Oedipius: calls $0.15
*** FLOP *** [4c Td Kh]
42Oedipius: checks 
AceWise: bets $0.17
42Oedipius: calls $0.17
*** TURN *** [4c Td Kh] [5h]
42Oedipius: checks 
AceWise: checks 
*** RIVER *** [4c Td Kh 5h] [7h]
42Oedipius: bets $0.38
AceWise: folds 
Uncalled bet ($0.38) returned to 42Oedipius
42Oedipius collected $0.85 from pot
42Oedipius: doesn't show hand 
*** SUMMARY ***
Total pot $0.89 | Rake $0.04 
Board [4c Td Kh 5h 7h]
Seat 1: AceWise (button) folded on the River
Seat 2: Elvisc8_96 (small blind) folded before Flop
Seat 3: 42Oedipius (big blind) collected ($0.85)
Seat 4: Mahu2021 folded before Flop (didn't bet)
Seat 5: Jamie_McPartlin folded before Flop (didn't bet)
Seat 6: Fakasaki folded before Flop (didn't bet)



PokerStars Zoom Hand #254607955123:  Hold'em No Limit ($0.05/$0.10) - 2025/01/29 17:28:04 CET [2025/01/29 11:28:04 ET]
Table 'Aludra' 6-max Seat #1 is the button
Seat 1: Elvisc8_96 ($19.39 in chips) 
Seat 2: Mallardz ($18.49 in chips) 
Seat 3: Mahu2021 ($8.44 in chips) 
Seat 4: rGiosa ($16.03 in chips) 
Seat 5: ANDY CAROL ($10.15 in chips) 
Seat 6: Fakasaki ($13.10 in chips) 
Mallardz: posts small blind $0.05
Mahu2021: posts big blind $0.10
*** HOLE CARDS ***
Dealt to Mahu2021 [Jc Qc]
rGiosa: folds 
ANDY CAROL: folds 
Fakasaki: folds 
Elvisc8_96: folds 
Mallardz: raises $0.20 to $0.30
Mahu2021: calls $0.20
*** FLOP *** [Js 9c Ks]
Mallardz: checks 
Mahu2021: bets $0.30
Mallardz: calls $0.30
*** TURN *** [Js 9c Ks] [3d]
Mallardz: checks 
Mahu2021: bets $0.30
Mallardz: calls $0.30
*** RIVER *** [Js 9c Ks 3d] [Jh]
Mallardz: checks 
Mahu2021: bets $1.72
Mallardz: folds 
Uncalled bet ($1.72) returned to Mahu2021
Mahu2021 collected $1.72 from pot
Mahu2021: doesn't show hand 
*** SUMMARY ***
Total pot $1.80 | Rake $0.08 
Board [Js 9c Ks 3d Jh]
Seat 1: Elvisc8_96 (button) folded before Flop (didn't bet)
Seat 2: Mallardz (small blind) folded on the River
Seat 3: Mahu2021 (big blind) collected ($1.72)
Seat 4: rGiosa folded before Flop (didn't bet)
Seat 5: ANDY CAROL folded before Flop (didn't bet)
Seat 6: Fakasaki folded before Flop (didn't bet)



PokerStars Zoom Hand #254607967633:  Hold'em No Limit ($0.05/$0.10) - 2025/01/29 17:29:01 CET [2025/01/29 11:29:01 ET]
Table 'Aludra' 6-max Seat #1 is the button
Seat 1: Batyrov44 ($10.05 in chips) 
Seat 2: Mahu2021 ($9.26 in chips) 
Seat 3: schachmats ($10 in chips) 
Seat 4: jay822286 ($2.51 in chips) 
Seat 5: rGiosa ($22.59 in chips) 
Seat 6: metel-sky ($1.86 in chips) 
Mahu2021: posts small blind $0.05
schachmats: posts big blind $0.10
*** HOLE CARDS ***
Dealt to Mahu2021 [Ts 8h]
jay822286: raises $0.10 to $0.20
rGiosa: folds 
metel-sky: folds 
Batyrov44: folds 
Mahu2021: folds 
schachmats: calls $0.10
*** FLOP *** [3d 4d 7d]
schachmats: checks 
jay822286: checks 
*** TURN *** [3d 4d 7d] [2h]
schachmats: checks 
jay822286: checks 
*** RIVER *** [3d 4d 7d 2h] [4c]
schachmats: bets $0.20
jay822286: folds 
Uncalled bet ($0.20) returned to schachmats
schachmats collected $0.43 from pot
schachmats: doesn't show hand 
*** SUMMARY ***
Total pot $0.45 | Rake $0.02 
Board [3d 4d 7d 2h 4c]
Seat 1: Batyrov44 (button) folded before Flop (didn't bet)
Seat 2: Mahu2021 (small blind) folded before Flop
Seat 3: schachmats (big blind) collected ($0.43)
Seat 4: jay822286 folded on the River
Seat 5: rGiosa folded before Flop (didn't bet)
Seat 6: metel-sky folded before Flop (didn't bet)



PokerStars Zoom Hand #254607970077:  Hold'em No Limit ($0.05/$0.10) - 2025/01/29 17:29:12 CET [2025/01/29 11:29:12 ET]
Table 'Aludra' 6-max Seat #1 is the button
Seat 1: Fakasaki ($11.18 in chips) 
Seat 2: thanson17 ($7.51 in chips) 
Seat 3: WolcharaAP ($11.75 in chips) 
Seat 4: Profbetting ($26.93 in chips) 
Seat 5: Mahu2021 ($9.21 in chips) 
Seat 6: Alexilie2022 ($22.16 in chips) 
thanson17: posts small blind $0.05
WolcharaAP: posts big blind $0.10
*** HOLE CARDS ***
Dealt to Mahu2021 [9d 5s]
Profbetting: folds 
Mahu2021: folds 
Alexilie2022: folds 
Fakasaki: folds 
thanson17: raises $0.20 to $0.30
WolcharaAP: folds 
Uncalled bet ($0.20) returned to thanson17
thanson17 collected $0.20 from pot
thanson17: doesn't show hand 
*** SUMMARY ***
Total pot $0.20 | Rake $0 
Seat 1: Fakasaki (button) folded before Flop (didn't bet)
Seat 2: thanson17 (small blind) collected ($0.20)
Seat 3: WolcharaAP (big blind) folded before Flop
Seat 4: Profbetting folded before Flop (didn't bet)
Seat 5: Mahu2021 folded before Flop (didn't bet)
Seat 6: Alexilie2022 folded before Flop (didn't bet)



PokerStars Zoom Hand #254607953751:  Hold'em No Limit ($0.05/$0.10) - 2025/01/29 17:27:57 CET [2025/01/29 11:27:57 ET]
Table 'Aludra' 6-max Seat #1 is the button
Seat 1: Axel Logan ($10.42 in chips) 
Seat 2: Profbetting ($26.57 in chips) 
Seat 3: v4valter88 ($12.04 in chips) 
Seat 4: Mahu2021 ($8.44 in chips) 
Seat 5: chimera252 ($11.60 in chips) 
Seat 6: Fishpoker17 ($30.52 in chips) 
Profbetting: posts small blind $0.05
v4valter88: posts big blind $0.10
*** HOLE CARDS ***
Dealt to Mahu2021 [Tc 9h]
Mahu2021: folds 
chimera252: folds 
Fishpoker17: raises $0.10 to $0.20
Axel Logan: folds 
Profbetting: folds 
v4valter88: calls $0.10
*** FLOP *** [7d Jc 9s]
v4valter88: checks 
Fishpoker17: bets $0.14
v4valter88: calls $0.14
*** TURN *** [7d Jc 9s] [2s]
v4valter88: checks 
Fishpoker17: bets $0.53
v4valter88: calls $0.53
*** RIVER *** [7d Jc 9s 2s] [Qh]
v4valter88: checks 
Fishpoker17: checks 
*** SHOW DOWN ***
v4valter88: shows [6s Js] (a pair of Jacks)
Fishpoker17: shows [Jh Ts] (a pair of Jacks - Queen+Ten kicker)
Fishpoker17 collected $1.71 from pot
*** SUMMARY ***
Total pot $1.79 | Rake $0.08 
Board [7d Jc 9s 2s Qh]
Seat 1: Axel Logan (button) folded before Flop (didn't bet)
Seat 2: Profbetting (small blind) folded before Flop
Seat 3: v4valter88 (big blind) showed [6s Js] and lost with a pair of Jacks
Seat 4: Mahu2021 folded before Flop (didn't bet)
Seat 5: chimera252 folded before Flop (didn't bet)
Seat 6: Fishpoker17 showed [Jh Ts] and won ($1.71) with a pair of Jacks



PokerStars Zoom Hand #254607971128:  Hold'em No Limit ($0.05/$0.10) - 2025/01/29 17:29:17 CET [2025/01/29 11:29:17 ET]
Table 'Aludra' 6-max Seat #1 is the button
Seat 1: Fishpoker17 ($11.20 in chips) 
Seat 2: Mahu2021 ($9.21 in chips) 
Seat 3: unravelnick ($10.09 in chips) 
Seat 4: Chuchi1987 ($10.95 in chips) 
Seat 5: rGiosa ($15.38 in chips) 
Seat 6: cip1001t ($15.04 in chips) 
Mahu2021: posts small blind $0.05
unravelnick: posts big blind $0.10
*** HOLE CARDS ***
Dealt to Mahu2021 [Qs 6s]
Chuchi1987: folds 
rGiosa: folds 
cip1001t: folds 
Fishpoker17: folds 
Mahu2021: folds 
Uncalled bet ($0.05) returned to unravelnick
unravelnick collected $0.10 from pot
unravelnick: doesn't show hand 
*** SUMMARY ***
Total pot $0.10 | Rake $0 
Seat 1: Fishpoker17 (button) folded before Flop (didn't bet)
Seat 2: Mahu2021 (small blind) folded before Flop
Seat 3: unravelnick (big blind) collected ($0.10)
Seat 4: Chuchi1987 folded before Flop (didn't bet)
Seat 5: rGiosa folded before Flop (didn't bet)
Seat 6: cip1001t folded before Flop (didn't bet)



PokerStars Zoom Hand #254607969342:  Hold'em No Limit ($0.05/$0.10) - 2025/01/29 17:29:09 CET [2025/01/29 11:29:09 ET]
Table 'Aludra' 6-max Seat #1 is the button
Seat 1: Axel Logan ($11.51 in chips) 
Seat 2: Fishpoker17 ($11.25 in chips) 
Seat 3: iza_doria ($2.99 in chips) 
Seat 4: Jamie_McPartlin ($10.86 in chips) 
Seat 5: olet779 ($13.95 in chips) 
Seat 6: Mahu2021 ($9.21 in chips) 
Fishpoker17: posts small blind $0.05
iza_doria: posts big blind $0.10
*** HOLE CARDS ***
Dealt to Mahu2021 [Js 2d]
Jamie_McPartlin: folds 
olet779: folds 
Mahu2021: folds 
Axel Logan: raises $0.14 to $0.24
Fishpoker17: folds 
iza_doria: calls $0.14
*** FLOP *** [Kh Ah 8d]
iza_doria: checks 
Axel Logan: bets $0.28
iza_doria: calls $0.28
*** TURN *** [Kh Ah 8d] [4h]
iza_doria: checks 
Axel Logan: checks 
*** RIVER *** [Kh Ah 8d 4h] [Jc]
iza_doria: checks 
Axel Logan: checks 
*** SHOW DOWN ***
iza_doria: shows [8s 9s] (a pair of Eights)
Axel Logan: mucks hand 
iza_doria collected $1.04 from pot
*** SUMMARY ***
Total pot $1.09 | Rake $0.05 
Board [Kh Ah 8d 4h Jc]
Seat 1: Axel Logan (button) mucked [3c 3d]
Seat 2: Fishpoker17 (small blind) folded before Flop
Seat 3: iza_doria (big blind) showed [8s 9s] and won ($1.04) with a pair of Eights
Seat 4: Jamie_McPartlin folded before Flop (didn't bet)
Seat 5: olet779 folded before Flop (didn't bet)
Seat 6: Mahu2021 folded before Flop (didn't bet)



PokerStars Zoom Hand #254607968510:  Hold'em No Limit ($0.05/$0.10) - 2025/01/29 17:29:05 CET [2025/01/29 11:29:05 ET]
Table 'Aludra' 6-max Seat #1 is the button
Seat 1: Mahu2021 ($9.21 in chips) 
Seat 2: cold_man62 ($1.84 in chips) 
Seat 3: ANDY CAROL ($10 in chips) 
Seat 4: IvishoW ($21.33 in chips) 
Seat 5: foodgg369 ($5.75 in chips) 
Seat 6: iza_doria ($2.99 in chips) 
cold_man62: posts small blind $0.05
ANDY CAROL: posts big blind $0.10
*** HOLE CARDS ***
Dealt to Mahu2021 [9s Kc]
IvishoW has timed out
IvishoW: folds 
foodgg369: folds 
iza_doria: folds 
Mahu2021: folds 
cold_man62: calls $0.05
ANDY CAROL: checks 
*** FLOP *** [4h 5s 6s]
cold_man62: checks 
ANDY CAROL: checks 
*** TURN *** [4h 5s 6s] [5h]
cold_man62: checks 
ANDY CAROL: checks 
*** RIVER *** [4h 5s 6s 5h] [Ks]
cold_man62: checks 
ANDY CAROL: bets $0.16
cold_man62: folds 
Uncalled bet ($0.16) returned to ANDY CAROL
ANDY CAROL collected $0.19 from pot
ANDY CAROL: doesn't show hand 
*** SUMMARY ***
Total pot $0.20 | Rake $0.01 
Board [4h 5s 6s 5h Ks]
Seat 1: Mahu2021 (button) folded before Flop (didn't bet)
Seat 2: cold_man62 (small blind) folded on the River
Seat 3: ANDY CAROL (big blind) collected ($0.19)
Seat 4: IvishoW folded before Flop (didn't bet)
Seat 5: foodgg369 folded before Flop (didn't bet)
Seat 6: iza_doria folded before Flop (didn't bet)



PokerStars Zoom Hand #254607972117:  Hold'em No Limit ($0.05/$0.10) - 2025/01/29 17:29:22 CET [2025/01/29 11:29:22 ET]
Table 'Aludra' 6-max Seat #1 is the button
Seat 1: AceWise ($29.55 in chips) 
Seat 2: larews ($9.80 in chips) 
Seat 3: Mahu2021 ($9.16 in chips) 
Seat 4: Elvisc8_96 ($13.78 in chips) 
Seat 5: Chuchi1987 ($10.95 in chips) 
Seat 6: KingRyanSzabo ($9.25 in chips) 
larews: posts small blind $0.05
Mahu2021: posts big blind $0.10
*** HOLE CARDS ***
Dealt to Mahu2021 [9c Qc]
Elvisc8_96: folds 
Chuchi1987: folds 
KingRyanSzabo: folds 
AceWise: raises $0.15 to $0.25
larews: folds 
Mahu2021: calls $0.15
*** FLOP *** [9d 8h Ad]
Mahu2021: checks 
AceWise: bets $0.17
Mahu2021: calls $0.17
*** TURN *** [9d 8h Ad] [2s]
Mahu2021: checks 
AceWise: checks 
*** RIVER *** [9d 8h Ad 2s] [4h]
Mahu2021: bets $0.85
AceWise: folds 
Uncalled bet ($0.85) returned to Mahu2021
Mahu2021 collected $0.85 from pot
Mahu2021: doesn't show hand 
*** SUMMARY ***
Total pot $0.89 | Rake $0.04 
Board [9d 8h Ad 2s 4h]
Seat 1: AceWise (button) folded on the River
Seat 2: larews (small blind) folded before Flop
Seat 3: Mahu2021 (big blind) collected ($0.85)
Seat 4: Elvisc8_96 folded before Flop (didn't bet)
Seat 5: Chuchi1987 folded before Flop (didn't bet)
Seat 6: KingRyanSzabo folded before Flop (didn't bet)



PokerStars Zoom Hand #254607979194:  Hold'em No Limit ($0.05/$0.10) - 2025/01/29 17:29:54 CET [2025/01/29 11:29:54 ET]
Table 'Aludra' 6-max Seat #1 is the button
Seat 1: Mahu2021 ($9.59 in chips) 
Seat 2: Dastik 5 ($10 in chips) 
Seat 3: GinthersRift ($10 in chips) 
Seat 4: ciceron86 ($10.77 in chips) 
Seat 5: Howly13 ($11.83 in chips) 
Seat 6: Hopewar ($15.71 in chips) 
Dastik 5: posts small blind $0.05
GinthersRift: posts big blind $0.10
*** HOLE CARDS ***
Dealt to Mahu2021 [Jh 7h]
ciceron86: folds 
Howly13: raises $0.20 to $0.30
Hopewar: folds 
Mahu2021: folds 
Dastik 5: folds 
GinthersRift: folds 
Uncalled bet ($0.20) returned to Howly13
Howly13 collected $0.25 from pot
Howly13: doesn't show hand 
*** SUMMARY ***
Total pot $0.25 | Rake $0 
Seat 1: Mahu2021 (button) folded before Flop (didn't bet)
Seat 2: Dastik 5 (small blind) folded before Flop
Seat 3: GinthersRift (big blind) folded before Flop
Seat 4: ciceron86 folded before Flop (didn't bet)
Seat 5: Howly13 collected ($0.25)
Seat 6: Hopewar folded before Flop (didn't bet)



PokerStars Zoom Hand #254607979891:  Hold'em No Limit ($0.05/$0.10) - 2025/01/29 17:29:57 CET [2025/01/29 11:29:57 ET]
Table 'Aludra' 6-max Seat #1 is the button
Seat 1: 01kraken01 ($10.10 in chips) 
Seat 2: rickroro ($15.49 in chips) 
Seat 3: founder9 ($15.96 in chips) 
Seat 4: Axel Logan ($10.15 in chips) 
Seat 5: zozorrr ($17.25 in chips) 
Seat 6: Mahu2021 ($9.59 in chips) 
rickroro: posts small blind $0.05
founder9: posts big blind $0.10
*** HOLE CARDS ***
Dealt to Mahu2021 [6c Ah]
Axel Logan: raises $0.14 to $0.24
zozorrr: folds 
Mahu2021: folds 
01kraken01: folds 
rickroro: folds 
founder9: calls $0.14
*** FLOP *** [3h 9h 5d]
founder9: bets $15.72 and is all-in
Axel Logan: folds 
Uncalled bet ($15.72) returned to founder9
founder9 collected $0.51 from pot
founder9: doesn't show hand 
*** SUMMARY ***
Total pot $0.53 | Rake $0.02 
Board [3h 9h 5d]
Seat 1: 01kraken01 (button) folded before Flop (didn't bet)
Seat 2: rickroro (small blind) folded before Flop
Seat 3: founder9 (big blind) collected ($0.51)
Seat 4: Axel Logan folded on the Flop
Seat 5: zozorrr folded before Flop (didn't bet)
Seat 6: Mahu2021 folded before Flop (didn't bet)



PokerStars Zoom Hand #254607980847:  Hold'em No Limit ($0.05/$0.10) - 2025/01/29 17:30:00 CET [2025/01/29 11:30:00 ET]
Table 'Aludra' 6-max Seat #1 is the button
Seat 1: metel-sky ($1.77 in chips) 
Seat 2: ANDY CAROL ($11.58 in chips) 
Seat 3: Rhymer82 ($11.49 in chips) 
Seat 4: Mahu2021 ($9.59 in chips) 
Seat 5: Hopewar ($15.71 in chips) 
Seat 6: Doominook ($19.66 in chips) 
ANDY CAROL: posts small blind $0.05
Rhymer82: posts big blind $0.10
*** HOLE CARDS ***
Dealt to Mahu2021 [Kd Ts]
Mahu2021: raises $0.14 to $0.24
Hopewar: folds 
Doominook: folds 
metel-sky: folds 
ANDY CAROL: folds 
Rhymer82: folds 
Uncalled bet ($0.14) returned to Mahu2021
Mahu2021 collected $0.25 from pot
Mahu2021: doesn't show hand 
*** SUMMARY ***
Total pot $0.25 | Rake $0 
Seat 1: metel-sky (button) folded before Flop (didn't bet)
Seat 2: ANDY CAROL (small blind) folded before Flop
Seat 3: Rhymer82 (big blind) folded before Flop
Seat 4: Mahu2021 collected ($0.25)
Seat 5: Hopewar folded before Flop (didn't bet)
Seat 6: Doominook folded before Flop (didn't bet)



PokerStars Zoom Hand #254607989227:  Hold'em No Limit ($0.05/$0.10) - 2025/01/29 17:30:38 CET [2025/01/29 11:30:38 ET]
Table 'Aludra' 6-max Seat #1 is the button
Seat 1: Pastor28 ($11.07 in chips) 
Seat 2: zédafoice ($8.96 in chips) 
Seat 3: ANDY CAROL ($10 in chips) 
Seat 4: rickroro ($15.34 in chips) 
Seat 5: Mahu2021 ($9.74 in chips) 
Seat 6: ciceron86 ($10 in chips) 
zédafoice: posts small blind $0.05
ANDY CAROL: posts big blind $0.10
*** HOLE CARDS ***
Dealt to Mahu2021 [8h 6d]
rickroro: folds 
Mahu2021: folds 
ciceron86: raises $0.15 to $0.25
Pastor28: folds 
zédafoice: folds 
ANDY CAROL: folds 
Uncalled bet ($0.15) returned to ciceron86
ciceron86 collected $0.25 from pot
ciceron86: doesn't show hand 
*** SUMMARY ***
Total pot $0.25 | Rake $0 
Seat 1: Pastor28 (button) folded before Flop (didn't bet)
Seat 2: zédafoice (small blind) folded before Flop
Seat 3: ANDY CAROL (big blind) folded before Flop
Seat 4: rickroro folded before Flop (didn't bet)
Seat 5: Mahu2021 folded before Flop (didn't bet)
Seat 6: ciceron86 collected ($0.25)



PokerStars Zoom Hand #254607993204:  Hold'em No Limit ($0.05/$0.10) - 2025/01/29 17:30:56 CET [2025/01/29 11:30:56 ET]
Table 'Aludra' 6-max Seat #1 is the button
Seat 1: anadigrafos ($10.27 in chips) 
Seat 2: anderson ca6 ($10 in chips) 
Seat 3: rGiosa ($14.64 in chips) 
Seat 4: systraxsix ($9.80 in chips) 
Seat 5: Mahu2021 ($9.59 in chips) 
Seat 6: GinthersRift ($10 in chips) 
anderson ca6: posts small blind $0.05
rGiosa: posts big blind $0.10
*** HOLE CARDS ***
Dealt to Mahu2021 [Ad 2d]
systraxsix: folds 
Mahu2021: raises $0.14 to $0.24
GinthersRift: folds 
anadigrafos: folds 
anderson ca6: folds 
rGiosa: folds 
Uncalled bet ($0.14) returned to Mahu2021
Mahu2021 collected $0.25 from pot
Mahu2021: doesn't show hand 
*** SUMMARY ***
Total pot $0.25 | Rake $0 
Seat 1: anadigrafos (button) folded before Flop (didn't bet)
Seat 2: anderson ca6 (small blind) folded before Flop
Seat 3: rGiosa (big blind) folded before Flop
Seat 4: systraxsix folded before Flop (didn't bet)
Seat 5: Mahu2021 collected ($0.25)
Seat 6: GinthersRift folded before Flop (didn't bet)



PokerStars Zoom Hand #254607992337:  Hold'em No Limit ($0.05/$0.10) - 2025/01/29 17:30:52 CET [2025/01/29 11:30:52 ET]
Table 'Aludra' 6-max Seat #1 is the button
Seat 1: cold_man62 ($3.05 in chips) 
Seat 2: Mahu2021 ($9.64 in chips) 
Seat 3: PaduaC ($10.15 in chips) 
Seat 4: BKong245 ($26.81 in chips) 
Seat 5: davowar ($6.28 in chips) 
Seat 6: anderson ca6 ($10 in chips) 
Mahu2021: posts small blind $0.05
PaduaC: posts big blind $0.10
*** HOLE CARDS ***
Dealt to Mahu2021 [4s 3c]
BKong245: raises $0.15 to $0.25
davowar: calls $0.25
anderson ca6: folds 
cold_man62: folds 
Mahu2021: folds 
PaduaC: folds 
*** FLOP *** [Ac 6h 8h]
BKong245: bets $0.20
davowar: calls $0.20
*** TURN *** [Ac 6h 8h] [Qc]
BKong245: bets $1.50
davowar: raises $2 to $3.50
BKong245: calls $2
*** RIVER *** [Ac 6h 8h Qc] [4c]
BKong245: bets $2.54
davowar: calls $2.33 and is all-in
Uncalled bet ($0.21) returned to BKong245
*** SHOW DOWN ***
BKong245: shows [As Kc] (a pair of Aces)
davowar: shows [Qh Ah] (two pair, Aces and Queens)
davowar collected $12.14 from pot
*** SUMMARY ***
Total pot $12.71 | Rake $0.57 
Board [Ac 6h 8h Qc 4c]
Seat 1: cold_man62 (button) folded before Flop (didn't bet)
Seat 2: Mahu2021 (small blind) folded before Flop
Seat 3: PaduaC (big blind) folded before Flop
Seat 4: BKong245 showed [As Kc] and lost with a pair of Aces
Seat 5: davowar showed [Qh Ah] and won ($12.14) with two pair, Aces and Queens
Seat 6: anderson ca6 folded before Flop (didn't bet)



PokerStars Zoom Hand #254607991607:  Hold'em No Limit ($0.05/$0.10) - 2025/01/29 17:30:49 CET [2025/01/29 11:30:49 ET]
Table 'Aludra' 6-max Seat #1 is the button
Seat 1: Mahu2021 ($9.64 in chips) 
Seat 2: ozzer9 ($23.78 in chips) 
Seat 3: edi758 ($6.09 in chips) 
Seat 4: seeebeeek ($20.17 in chips) 
Seat 5: rickroro ($15.29 in chips) 
Seat 6: 42Oedipius ($11.97 in chips) 
ozzer9: posts small blind $0.05
edi758: posts big blind $0.10
*** HOLE CARDS ***
Dealt to Mahu2021 [6c 5s]
seeebeeek: raises $0.10 to $0.20
rickroro: folds 
42Oedipius: folds 
Mahu2021: folds 
ozzer9: folds 
edi758: calls $0.10
*** FLOP *** [9h Ts 9c]
edi758: bets $0.25
seeebeeek: folds 
Uncalled bet ($0.25) returned to edi758
edi758 collected $0.43 from pot
edi758: doesn't show hand 
*** SUMMARY ***
Total pot $0.45 | Rake $0.02 
Board [9h Ts 9c]
Seat 1: Mahu2021 (button) folded before Flop (didn't bet)
Seat 2: ozzer9 (small blind) folded before Flop
Seat 3: edi758 (big blind) collected ($0.43)
Seat 4: seeebeeek folded on the Flop
Seat 5: rickroro folded before Flop (didn't bet)
Seat 6: 42Oedipius folded before Flop (didn't bet)



PokerStars Zoom Hand #254607990251:  Hold'em No Limit ($0.05/$0.10) - 2025/01/29 17:30:43 CET [2025/01/29 11:30:43 ET]
Table 'Aludra' 6-max Seat #1 is the button
Seat 1: Gev47 ($5.59 in chips) 
Seat 2: Batyrov44 ($10 in chips) 
Seat 3: Mahu2021 ($9.74 in chips) 
Seat 4: edi758 ($6.09 in chips) 
Seat 5: Chuchi1987 ($11.55 in chips) 
Seat 6: Dastik 5 ($10 in chips) 
Batyrov44: posts small blind $0.05
Mahu2021: posts big blind $0.10
*** HOLE CARDS ***
Dealt to Mahu2021 [8c 2c]
edi758: folds 
Chuchi1987: raises $0.15 to $0.25
Dastik 5: folds 
Gev47: folds 
Batyrov44: raises $0.85 to $1.10
Mahu2021: folds 
Chuchi1987: calls $0.85
*** FLOP *** [Ac 2s 8d]
Batyrov44: bets $0.76
Chuchi1987: calls $0.76
*** TURN *** [Ac 2s 8d] [5h]
Batyrov44: checks 
Chuchi1987: bets $1.20
Batyrov44: folds 
Uncalled bet ($1.20) returned to Chuchi1987
Chuchi1987 collected $3.65 from pot
Chuchi1987: doesn't show hand 
*** SUMMARY ***
Total pot $3.82 | Rake $0.17 
Board [Ac 2s 8d 5h]
Seat 1: Gev47 (button) folded before Flop (didn't bet)
Seat 2: Batyrov44 (small blind) folded on the Turn
Seat 3: Mahu2021 (big blind) folded before Flop
Seat 4: edi758 folded before Flop (didn't bet)
Seat 5: Chuchi1987 collected ($3.65)
Seat 6: Dastik 5 folded before Flop (didn't bet)



PokerStars Zoom Hand #254607999760:  Hold'em No Limit ($0.05/$0.10) - 2025/01/29 17:31:25 CET [2025/01/29 11:31:25 ET]
Table 'Aludra' 6-max Seat #1 is the button
Seat 1: anderson ca6 ($10 in chips) 
Seat 2: Mahu2021 ($9.74 in chips) 
Seat 3: ACTN3 ($18.63 in chips) 
Seat 4: RYTTER63 ($12.21 in chips) 
Seat 5: McScretchy ($3.40 in chips) 
Seat 6: Doominook ($10.48 in chips) 
Mahu2021: posts small blind $0.05
ACTN3: posts big blind $0.10
*** HOLE CARDS ***
Dealt to Mahu2021 [3d 7s]
RYTTER63: folds 
McScretchy: folds 
Doominook: raises $0.15 to $0.25
anderson ca6: calls $0.25
Mahu2021: folds 
ACTN3: folds 
*** FLOP *** [2s Qs 6h]
Doominook: bets $0.50
anderson ca6: folds 
Uncalled bet ($0.50) returned to Doominook
Doominook collected $0.62 from pot
Doominook: doesn't show hand 
*** SUMMARY ***
Total pot $0.65 | Rake $0.03 
Board [2s Qs 6h]
Seat 1: anderson ca6 (button) folded on the Flop
Seat 2: Mahu2021 (small blind) folded before Flop
Seat 3: ACTN3 (big blind) folded before Flop
Seat 4: RYTTER63 folded before Flop (didn't bet)
Seat 5: McScretchy folded before Flop (didn't bet)
Seat 6: Doominook collected ($0.62)



PokerStars Zoom Hand #254607998885:  Hold'em No Limit ($0.05/$0.10) - 2025/01/29 17:31:21 CET [2025/01/29 11:31:21 ET]
Table 'Aludra' 6-max Seat #1 is the button
Seat 1: Salomandar ($10.53 in chips) 
Seat 2: Pesulle ($15.70 in chips) 
Seat 3: Fishpoker17 ($14.16 in chips) 
Seat 4: Mahu2021 ($9.74 in chips) 
Seat 5: Jamie_McPartlin ($8 in chips) 
Seat 6: AceWise ($29.23 in chips) 
Pesulle: posts small blind $0.05
Fishpoker17: posts big blind $0.10
*** HOLE CARDS ***
Dealt to Mahu2021 [4d 3c]
Mahu2021: folds 
Jamie_McPartlin: folds 
AceWise: raises $0.15 to $0.25
Salomandar: calls $0.25
Pesulle: folds 
Fishpoker17: folds 
*** FLOP *** [9d 8c Tc]
AceWise: checks 
Salomandar: bets $0.39
AceWise: folds 
Uncalled bet ($0.39) returned to Salomandar
Salomandar collected $0.62 from pot
Salomandar: doesn't show hand 
*** SUMMARY ***
Total pot $0.65 | Rake $0.03 
Board [9d 8c Tc]
Seat 1: Salomandar (button) collected ($0.62)
Seat 2: Pesulle (small blind) folded before Flop
Seat 3: Fishpoker17 (big blind) folded before Flop
Seat 4: Mahu2021 folded before Flop (didn't bet)
Seat 5: Jamie_McPartlin folded before Flop (didn't bet)
Seat 6: AceWise folded on the Flop



PokerStars Zoom Hand #254608001287:  Hold'em No Limit ($0.05/$0.10) - 2025/01/29 17:31:32 CET [2025/01/29 11:31:32 ET]
Table 'Aludra' 6-max Seat #1 is the button
Seat 1: Fishpoker17 ($14.06 in chips) 
Seat 2: ACTN3 ($18.53 in chips) 
Seat 3: Mahu2021 ($9.69 in chips) 
Seat 4: Pastor28 ($36.78 in chips) 
Seat 5: kloniss ($7.15 in chips) 
Seat 6: Elvisc8_96 ($19.49 in chips) 
ACTN3: posts small blind $0.05
Mahu2021: posts big blind $0.10
*** HOLE CARDS ***
Dealt to Mahu2021 [Ks Jd]
Pastor28: folds 
kloniss: folds 
Elvisc8_96: raises $0.15 to $0.25
Fishpoker17: folds 
ACTN3: folds 
Mahu2021: calls $0.15
*** FLOP *** [4c Qs 2c]
Mahu2021: checks 
Elvisc8_96: bets $0.17
Mahu2021: calls $0.17
*** TURN *** [4c Qs 2c] [2s]
Mahu2021: checks 
Elvisc8_96: bets $0.64
Mahu2021: folds 
Uncalled bet ($0.64) returned to Elvisc8_96
Elvisc8_96 collected $0.85 from pot
Elvisc8_96: doesn't show hand 
*** SUMMARY ***
Total pot $0.89 | Rake $0.04 
Board [4c Qs 2c 2s]
Seat 1: Fishpoker17 (button) folded before Flop (didn't bet)
Seat 2: ACTN3 (small blind) folded before Flop
Seat 3: Mahu2021 (big blind) folded on the Turn
Seat 4: Pastor28 folded before Flop (didn't bet)
Seat 5: kloniss folded before Flop (didn't bet)
Seat 6: Elvisc8_96 collected ($0.85)



PokerStars Zoom Hand #254608000558:  Hold'em No Limit ($0.05/$0.10) - 2025/01/29 17:31:29 CET [2025/01/29 11:31:29 ET]
Table 'Aludra' 6-max Seat #1 is the button
Seat 1: Axel Logan ($10 in chips) 
Seat 2: ANDY CAROL ($11.58 in chips) 
Seat 3: Gobi000 ($15.73 in chips) 
Seat 4: ciceron86 ($10.56 in chips) 
Seat 5: Mahu2021 ($9.69 in chips) 
Seat 6: Pastor28 ($36.78 in chips) 
ANDY CAROL: posts small blind $0.05
Gobi000: posts big blind $0.10
*** HOLE CARDS ***
Dealt to Mahu2021 [Qd 7d]
ciceron86: folds 
Mahu2021: folds 
Pastor28: folds 
Axel Logan: raises $0.14 to $0.24
ANDY CAROL: raises $0.96 to $1.20
Gobi000: folds 
Axel Logan: calls $0.96
*** FLOP *** [5h Td Qs]
ANDY CAROL: bets $1.90
Axel Logan: calls $1.90
*** TURN *** [5h Td Qs] [Jd]
ANDY CAROL: checks 
Axel Logan: bets $4.33
ANDY CAROL: folds 
Uncalled bet ($4.33) returned to Axel Logan
Axel Logan collected $6.02 from pot
Axel Logan: doesn't show hand 
*** SUMMARY ***
Total pot $6.30 | Rake $0.28 
Board [5h Td Qs Jd]
Seat 1: Axel Logan (button) collected ($6.02)
Seat 2: ANDY CAROL (small blind) folded on the Turn
Seat 3: Gobi000 (big blind) folded before Flop
Seat 4: ciceron86 folded before Flop (didn't bet)
Seat 5: Mahu2021 folded before Flop (didn't bet)
Seat 6: Pastor28 folded before Flop (didn't bet)



PokerStars Zoom Hand #254607997227:  Hold'em No Limit ($0.05/$0.10) - 2025/01/29 17:31:14 CET [2025/01/29 11:31:14 ET]
Table 'Aludra' 6-max Seat #1 is the button
Seat 1: Kidu2006 ($3.71 in chips) 
Seat 2: rGiosa ($19.96 in chips) 
Seat 3: larews ($10.57 in chips) 
Seat 4: Alexilie2022 ($21.13 in chips) 
Seat 5: Fakasaki ($25.67 in chips) 
Seat 6: Mahu2021 ($9.74 in chips) 
rGiosa: posts small blind $0.05
larews: posts big blind $0.10
*** HOLE CARDS ***
Dealt to Mahu2021 [9d 6s]
Alexilie2022: folds 
Fakasaki: folds 
Mahu2021: folds 
Kidu2006: calls $0.10
rGiosa: calls $0.05
larews: raises $0.10 to $0.20
Kidu2006: calls $0.10
rGiosa: calls $0.10
*** FLOP *** [Ac As Kd]
rGiosa: checks 
larews: bets $0.50
Kidu2006: folds 
rGiosa: calls $0.50
*** TURN *** [Ac As Kd] [Qh]
rGiosa: checks 
larews: bets $1.53
rGiosa: calls $1.53
*** RIVER *** [Ac As Kd Qh] [2c]
rGiosa: checks 
larews: checks 
*** SHOW DOWN ***
rGiosa: shows [Ah 5c] (three of a kind, Aces)
larews: mucks hand 
rGiosa collected $4.45 from pot
*** SUMMARY ***
Total pot $4.66 | Rake $0.21 
Board [Ac As Kd Qh 2c]
Seat 1: Kidu2006 (button) folded on the Flop
Seat 2: rGiosa (small blind) showed [Ah 5c] and won ($4.45) with three of a kind, Aces
Seat 3: larews (big blind) mucked [6d Td]
Seat 4: Alexilie2022 folded before Flop (didn't bet)
Seat 5: Fakasaki folded before Flop (didn't bet)
Seat 6: Mahu2021 folded before Flop (didn't bet)



PokerStars Zoom Hand #254608007897:  Hold'em No Limit ($0.05/$0.10) - 2025/01/29 17:32:02 CET [2025/01/29 11:32:02 ET]
Table 'Aludra' 6-max Seat #1 is the button
Seat 1: Fishpoker17 ($30.89 in chips) 
Seat 2: rickroro ($15.04 in chips) 
Seat 3: El_Chinguire_ ($10 in chips) 
Seat 4: Mahu2021 ($9.27 in chips) 
Seat 5: bond03337 ($8.78 in chips) 
Seat 6: foodgg369 ($5.17 in chips) 
rickroro: posts small blind $0.05
El_Chinguire_: posts big blind $0.10
*** HOLE CARDS ***
Dealt to Mahu2021 [7h 2d]
Mahu2021: folds 
bond03337: folds 
foodgg369: folds 
Fishpoker17: folds 
rickroro: raises $0.10 to $0.20
El_Chinguire_: raises $0.80 to $1
rickroro: calls $0.80
*** FLOP *** [Qc Kh Qh]
rickroro: checks 
El_Chinguire_: bets $1
rickroro: folds 
Uncalled bet ($1) returned to El_Chinguire_
El_Chinguire_ collected $1.91 from pot
El_Chinguire_: doesn't show hand 
*** SUMMARY ***
Total pot $2 | Rake $0.09 
Board [Qc Kh Qh]
Seat 1: Fishpoker17 (button) folded before Flop (didn't bet)
Seat 2: rickroro (small blind) folded on the Flop
Seat 3: El_Chinguire_ (big blind) collected ($1.91)
Seat 4: Mahu2021 folded before Flop (didn't bet)
Seat 5: bond03337 folded before Flop (didn't bet)
Seat 6: foodgg369 folded before Flop (didn't bet)



PokerStars Zoom Hand #254608010015:  Hold'em No Limit ($0.05/$0.10) - 2025/01/29 17:32:11 CET [2025/01/29 11:32:11 ET]
Table 'Aludra' 6-max Seat #1 is the button
Seat 1: cip1001t ($14.44 in chips) 
Seat 2: GinthersRift ($10 in chips) 
Seat 3: S.Bastow ($10 in chips) 
Seat 4: rGiosa ($22.18 in chips) 
Seat 5: Gobi000 ($10.80 in chips) 
Seat 6: Mahu2021 ($9.27 in chips) 
GinthersRift: posts small blind $0.05
S.Bastow: posts big blind $0.10
*** HOLE CARDS ***
Dealt to Mahu2021 [Qh Kd]
rGiosa: folds 
Gobi000: folds 
Mahu2021: raises $0.14 to $0.24
cip1001t: folds 
GinthersRift: folds 
S.Bastow: calls $0.14
*** FLOP *** [6c Ks 6s]
S.Bastow: checks 
Mahu2021: bets $0.51
S.Bastow: calls $0.51
*** TURN *** [6c Ks 6s] [Ah]
S.Bastow: checks 
Mahu2021: checks 
*** RIVER *** [6c Ks 6s Ah] [3s]
S.Bastow: checks 
Mahu2021: checks 
*** SHOW DOWN ***
S.Bastow: shows [Kh Th] (two pair, Kings and Sixes)
Mahu2021: shows [Qh Kd] (two pair, Kings and Sixes)
S.Bastow collected $0.74 from pot
Mahu2021 collected $0.74 from pot
*** SUMMARY ***
Total pot $1.55 | Rake $0.07 
Board [6c Ks 6s Ah 3s]
Seat 1: cip1001t (button) folded before Flop (didn't bet)
Seat 2: GinthersRift (small blind) folded before Flop
Seat 3: S.Bastow (big blind) showed [Kh Th] and won ($0.74) with two pair, Kings and Sixes
Seat 4: rGiosa folded before Flop (didn't bet)
Seat 5: Gobi000 folded before Flop (didn't bet)
Seat 6: Mahu2021 showed [Qh Kd] and won ($0.74) with two pair, Kings and Sixes



PokerStars Zoom Hand #254608020231:  Hold'em No Limit ($0.05/$0.10) - 2025/01/29 17:32:57 CET [2025/01/29 11:32:57 ET]
Table 'Aludra' 6-max Seat #1 is the button
Seat 1: rGiosa ($14.19 in chips) 
Seat 2: Mahu2021 ($9.26 in chips) 
Seat 3: anderson ca6 ($10.47 in chips) 
Seat 4: v4valter88 ($11.12 in chips) 
Seat 5: GinthersRift ($10 in chips) 
Seat 6: Fishpoker17 ($14 in chips) 
Mahu2021: posts small blind $0.05
anderson ca6: posts big blind $0.10
*** HOLE CARDS ***
Dealt to Mahu2021 [3s Td]
v4valter88: folds 
GinthersRift: folds 
Fishpoker17: folds 
rGiosa: folds 
Mahu2021: folds 
Uncalled bet ($0.05) returned to anderson ca6
anderson ca6 collected $0.10 from pot
anderson ca6: doesn't show hand 
*** SUMMARY ***
Total pot $0.10 | Rake $0 
Seat 1: rGiosa (button) folded before Flop (didn't bet)
Seat 2: Mahu2021 (small blind) folded before Flop
Seat 3: anderson ca6 (big blind) collected ($0.10)
Seat 4: v4valter88 folded before Flop (didn't bet)
Seat 5: GinthersRift folded before Flop (didn't bet)
Seat 6: Fishpoker17 folded before Flop (didn't bet)



PokerStars Zoom Hand #254608021062:  Hold'em No Limit ($0.05/$0.10) - 2025/01/29 17:33:01 CET [2025/01/29 11:33:01 ET]
Table 'Aludra' 6-max Seat #1 is the button
Seat 1: S.Bastow ($10 in chips) 
Seat 2: IvishoW ($33.04 in chips) 
Seat 3: Mahu2021 ($9.21 in chips) 
Seat 4: Doominook ($18.14 in chips) 
Seat 5: rGiosa ($14.19 in chips) 
Seat 6: Pesulle ($14.38 in chips) 
IvishoW: posts small blind $0.05
Mahu2021: posts big blind $0.10
*** HOLE CARDS ***
Dealt to Mahu2021 [5h As]
Doominook: folds 
rGiosa: folds 
Pesulle: folds 
S.Bastow: folds 
IvishoW: folds 
Uncalled bet ($0.05) returned to Mahu2021
Mahu2021 collected $0.10 from pot
Mahu2021: doesn't show hand 
*** SUMMARY ***
Total pot $0.10 | Rake $0 
Seat 1: S.Bastow (button) folded before Flop (didn't bet)
Seat 2: IvishoW (small blind) folded before Flop
Seat 3: Mahu2021 (big blind) collected ($0.10)
Seat 4: Doominook folded before Flop (didn't bet)
Seat 5: rGiosa folded before Flop (didn't bet)
Seat 6: Pesulle folded before Flop (didn't bet)



PokerStars Zoom Hand #254608008896:  Hold'em No Limit ($0.05/$0.10) - 2025/01/29 17:32:06 CET [2025/01/29 11:32:06 ET]
Table 'Aludra' 6-max Seat #1 is the button
Seat 1: Mahu2021 ($9.27 in chips) 
Seat 2: anderson ca6 ($10.57 in chips) 
Seat 3: top4eto860 ($20.87 in chips) 
Seat 4: cip1001t ($14.44 in chips) 
Seat 5: Hopewar ($15.56 in chips) 
Seat 6: ECH96 ($8.06 in chips) 
anderson ca6: posts small blind $0.05
top4eto860: posts big blind $0.10
*** HOLE CARDS ***
Dealt to Mahu2021 [6h 4h]
cip1001t: folds 
Hopewar: folds 
ECH96: calls $0.10
Mahu2021: folds 
anderson ca6: folds 
top4eto860: checks 
*** FLOP *** [Ks Js Tc]
top4eto860: checks 
ECH96: checks 
*** TURN *** [Ks Js Tc] [3d]
top4eto860: checks 
ECH96: bets $0.24
top4eto860: folds 
Uncalled bet ($0.24) returned to ECH96
ECH96 collected $0.24 from pot
ECH96: doesn't show hand 
*** SUMMARY ***
Total pot $0.25 | Rake $0.01 
Board [Ks Js Tc 3d]
Seat 1: Mahu2021 (button) folded before Flop (didn't bet)
Seat 2: anderson ca6 (small blind) folded before Flop
Seat 3: top4eto860 (big blind) folded on the Turn
Seat 4: cip1001t folded before Flop (didn't bet)
Seat 5: Hopewar folded before Flop (didn't bet)
Seat 6: ECH96 collected ($0.24)



PokerStars Zoom Hand #254608024139:  Hold'em No Limit ($0.05/$0.10) - 2025/01/29 17:33:16 CET [2025/01/29 11:33:16 ET]
Table 'Aludra' 6-max Seat #1 is the button
Seat 1: Mahu2021 ($9.26 in chips) 
Seat 2: Hopewar ($15.61 in chips) 
Seat 3: lnegrin ($12.81 in chips) 
Seat 4: Pastor28 ($11.62 in chips) 
Seat 5: sestovschi ($7.10 in chips) 
Seat 6: Batyrov44 ($10.10 in chips) 
Hopewar: posts small blind $0.05
lnegrin: posts big blind $0.10
*** HOLE CARDS ***
Dealt to Mahu2021 [Ks 5c]
Pastor28: folds 
sestovschi: folds 
Batyrov44: folds 
Mahu2021: folds 
Hopewar: folds 
Uncalled bet ($0.05) returned to lnegrin
lnegrin collected $0.10 from pot
lnegrin: doesn't show hand 
*** SUMMARY ***
Total pot $0.10 | Rake $0 
Seat 1: Mahu2021 (button) folded before Flop (didn't bet)
Seat 2: Hopewar (small blind) folded before Flop
Seat 3: lnegrin (big blind) collected ($0.10)
Seat 4: Pastor28 folded before Flop (didn't bet)
Seat 5: sestovschi folded before Flop (didn't bet)
Seat 6: Batyrov44 folded before Flop (didn't bet)



PokerStars Zoom Hand #254608025007:  Hold'em No Limit ($0.05/$0.10) - 2025/01/29 17:33:21 CET [2025/01/29 11:33:21 ET]
Table 'Aludra' 6-max Seat #1 is the button
Seat 1: Fakasaki ($13.67 in chips) 
Seat 2: Whiskyke ($9.72 in chips) 
Seat 3: GinthersRift ($10 in chips) 
Seat 4: Pastor28 ($14.08 in chips) 
Seat 5: Mahu2021 ($9.26 in chips) 
Seat 6: edi758 ($6.63 in chips) 
Whiskyke: posts small blind $0.05
GinthersRift: posts big blind $0.10
*** HOLE CARDS ***
Dealt to Mahu2021 [9h Kc]
Pastor28: folds 
Mahu2021: folds 
edi758: folds 
Fakasaki: raises $0.15 to $0.25
Whiskyke: folds 
GinthersRift: folds 
Uncalled bet ($0.15) returned to Fakasaki
Fakasaki collected $0.25 from pot
Fakasaki: doesn't show hand 
*** SUMMARY ***
Total pot $0.25 | Rake $0 
Seat 1: Fakasaki (button) collected ($0.25)
Seat 2: Whiskyke (small blind) folded before Flop
Seat 3: GinthersRift (big blind) folded before Flop
Seat 4: Pastor28 folded before Flop (didn't bet)
Seat 5: Mahu2021 folded before Flop (didn't bet)
Seat 6: edi758 folded before Flop (didn't bet)



PokerStars Zoom Hand #254608027685:  Hold'em No Limit ($0.05/$0.10) - 2025/01/29 17:33:33 CET [2025/01/29 11:33:33 ET]
Table 'Aludra' 6-max Seat #1 is the button
Seat 1: bond03337 ($8.28 in chips) 
Seat 2: Fakasaki ($11.52 in chips) 
Seat 3: BKong245 ($25.58 in chips) 
Seat 4: Mahu2021 ($9.26 in chips) 
Seat 5: rickroro ($7.53 in chips) 
Seat 6: chica220 ($13.20 in chips) 
Fakasaki: posts small blind $0.05
BKong245: posts big blind $0.10
*** HOLE CARDS ***
Dealt to Mahu2021 [3h 3s]
Mahu2021: folds 
rickroro: folds 
chica220: folds 
bond03337: folds 
Fakasaki: folds 
Uncalled bet ($0.05) returned to BKong245
BKong245 collected $0.10 from pot
BKong245: doesn't show hand 
*** SUMMARY ***
Total pot $0.10 | Rake $0 
Seat 1: bond03337 (button) folded before Flop (didn't bet)
Seat 2: Fakasaki (small blind) folded before Flop
Seat 3: BKong245 (big blind) collected ($0.10)
Seat 4: Mahu2021 folded before Flop (didn't bet)
Seat 5: rickroro folded before Flop (didn't bet)
Seat 6: chica220 folded before Flop (didn't bet)



PokerStars Zoom Hand #254608028580:  Hold'em No Limit ($0.05/$0.10) - 2025/01/29 17:33:36 CET [2025/01/29 11:33:36 ET]
Table 'Aludra' 6-max Seat #1 is the button
Seat 1: GinthersRift ($10.43 in chips) 
Seat 2: Mahu2021 ($9.26 in chips) 
Seat 3: bond03337 ($8.28 in chips) 
Seat 4: lnegrin ($13.01 in chips) 
Seat 5: Fakasaki ($11.47 in chips) 
Seat 6: Mallardz ($16.98 in chips) 
Mahu2021: posts small blind $0.05
bond03337: posts big blind $0.10
*** HOLE CARDS ***
Dealt to Mahu2021 [5d 3s]
lnegrin: raises $0.10 to $0.20
Fakasaki: folds 
Mallardz: folds 
GinthersRift: folds 
Mahu2021: folds 
bond03337: folds 
Uncalled bet ($0.10) returned to lnegrin
lnegrin collected $0.25 from pot
lnegrin: doesn't show hand 
*** SUMMARY ***
Total pot $0.25 | Rake $0 
Seat 1: GinthersRift (button) folded before Flop (didn't bet)
Seat 2: Mahu2021 (small blind) folded before Flop
Seat 3: bond03337 (big blind) folded before Flop
Seat 4: lnegrin collected ($0.25)
Seat 5: Fakasaki folded before Flop (didn't bet)
Seat 6: Mallardz folded before Flop (didn't bet)



PokerStars Zoom Hand #254608029504:  Hold'em No Limit ($0.05/$0.10) - 2025/01/29 17:33:41 CET [2025/01/29 11:33:41 ET]
Table 'Aludra' 6-max Seat #1 is the button
Seat 1: IvishoW ($32.89 in chips) 
Seat 2: 01kraken01 ($9.46 in chips) 
Seat 3: Fishpoker17 ($30.75 in chips) 
Seat 4: rGiosa ($14.04 in chips) 
Seat 5: Mahu2021 ($9.21 in chips) 
Seat 6: juan19872323 ($10.43 in chips) 
01kraken01: posts small blind $0.05
Fishpoker17: posts big blind $0.10
*** HOLE CARDS ***
Dealt to Mahu2021 [Qs Js]
rGiosa: folds 
Mahu2021: raises $0.14 to $0.24
juan19872323: calls $0.24
IvishoW: folds 
01kraken01: folds 
Fishpoker17: folds 
*** FLOP *** [9s 2s 4d]
Mahu2021: checks 
juan19872323: checks 
*** TURN *** [9s 2s 4d] [3s]
Mahu2021: checks 
juan19872323: checks 
*** RIVER *** [9s 2s 4d 3s] [Qc]
Mahu2021: checks 
juan19872323: bets $0.20
Mahu2021: raises $0.80 to $1
juan19872323: folds 
Uncalled bet ($0.80) returned to Mahu2021
Mahu2021 collected $0.98 from pot
Mahu2021: doesn't show hand 
*** SUMMARY ***
Total pot $1.03 | Rake $0.05 
Board [9s 2s 4d 3s Qc]
Seat 1: IvishoW (button) folded before Flop (didn't bet)
Seat 2: 01kraken01 (small blind) folded before Flop
Seat 3: Fishpoker17 (big blind) folded before Flop
Seat 4: rGiosa folded before Flop (didn't bet)
Seat 5: Mahu2021 collected ($0.98)
Seat 6: juan19872323 folded on the River



PokerStars Zoom Hand #254608025747:  Hold'em No Limit ($0.05/$0.10) - 2025/01/29 17:33:24 CET [2025/01/29 11:33:24 ET]
Table 'Aludra' 6-max Seat #1 is the button
Seat 1: Doominook ($10.77 in chips) 
Seat 2: olet779 ($11.99 in chips) 
Seat 3: edi758 ($6.63 in chips) 
Seat 4: Pesulle ($10.45 in chips) 
Seat 5: El_Chinguire_ ($10.71 in chips) 
Seat 6: Mahu2021 ($9.26 in chips) 
olet779: posts small blind $0.05
edi758: posts big blind $0.10
*** HOLE CARDS ***
Dealt to Mahu2021 [Kc 5d]
Pesulle: raises $0.12 to $0.22
El_Chinguire_: raises $0.68 to $0.90
Mahu2021: folds 
Doominook: folds 
olet779: folds 
edi758: folds 
Pesulle: calls $0.68
*** FLOP *** [9s 2c Tc]
Pesulle: checks 
El_Chinguire_: bets $0.93
Pesulle: calls $0.93
*** TURN *** [9s 2c Tc] [2s]
Pesulle: checks 
El_Chinguire_: bets $1.90
Pesulle: calls $1.90
*** RIVER *** [9s 2c Tc 2s] [6s]
Pesulle: checks 
El_Chinguire_: bets $2.94
Pesulle: raises $3.78 to $6.72 and is all-in
El_Chinguire_: calls $3.78
*** SHOW DOWN ***
Pesulle: shows [Js As] (a flush, Ace high)
El_Chinguire_: shows [Qd Qc] (two pair, Queens and Deuces)
Pesulle collected $20.10 from pot
*** SUMMARY ***
Total pot $21.05 | Rake $0.95 
Board [9s 2c Tc 2s 6s]
Seat 1: Doominook (button) folded before Flop (didn't bet)
Seat 2: olet779 (small blind) folded before Flop
Seat 3: edi758 (big blind) folded before Flop
Seat 4: Pesulle showed [Js As] and won ($20.10) with a flush, Ace high
Seat 5: El_Chinguire_ showed [Qd Qc] and lost with two pair, Queens and Deuces
Seat 6: Mahu2021 folded before Flop (didn't bet)



PokerStars Zoom Hand #254608039436:  Hold'em No Limit ($0.05/$0.10) - 2025/01/29 17:34:25 CET [2025/01/29 11:34:25 ET]
Table 'Aludra' 6-max Seat #1 is the button
Seat 1: AAvsxD ($10 in chips) 
Seat 2: anderson ca6 ($10.23 in chips) 
Seat 3: Mahu2021 ($9.75 in chips) 
Seat 4: Pastor28 ($15.31 in chips) 
Seat 5: ANDY CAROL ($11.50 in chips) 
Seat 6: GinthersRift ($10.48 in chips) 
anderson ca6: posts small blind $0.05
Mahu2021: posts big blind $0.10
*** HOLE CARDS ***
Dealt to Mahu2021 [Jh 2d]
Pastor28: raises $0.10 to $0.20
ANDY CAROL: folds 
GinthersRift: folds 
AAvsxD: folds 
anderson ca6: folds 
Mahu2021: folds 
Uncalled bet ($0.10) returned to Pastor28
Pastor28 collected $0.25 from pot
Pastor28: doesn't show hand 
*** SUMMARY ***
Total pot $0.25 | Rake $0 
Seat 1: AAvsxD (button) folded before Flop (didn't bet)
Seat 2: anderson ca6 (small blind) folded before Flop
Seat 3: Mahu2021 (big blind) folded before Flop
Seat 4: Pastor28 collected ($0.25)
Seat 5: ANDY CAROL folded before Flop (didn't bet)
Seat 6: GinthersRift folded before Flop (didn't bet)



PokerStars Zoom Hand #254608042782:  Hold'em No Limit ($0.05/$0.10) - 2025/01/29 17:34:40 CET [2025/01/29 11:34:40 ET]
Table 'Aludra' 6-max Seat #1 is the button
Seat 1: Mahu2021 ($9.65 in chips) 
Seat 2: Pesulle ($14.80 in chips) 
Seat 3: Elvisc8_96 ($14.14 in chips) 
Seat 4: ACTN3 ($10.69 in chips) 
Seat 5: ANDY CAROL ($10.38 in chips) 
Seat 6: chica220 ($14.08 in chips) 
Pesulle: posts small blind $0.05
Elvisc8_96: posts big blind $0.10
*** HOLE CARDS ***
Dealt to Mahu2021 [Ks 2c]
ACTN3 has timed out
ACTN3: folds 
ANDY CAROL: folds 
chica220: folds 
Mahu2021: folds 
Pesulle: folds 
Uncalled bet ($0.05) returned to Elvisc8_96
Elvisc8_96 collected $0.10 from pot
Elvisc8_96: doesn't show hand 
*** SUMMARY ***
Total pot $0.10 | Rake $0 
Seat 1: Mahu2021 (button) folded before Flop (didn't bet)
Seat 2: Pesulle (small blind) folded before Flop
Seat 3: Elvisc8_96 (big blind) collected ($0.10)
Seat 4: ACTN3 folded before Flop (didn't bet)
Seat 5: ANDY CAROL folded before Flop (didn't bet)
Seat 6: chica220 folded before Flop (didn't bet)



PokerStars Zoom Hand #254608044668:  Hold'em No Limit ($0.05/$0.10) - 2025/01/29 17:34:48 CET [2025/01/29 11:34:48 ET]
Table 'Aludra' 6-max Seat #1 is the button
Seat 1: Salomandar ($6.62 in chips) 
Seat 2: seeebeeek ($22.18 in chips) 
Seat 3: Fakasaki ($11.60 in chips) 
Seat 4: stiffmaster4 ($12.11 in chips) 
Seat 5: Marques893 ($5.78 in chips) 
Seat 6: Mahu2021 ($9.65 in chips) 
seeebeeek: posts small blind $0.05
Fakasaki: posts big blind $0.10
*** HOLE CARDS ***
Dealt to Mahu2021 [9h 7d]
stiffmaster4: raises $0.20 to $0.30
Marques893: folds 
Mahu2021: folds 
Salomandar: folds 
seeebeeek: folds 
Fakasaki: folds 
Uncalled bet ($0.20) returned to stiffmaster4
stiffmaster4 collected $0.25 from pot
stiffmaster4: doesn't show hand 
*** SUMMARY ***
Total pot $0.25 | Rake $0 
Seat 1: Salomandar (button) folded before Flop (didn't bet)
Seat 2: seeebeeek (small blind) folded before Flop
Seat 3: Fakasaki (big blind) folded before Flop
Seat 4: stiffmaster4 collected ($0.25)
Seat 5: Marques893 folded before Flop (didn't bet)
Seat 6: Mahu2021 folded before Flop (didn't bet)



PokerStars Zoom Hand #254608043680:  Hold'em No Limit ($0.05/$0.10) - 2025/01/29 17:34:44 CET [2025/01/29 11:34:44 ET]
Table 'Aludra' 6-max Seat #1 is the button
Seat 1: anadigrafos ($9.10 in chips) 
Seat 2: chica220 ($14.08 in chips) 
Seat 3: rickroro ($7.48 in chips) 
Seat 4: benmchoul12 ($16.12 in chips) 
Seat 5: Mahu2021 ($9.65 in chips) 
Seat 6: rGiosa ($14.76 in chips) 
chica220: posts small blind $0.05
rickroro: posts big blind $0.10
*** HOLE CARDS ***
Dealt to Mahu2021 [3s 5c]
benmchoul12: folds 
Mahu2021: folds 
rGiosa: folds 
anadigrafos: folds 
chica220: raises $0.20 to $0.30
rickroro: calls $0.20
*** FLOP *** [Jd 2c Kc]
chica220: bets $0.29
rickroro: folds 
Uncalled bet ($0.29) returned to chica220
chica220 collected $0.57 from pot
chica220: doesn't show hand 
*** SUMMARY ***
Total pot $0.60 | Rake $0.03 
Board [Jd 2c Kc]
Seat 1: anadigrafos (button) folded before Flop (didn't bet)
Seat 2: chica220 (small blind) collected ($0.57)
Seat 3: rickroro (big blind) folded on the Flop
Seat 4: benmchoul12 folded before Flop (didn't bet)
Seat 5: Mahu2021 folded before Flop (didn't bet)
Seat 6: rGiosa folded before Flop (didn't bet)



PokerStars Zoom Hand #254608045860:  Hold'em No Limit ($0.05/$0.10) - 2025/01/29 17:34:54 CET [2025/01/29 11:34:54 ET]
Table 'Aludra' 6-max Seat #1 is the button
Seat 1: Alexandro_Lexe ($5.80 in chips) 
Seat 2: ANDY CAROL ($10.38 in chips) 
Seat 3: Salomandar ($6.62 in chips) 
Seat 4: Mahu2021 ($9.65 in chips) 
Seat 5: Mallardz ($13.81 in chips) 
Seat 6: zozorrr ($21.86 in chips) 
ANDY CAROL: posts small blind $0.05
Salomandar: posts big blind $0.10
*** HOLE CARDS ***
Dealt to Mahu2021 [Tc 5s]
Mahu2021: folds 
Mallardz: folds 
zozorrr: folds 
Alexandro_Lexe: folds 
ANDY CAROL: calls $0.05
Salomandar: checks 
*** FLOP *** [Qd 3s Qc]
ANDY CAROL: checks 
Salomandar: checks 
*** TURN *** [Qd 3s Qc] [Jh]
ANDY CAROL: bets $0.16
Salomandar: folds 
Uncalled bet ($0.16) returned to ANDY CAROL
ANDY CAROL collected $0.19 from pot
ANDY CAROL: doesn't show hand 
*** SUMMARY ***
Total pot $0.20 | Rake $0.01 
Board [Qd 3s Qc Jh]
Seat 1: Alexandro_Lexe (button) folded before Flop (didn't bet)
Seat 2: ANDY CAROL (small blind) collected ($0.19)
Seat 3: Salomandar (big blind) folded on the Turn
Seat 4: Mahu2021 folded before Flop (didn't bet)
Seat 5: Mallardz folded before Flop (didn't bet)
Seat 6: zozorrr folded before Flop (didn't bet)



PokerStars Zoom Hand #254608046558:  Hold'em No Limit ($0.05/$0.10) - 2025/01/29 17:34:57 CET [2025/01/29 11:34:57 ET]
Table 'Aludra' 6-max Seat #1 is the button
Seat 1: UNKNOWN_x_13 ($4.85 in chips) 
Seat 2: Mahu2021 ($9.65 in chips) 
Seat 3: Howly13 ($10.46 in chips) 
Seat 4: Pastor28 ($11.52 in chips) 
Seat 5: zozorrr ($21.86 in chips) 
Seat 6: seeebeeek ($22.13 in chips) 
Mahu2021: posts small blind $0.05
Howly13: posts big blind $0.10
*** HOLE CARDS ***
Dealt to Mahu2021 [5h 7d]
Pastor28: raises $0.10 to $0.20
zozorrr: folds 
seeebeeek: folds 
UNKNOWN_x_13: folds 
Mahu2021: folds 
Howly13: folds 
Uncalled bet ($0.10) returned to Pastor28
Pastor28 collected $0.25 from pot
Pastor28: doesn't show hand 
*** SUMMARY ***
Total pot $0.25 | Rake $0 
Seat 1: UNKNOWN_x_13 (button) folded before Flop (didn't bet)
Seat 2: Mahu2021 (small blind) folded before Flop
Seat 3: Howly13 (big blind) folded before Flop
Seat 4: Pastor28 collected ($0.25)
Seat 5: zozorrr folded before Flop (didn't bet)
Seat 6: seeebeeek folded before Flop (didn't bet)



PokerStars Zoom Hand #254608047398:  Hold'em No Limit ($0.05/$0.10) - 2025/01/29 17:35:01 CET [2025/01/29 11:35:01 ET]
Table 'Aludra' 6-max Seat #1 is the button
Seat 1: hiding.by ($12.51 in chips) 
Seat 2: 01kraken01 ($9.36 in chips) 
Seat 3: sv5555555 ($18.60 in chips) 
Seat 4: Mahu2021 ($9.60 in chips) 
Seat 5: seeebeeek ($22.13 in chips) 
Seat 6: kropotkin2000 ($10.57 in chips) 
01kraken01: posts small blind $0.05
sv5555555: posts big blind $0.10
*** HOLE CARDS ***
Dealt to Mahu2021 [Jc Jh]
Mahu2021: raises $0.14 to $0.24
seeebeeek: folds 
kropotkin2000: folds 
hiding.by: folds 
01kraken01: folds 
sv5555555: calls $0.14
*** FLOP *** [2c Ad 6h]
sv5555555: checks 
Mahu2021: checks 
*** TURN *** [2c Ad 6h] [Qs]
sv5555555: bets $0.20
Mahu2021: calls $0.20
*** RIVER *** [2c Ad 6h Qs] [5h]
sv5555555: checks 
Mahu2021: checks 
*** SHOW DOWN ***
sv5555555: shows [Qh Td] (a pair of Queens)
Mahu2021: mucks hand 
sv5555555 collected $0.89 from pot
*** SUMMARY ***
Total pot $0.93 | Rake $0.04 
Board [2c Ad 6h Qs 5h]
Seat 1: hiding.by (button) folded before Flop (didn't bet)
Seat 2: 01kraken01 (small blind) folded before Flop
Seat 3: sv5555555 (big blind) showed [Qh Td] and won ($0.89) with a pair of Queens
Seat 4: Mahu2021 mucked [Jc Jh]
Seat 5: seeebeeek folded before Flop (didn't bet)
Seat 6: kropotkin2000 folded before Flop (didn't bet)



PokerStars Zoom Hand #254608052188:  Hold'em No Limit ($0.05/$0.10) - 2025/01/29 17:35:23 CET [2025/01/29 11:35:23 ET]
Table 'Aludra' 6-max Seat #1 is the button
Seat 1: 42Oedipius ($10 in chips) 
Seat 2: RYTTER63 ($10 in chips) 
Seat 3: Mahu2021 ($9.16 in chips) 
Seat 4: looser00091 ($19.55 in chips) 
Seat 5: ozzer9 ($21.26 in chips) 
Seat 6: nordrel ($9.27 in chips) 
RYTTER63: posts small blind $0.05
Mahu2021: posts big blind $0.10
*** HOLE CARDS ***
Dealt to Mahu2021 [Tc Kc]
looser00091: folds 
ozzer9: folds 
nordrel: folds 
42Oedipius: raises $0.13 to $0.23
RYTTER63: folds 
Mahu2021: calls $0.13
*** FLOP *** [Ks 7s 3s]
Mahu2021: checks 
42Oedipius: bets $0.15
Mahu2021: calls $0.15
*** TURN *** [Ks 7s 3s] [Qd]
Mahu2021: checks 
42Oedipius: bets $0.44
Mahu2021: calls $0.44
*** RIVER *** [Ks 7s 3s Qd] [5h]
Mahu2021: checks 
42Oedipius: bets $0.85
Mahu2021: calls $0.85
*** SHOW DOWN ***
42Oedipius: shows [9s Td] (high card King)
Mahu2021: shows [Tc Kc] (a pair of Kings)
Mahu2021 collected $3.24 from pot
*** SUMMARY ***
Total pot $3.39 | Rake $0.15 
Board [Ks 7s 3s Qd 5h]
Seat 1: 42Oedipius (button) showed [9s Td] and lost with high card King
Seat 2: RYTTER63 (small blind) folded before Flop
Seat 3: Mahu2021 (big blind) showed [Tc Kc] and won ($3.24) with a pair of Kings
Seat 4: looser00091 folded before Flop (didn't bet)
Seat 5: ozzer9 folded before Flop (didn't bet)
Seat 6: nordrel folded before Flop (didn't bet)



PokerStars Zoom Hand #254608063658:  Hold'em No Limit ($0.05/$0.10) - 2025/01/29 17:36:14 CET [2025/01/29 11:36:14 ET]
Table 'Aludra' 6-max Seat #1 is the button
Seat 1: Mallardz ($13.66 in chips) 
Seat 2: betelio2837 ($10 in chips) 
Seat 3: Batyrov44 ($10 in chips) 
Seat 4: S.Bastow ($10.05 in chips) 
Seat 5: schachmats ($10.56 in chips) 
Seat 6: Mahu2021 ($10.73 in chips) 
betelio2837: posts small blind $0.05
Batyrov44: posts big blind $0.10
*** HOLE CARDS ***
Dealt to Mahu2021 [9h As]
S.Bastow: folds 
schachmats: folds 
Mahu2021: folds 
Mallardz: folds 
betelio2837: folds 
Uncalled bet ($0.05) returned to Batyrov44
Batyrov44 collected $0.10 from pot
Batyrov44: doesn't show hand 
*** SUMMARY ***
Total pot $0.10 | Rake $0 
Seat 1: Mallardz (button) folded before Flop (didn't bet)
Seat 2: betelio2837 (small blind) folded before Flop
Seat 3: Batyrov44 (big blind) collected ($0.10)
Seat 4: S.Bastow folded before Flop (didn't bet)
Seat 5: schachmats folded before Flop (didn't bet)
Seat 6: Mahu2021 folded before Flop (didn't bet)



PokerStars Zoom Hand #254608065694:  Hold'em No Limit ($0.05/$0.10) - 2025/01/29 17:36:23 CET [2025/01/29 11:36:23 ET]
Table 'Aludra' 6-max Seat #1 is the button
Seat 1: rickroro ($6.93 in chips) 
Seat 2: Fakasaki ($25.15 in chips) 
Seat 3: IH200076 ($10 in chips) 
Seat 4: Mahu2021 ($10.73 in chips) 
Seat 5: Salomandar ($8.31 in chips) 
Seat 6: GinthersRift ($11.06 in chips) 
Fakasaki: posts small blind $0.05
IH200076: posts big blind $0.10
*** HOLE CARDS ***
Dealt to Mahu2021 [Td Jh]
Mahu2021: folds 
Salomandar: folds 
GinthersRift: raises $0.12 to $0.22
rickroro: folds 
Fakasaki: folds 
IH200076: folds 
Uncalled bet ($0.12) returned to GinthersRift
GinthersRift collected $0.25 from pot
GinthersRift: doesn't show hand 
*** SUMMARY ***
Total pot $0.25 | Rake $0 
Seat 1: rickroro (button) folded before Flop (didn't bet)
Seat 2: Fakasaki (small blind) folded before Flop
Seat 3: IH200076 (big blind) folded before Flop
Seat 4: Mahu2021 folded before Flop (didn't bet)
Seat 5: Salomandar folded before Flop (didn't bet)
Seat 6: GinthersRift collected ($0.25)



PokerStars Zoom Hand #254608066661:  Hold'em No Limit ($0.05/$0.10) - 2025/01/29 17:36:27 CET [2025/01/29 11:36:27 ET]
Table 'Aludra' 6-max Seat #1 is the button
Seat 1: foodgg369 ($9.39 in chips) 
Seat 2: v4valter88 ($12.08 in chips) 
Seat 3: aurelian400 ($7.98 in chips) 
Seat 4: BKong245 ($24.08 in chips) 
Seat 5: Mahu2021 ($10.73 in chips) 
Seat 6: Fakasaki ($11.45 in chips) 
v4valter88: posts small blind $0.05
aurelian400: posts big blind $0.10
*** HOLE CARDS ***
Dealt to Mahu2021 [Jc Ac]
BKong245: folds 
Mahu2021: raises $0.14 to $0.24
Fakasaki: folds 
foodgg369: folds 
v4valter88: folds 
aurelian400: folds 
Uncalled bet ($0.14) returned to Mahu2021
Mahu2021 collected $0.25 from pot
Mahu2021: doesn't show hand 
*** SUMMARY ***
Total pot $0.25 | Rake $0 
Seat 1: foodgg369 (button) folded before Flop (didn't bet)
Seat 2: v4valter88 (small blind) folded before Flop
Seat 3: aurelian400 (big blind) folded before Flop
Seat 4: BKong245 folded before Flop (didn't bet)
Seat 5: Mahu2021 collected ($0.25)
Seat 6: Fakasaki folded before Flop (didn't bet)



PokerStars Zoom Hand #254608064833:  Hold'em No Limit ($0.05/$0.10) - 2025/01/29 17:36:19 CET [2025/01/29 11:36:19 ET]
Table 'Aludra' 6-max Seat #1 is the button
Seat 1: Mahu2021 ($10.73 in chips) 
Seat 2: ANDY CAROL ($11.26 in chips) 
Seat 3: Whiskyke ($9.32 in chips) 
Seat 4: Titsamach ($10.92 in chips) 
Seat 5: Doominook ($10 in chips) 
Seat 6: IH200076 ($10 in chips) 
ANDY CAROL: posts small blind $0.05
Whiskyke: posts big blind $0.10
*** HOLE CARDS ***
Dealt to Mahu2021 [Ks 8d]
Titsamach: folds 
Doominook: folds 
IH200076: folds 
Mahu2021: folds 
ANDY CAROL: calls $0.05
Whiskyke: checks 
*** FLOP *** [4h 3s 6c]
ANDY CAROL: checks 
Whiskyke: bets $0.20
ANDY CAROL: folds 
Uncalled bet ($0.20) returned to Whiskyke
Whiskyke collected $0.19 from pot
Whiskyke: doesn't show hand 
*** SUMMARY ***
Total pot $0.20 | Rake $0.01 
Board [4h 3s 6c]
Seat 1: Mahu2021 (button) folded before Flop (didn't bet)
Seat 2: ANDY CAROL (small blind) folded on the Flop
Seat 3: Whiskyke (big blind) collected ($0.19)
Seat 4: Titsamach folded before Flop (didn't bet)
Seat 5: Doominook folded before Flop (didn't bet)
Seat 6: IH200076 folded before Flop (didn't bet)



PokerStars Zoom Hand #254608069039:  Hold'em No Limit ($0.05/$0.10) - 2025/01/29 17:36:38 CET [2025/01/29 11:36:38 ET]
Table 'Aludra' 6-max Seat #1 is the button
Seat 1: Titsamach ($10.87 in chips) 
Seat 2: chepesextape ($15.88 in chips) 
Seat 3: Mahu2021 ($10.88 in chips) 
Seat 4: kropotkin2000 ($10 in chips) 
Seat 5: seeebeeek ($17.23 in chips) 
Seat 6: Fakasaki ($25.10 in chips) 
chepesextape: posts small blind $0.05
Mahu2021: posts big blind $0.10
*** HOLE CARDS ***
Dealt to Mahu2021 [Jc Qd]
kropotkin2000: folds 
seeebeeek: raises $0.10 to $0.20
Fakasaki: folds 
Titsamach: folds 
chepesextape: folds 
Mahu2021: calls $0.10
*** FLOP *** [9c 3c 7d]
Mahu2021: checks 
seeebeeek: checks 
*** TURN *** [9c 3c 7d] [Ac]
Mahu2021: checks 
seeebeeek: checks 
*** RIVER *** [9c 3c 7d Ac] [Kc]
Mahu2021: bets $0.43
seeebeeek: folds 
Uncalled bet ($0.43) returned to Mahu2021
Mahu2021 collected $0.43 from pot
Mahu2021: doesn't show hand 
*** SUMMARY ***
Total pot $0.45 | Rake $0.02 
Board [9c 3c 7d Ac Kc]
Seat 1: Titsamach (button) folded before Flop (didn't bet)
Seat 2: chepesextape (small blind) folded before Flop
Seat 3: Mahu2021 (big blind) collected ($0.43)
Seat 4: kropotkin2000 folded before Flop (didn't bet)
Seat 5: seeebeeek folded on the River
Seat 6: Fakasaki folded before Flop (didn't bet)



PokerStars Zoom Hand #254608087959:  Hold'em No Limit ($0.05/$0.10) - 2025/01/29 17:38:01 CET [2025/01/29 11:38:01 ET]
Table 'Aludra' 6-max Seat #1 is the button
Seat 1: ACTN3 ($11.92 in chips) 
Seat 2: Mahu2021 ($11.11 in chips) 
Seat 3: UNKNOWN_x_13 ($5 in chips) 
Seat 4: Doominook ($17.68 in chips) 
Seat 5: Mallardz ($14.83 in chips) 
Seat 6: Elvisc8_96 ($18.01 in chips) 
Mahu2021: posts small blind $0.05
UNKNOWN_x_13: posts big blind $0.10
*** HOLE CARDS ***
Dealt to Mahu2021 [Td 3h]
Doominook: folds 
Mallardz: folds 
Elvisc8_96: raises $0.15 to $0.25
ACTN3: folds 
Mahu2021: folds 
UNKNOWN_x_13: calls $0.15
*** FLOP *** [2c Js Ks]
UNKNOWN_x_13: checks 
Elvisc8_96: bets $0.17
UNKNOWN_x_13: folds 
Uncalled bet ($0.17) returned to Elvisc8_96
Elvisc8_96 collected $0.53 from pot
Elvisc8_96: doesn't show hand 
*** SUMMARY ***
Total pot $0.55 | Rake $0.02 
Board [2c Js Ks]
Seat 1: ACTN3 (button) folded before Flop (didn't bet)
Seat 2: Mahu2021 (small blind) folded before Flop
Seat 3: UNKNOWN_x_13 (big blind) folded on the Flop
Seat 4: Doominook folded before Flop (didn't bet)
Seat 5: Mallardz folded before Flop (didn't bet)
Seat 6: Elvisc8_96 collected ($0.53)



PokerStars Zoom Hand #254608089189:  Hold'em No Limit ($0.05/$0.10) - 2025/01/29 17:38:06 CET [2025/01/29 11:38:06 ET]
Table 'Aludra' 6-max Seat #1 is the button
Seat 1: Mahu2021 ($11.06 in chips) 
Seat 2: zozorrr ($14.60 in chips) 
Seat 3: COVEIROANCAP ($10 in chips) 
Seat 4: Jonnie 1966 ($7.19 in chips) 
Seat 5: ciceron86 ($10.55 in chips) 
Seat 6: ANDY CAROL ($10.81 in chips) 
zozorrr: posts small blind $0.05
COVEIROANCAP: posts big blind $0.10
*** HOLE CARDS ***
Dealt to Mahu2021 [Kd Ks]
Jonnie 1966: folds 
ciceron86: raises $0.15 to $0.25
ANDY CAROL: folds 
Mahu2021: raises $10.81 to $11.06 and is all-in
zozorrr: folds 
COVEIROANCAP: folds 
ciceron86: folds 
Uncalled bet ($10.81) returned to Mahu2021
Mahu2021 collected $0.65 from pot
Mahu2021: doesn't show hand 
*** SUMMARY ***
Total pot $0.65 | Rake $0 
Seat 1: Mahu2021 (button) collected ($0.65)
Seat 2: zozorrr (small blind) folded before Flop
Seat 3: COVEIROANCAP (big blind) folded before Flop
Seat 4: Jonnie 1966 folded before Flop (didn't bet)
Seat 5: ciceron86 folded before Flop
Seat 6: ANDY CAROL folded before Flop (didn't bet)



PokerStars Zoom Hand #254608095622:  Hold'em No Limit ($0.05/$0.10) - 2025/01/29 17:38:34 CET [2025/01/29 11:38:34 ET]
Table 'Aludra' 6-max Seat #1 is the button
Seat 1: ozzer9 ($19.38 in chips) 
Seat 2: Elvisc8_96 ($11.89 in chips) 
Seat 3: kloniss ($9.95 in chips) 
Seat 4: rickroro ($14.95 in chips) 
Seat 5: ciceron86 ($10.80 in chips) 
Seat 6: Mahu2021 ($11.46 in chips) 
Elvisc8_96: posts small blind $0.05
kloniss: posts big blind $0.10
*** HOLE CARDS ***
Dealt to Mahu2021 [3s Jd]
rickroro: raises $0.10 to $0.20
ciceron86: folds 
Mahu2021: folds 
ozzer9: folds 
Elvisc8_96: folds 
kloniss: folds 
Uncalled bet ($0.10) returned to rickroro
rickroro collected $0.25 from pot
rickroro: doesn't show hand 
*** SUMMARY ***
Total pot $0.25 | Rake $0 
Seat 1: ozzer9 (button) folded before Flop (didn't bet)
Seat 2: Elvisc8_96 (small blind) folded before Flop
Seat 3: kloniss (big blind) folded before Flop
Seat 4: rickroro collected ($0.25)
Seat 5: ciceron86 folded before Flop (didn't bet)
Seat 6: Mahu2021 folded before Flop (didn't bet)



PokerStars Zoom Hand #254608096357:  Hold'em No Limit ($0.05/$0.10) - 2025/01/29 17:38:37 CET [2025/01/29 11:38:37 ET]
Table 'Aludra' 6-max Seat #1 is the button
Seat 1: Fishpoker17 ($14.66 in chips) 
Seat 2: Jonnie 1966 ($7.54 in chips) 
Seat 3: UNKNOWN_x_13 ($4.56 in chips) 
Seat 4: ciceron86 ($10.80 in chips) 
Seat 5: Mahu2021 ($11.46 in chips) 
Seat 6: Pastor28 ($10 in chips) 
Jonnie 1966: posts small blind $0.05
UNKNOWN_x_13: posts big blind $0.10
*** HOLE CARDS ***
Dealt to Mahu2021 [2c Jh]
ciceron86: folds 
Mahu2021: folds 
Pastor28: folds 
Fishpoker17: folds 
Jonnie 1966: raises $0.20 to $0.30
UNKNOWN_x_13: folds 
Uncalled bet ($0.20) returned to Jonnie 1966
Jonnie 1966 collected $0.20 from pot
Jonnie 1966: doesn't show hand 
*** SUMMARY ***
Total pot $0.20 | Rake $0 
Seat 1: Fishpoker17 (button) folded before Flop (didn't bet)
Seat 2: Jonnie 1966 (small blind) collected ($0.20)
Seat 3: UNKNOWN_x_13 (big blind) folded before Flop
Seat 4: ciceron86 folded before Flop (didn't bet)
Seat 5: Mahu2021 folded before Flop (didn't bet)
Seat 6: Pastor28 folded before Flop (didn't bet)



PokerStars Zoom Hand #254608093759:  Hold'em No Limit ($0.05/$0.10) - 2025/01/29 17:38:26 CET [2025/01/29 11:38:26 ET]
Table 'Aludra' 6-max Seat #1 is the button
Seat 1: olet779 ($12.45 in chips) 
Seat 2: Fakasaki ($14.29 in chips) 
Seat 3: IvishoW ($11.86 in chips) 
Seat 4: seeebeeek ($22.25 in chips) 
Seat 5: chepesextape ($25.66 in chips) 
Seat 6: Mahu2021 ($11.46 in chips) 
Fakasaki: posts small blind $0.05
IvishoW: posts big blind $0.10
*** HOLE CARDS ***
Dealt to Mahu2021 [8s 5h]
seeebeeek: folds 
chepesextape: folds 
Mahu2021: folds 
olet779: calls $0.10
Fakasaki: folds 
IvishoW: checks 
*** FLOP *** [5c Qh 7h]
IvishoW: checks 
olet779: bets $0.24
IvishoW: calls $0.24
*** TURN *** [5c Qh 7h] [6h]
IvishoW: checks 
olet779: checks 
*** RIVER *** [5c Qh 7h 6h] [Ad]
IvishoW: bets $0.70
olet779: calls $0.70
*** SHOW DOWN ***
IvishoW: shows [4s 3c] (a straight, Three to Seven)
olet779: shows [8h 9h] (a flush, Queen high)
olet779 collected $2.01 from pot
*** SUMMARY ***
Total pot $2.13 | Rake $0.12 
Board [5c Qh 7h 6h Ad]
Seat 1: olet779 (button) showed [8h 9h] and won ($2.01) with a flush, Queen high
Seat 2: Fakasaki (small blind) folded before Flop
Seat 3: IvishoW (big blind) showed [4s 3c] and lost with a straight, Three to Seven
Seat 4: seeebeeek folded before Flop (didn't bet)
Seat 5: chepesextape folded before Flop (didn't bet)
Seat 6: Mahu2021 folded before Flop (didn't bet)



PokerStars Zoom Hand #254608100014:  Hold'em No Limit ($0.05/$0.10) - 2025/01/29 17:38:53 CET [2025/01/29 11:38:53 ET]
Table 'Aludra' 6-max Seat #1 is the button
Seat 1: Mahu2021 ($11.31 in chips) 
Seat 2: sv5555555 ($19.47 in chips) 
Seat 3: Elvisc8_96 ($13.33 in chips) 
Seat 4: COVEIROANCAP ($10.10 in chips) 
Seat 5: Doominook ($17.53 in chips) 
Seat 6: soelli1 ($7.32 in chips) 
sv5555555: posts small blind $0.05
Elvisc8_96: posts big blind $0.10
*** HOLE CARDS ***
Dealt to Mahu2021 [Qc 9d]
COVEIROANCAP: folds 
Doominook: folds 
soelli1: raises $0.15 to $0.25
Mahu2021: folds 
sv5555555: raises $0.65 to $0.90
Elvisc8_96: folds 
soelli1: folds 
Uncalled bet ($0.65) returned to sv5555555
sv5555555 collected $0.60 from pot
sv5555555: doesn't show hand 
*** SUMMARY ***
Total pot $0.60 | Rake $0 
Seat 1: Mahu2021 (button) folded before Flop (didn't bet)
Seat 2: sv5555555 (small blind) collected ($0.60)
Seat 3: Elvisc8_96 (big blind) folded before Flop
Seat 4: COVEIROANCAP folded before Flop (didn't bet)
Seat 5: Doominook folded before Flop (didn't bet)
Seat 6: soelli1 folded before Flop



PokerStars Zoom Hand #254608099164:  Hold'em No Limit ($0.05/$0.10) - 2025/01/29 17:38:49 CET [2025/01/29 11:38:49 ET]
Table 'Aludra' 6-max Seat #1 is the button
Seat 1: AMGRO84 ($20.94 in chips) 
Seat 2: Mahu2021 ($11.36 in chips) 
Seat 3: Axel Logan ($10 in chips) 
Seat 4: Gobi000 ($20.82 in chips) 
Seat 5: Baratrum777 ($10 in chips) 
Seat 6: Jonnie 1966 ($7.64 in chips) 
Mahu2021: posts small blind $0.05
Axel Logan: posts big blind $0.10
*** HOLE CARDS ***
Dealt to Mahu2021 [Ts 5d]
Gobi000: folds 
Baratrum777: folds 
Jonnie 1966: folds 
AMGRO84: folds 
Mahu2021: folds 
Uncalled bet ($0.05) returned to Axel Logan
Axel Logan collected $0.10 from pot
Axel Logan: doesn't show hand 
*** SUMMARY ***
Total pot $0.10 | Rake $0 
Seat 1: AMGRO84 (button) folded before Flop (didn't bet)
Seat 2: Mahu2021 (small blind) folded before Flop
Seat 3: Axel Logan (big blind) collected ($0.10)
Seat 4: Gobi000 folded before Flop (didn't bet)
Seat 5: Baratrum777 folded before Flop (didn't bet)
Seat 6: Jonnie 1966 folded before Flop (didn't bet)



PokerStars Zoom Hand #254608100959:  Hold'em No Limit ($0.05/$0.10) - 2025/01/29 17:38:57 CET [2025/01/29 11:38:57 ET]
Table 'Aludra' 6-max Seat #1 is the button
Seat 1: El_Chinguire_ ($9.70 in chips) 
Seat 2: Pastor28 ($14.19 in chips) 
Seat 3: COVEIROANCAP ($10.10 in chips) 
Seat 4: Mahu2021 ($11.31 in chips) 
Seat 5: danielbal ($4.65 in chips) 
Seat 6: anderson ca6 ($15.05 in chips) 
Pastor28: posts small blind $0.05
COVEIROANCAP: posts big blind $0.10
*** HOLE CARDS ***
Dealt to Mahu2021 [Ac Kh]
Mahu2021: raises $0.14 to $0.24
danielbal: folds 
anderson ca6: folds 
El_Chinguire_: folds 
Pastor28: folds 
COVEIROANCAP: calls $0.14
*** FLOP *** [Qh 5d 4c]
COVEIROANCAP: checks 
Mahu2021: checks 
*** TURN *** [Qh 5d 4c] [5h]
COVEIROANCAP: checks 
Mahu2021: checks 
*** RIVER *** [Qh 5d 4c 5h] [5c]
COVEIROANCAP: bets $0.60
Mahu2021: calls $0.60
*** SHOW DOWN ***
COVEIROANCAP: shows [Qc Kd] (a full house, Fives full of Queens)
Mahu2021: mucks hand 
COVEIROANCAP collected $1.65 from pot
*** SUMMARY ***
Total pot $1.73 | Rake $0.08 
Board [Qh 5d 4c 5h 5c]
Seat 1: El_Chinguire_ (button) folded before Flop (didn't bet)
Seat 2: Pastor28 (small blind) folded before Flop
Seat 3: COVEIROANCAP (big blind) showed [Qc Kd] and won ($1.65) with a full house, Fives full of Queens
Seat 4: Mahu2021 mucked [Ac Kh]
Seat 5: danielbal folded before Flop (didn't bet)
Seat 6: anderson ca6 folded before Flop (didn't bet)



PokerStars Zoom Hand #254608097300:  Hold'em No Limit ($0.05/$0.10) - 2025/01/29 17:38:41 CET [2025/01/29 11:38:41 ET]
Table 'Aludra' 6-max Seat #1 is the button
Seat 1: larews ($10.89 in chips) 
Seat 2: jay822286 ($5.38 in chips) 
Seat 3: Mahu2021 ($11.46 in chips) 
Seat 4: Mallardz ($14.83 in chips) 
Seat 5: davowar ($11.08 in chips) 
Seat 6: Doominook ($9 in chips) 
jay822286: posts small blind $0.05
Mahu2021: posts big blind $0.10
*** HOLE CARDS ***
Dealt to Mahu2021 [4d Qd]
Mallardz: raises $0.15 to $0.25
davowar: calls $0.25
Doominook: calls $0.25
larews: raises $0.15 to $0.40
jay822286: folds 
Mahu2021: folds 
Mallardz: calls $0.15
davowar: calls $0.15
Doominook: calls $0.15
*** FLOP *** [Jd 7h 6d]
Mallardz: checks 
davowar: checks 
Doominook: bets $0.65
larews: raises $2.07 to $2.72
Mallardz: folds 
davowar: folds 
Doominook: folds 
Uncalled bet ($2.07) returned to larews
larews collected $2.91 from pot
larews: doesn't show hand 
*** SUMMARY ***
Total pot $3.05 | Rake $0.14 
Board [Jd 7h 6d]
Seat 1: larews (button) collected ($2.91)
Seat 2: jay822286 (small blind) folded before Flop
Seat 3: Mahu2021 (big blind) folded before Flop
Seat 4: Mallardz folded on the Flop
Seat 5: davowar folded on the Flop
Seat 6: Doominook folded on the Flop



PokerStars Zoom Hand #254608094752:  Hold'em No Limit ($0.05/$0.10) - 2025/01/29 17:38:30 CET [2025/01/29 11:38:30 ET]
Table 'Aludra' 6-max Seat #1 is the button
Seat 1: chica220 ($18.33 in chips) 
Seat 2: seeebeeek ($22.25 in chips) 
Seat 3: Gobi000 ($11.49 in chips) 
Seat 4: Mahu2021 ($11.46 in chips) 
Seat 5: rickroro ($14.95 in chips) 
Seat 6: juan19872323 ($10.04 in chips) 
seeebeeek: posts small blind $0.05
Gobi000: posts big blind $0.10
*** HOLE CARDS ***
Dealt to Mahu2021 [6d Jd]
Mahu2021: folds 
rickroro: folds 
juan19872323: folds 
chica220: raises $0.20 to $0.30
seeebeeek: folds 
Gobi000: calls $0.20
*** FLOP *** [Ac Th Kd]
Gobi000: checks 
chica220: checks 
*** TURN *** [Ac Th Kd] [5c]
Gobi000: bets $0.78
chica220: calls $0.78
*** RIVER *** [Ac Th Kd 5c] [2h]
Gobi000: bets $2.64
chica220: calls $2.64
*** SHOW DOWN ***
Gobi000: shows [Kc Tc] (two pair, Kings and Tens)
chica220: mucks hand 
Gobi000 collected $7.15 from pot
*** SUMMARY ***
Total pot $7.49 | Rake $0.34 
Board [Ac Th Kd 5c 2h]
Seat 1: chica220 (button) mucked [7h Ad]
Seat 2: seeebeeek (small blind) folded before Flop
Seat 3: Gobi000 (big blind) showed [Kc Tc] and won ($7.15) with two pair, Kings and Tens
Seat 4: Mahu2021 folded before Flop (didn't bet)
Seat 5: rickroro folded before Flop (didn't bet)
Seat 6: juan19872323 folded before Flop (didn't bet)



PokerStars Zoom Hand #254608106417:  Hold'em No Limit ($0.05/$0.10) - 2025/01/29 17:39:21 CET [2025/01/29 11:39:21 ET]
Table 'Aludra' 6-max Seat #1 is the button
Seat 1: rickroro ($15.10 in chips) 
Seat 2: danielbal ($4.94 in chips) 
Seat 3: S.Bastow ($10.76 in chips) 
Seat 4: woron123 ($7.14 in chips) 
Seat 5: shika0116 ($12.56 in chips) 
Seat 6: Mahu2021 ($10.47 in chips) 
danielbal: posts small blind $0.05
S.Bastow: posts big blind $0.10
*** HOLE CARDS ***
Dealt to Mahu2021 [5d Jh]
woron123: folds 
shika0116: folds 
Mahu2021: folds 
rickroro: folds 
danielbal: folds 
Uncalled bet ($0.05) returned to S.Bastow
S.Bastow collected $0.10 from pot
S.Bastow: doesn't show hand 
*** SUMMARY ***
Total pot $0.10 | Rake $0 
Seat 1: rickroro (button) folded before Flop (didn't bet)
Seat 2: danielbal (small blind) folded before Flop
Seat 3: S.Bastow (big blind) collected ($0.10)
Seat 4: woron123 folded before Flop (didn't bet)
Seat 5: shika0116 folded before Flop (didn't bet)
Seat 6: Mahu2021 folded before Flop (didn't bet)



PokerStars Zoom Hand #254608107702:  Hold'em No Limit ($0.05/$0.10) - 2025/01/29 17:39:27 CET [2025/01/29 11:39:27 ET]
Table 'Aludra' 6-max Seat #1 is the button
Seat 1: Laachs ($11.89 in chips) 
Seat 2: UNKNOWN_x_13 ($6.14 in chips) 
Seat 3: Mahu2021 ($10.47 in chips) 
Seat 4: rickroro ($15.10 in chips) 
Seat 5: Pesulle ($20.74 in chips) 
Seat 6: Axel Logan ($10 in chips) 
UNKNOWN_x_13: posts small blind $0.05
Mahu2021: posts big blind $0.10
*** HOLE CARDS ***
Dealt to Mahu2021 [4c 4h]
rickroro: folds 
Pesulle: raises $0.12 to $0.22
Axel Logan: raises $0.63 to $0.85
Laachs: folds 
UNKNOWN_x_13: folds 
Mahu2021: folds 
Pesulle: folds 
Uncalled bet ($0.63) returned to Axel Logan
Axel Logan collected $0.59 from pot
Axel Logan: doesn't show hand 
*** SUMMARY ***
Total pot $0.59 | Rake $0 
Seat 1: Laachs (button) folded before Flop (didn't bet)
Seat 2: UNKNOWN_x_13 (small blind) folded before Flop
Seat 3: Mahu2021 (big blind) folded before Flop
Seat 4: rickroro folded before Flop (didn't bet)
Seat 5: Pesulle folded before Flop
Seat 6: Axel Logan collected ($0.59)



PokerStars Zoom Hand #254608112522:  Hold'em No Limit ($0.05/$0.10) - 2025/01/29 17:39:48 CET [2025/01/29 11:39:48 ET]
Table 'Aludra' 6-max Seat #1 is the button
Seat 1: Fishpoker17 ($11.86 in chips) 
Seat 2: Dastik 5 ($10.04 in chips) 
Seat 3: Fakasaki ($25.18 in chips) 
Seat 4: Mahu2021 ($10.32 in chips) 
Seat 5: Gobi000 ($14.67 in chips) 
Seat 6: danielbal ($4.45 in chips) 
Dastik 5: posts small blind $0.05
Fakasaki: posts big blind $0.10
*** HOLE CARDS ***
Dealt to Mahu2021 [As Kh]
Mahu2021: raises $0.14 to $0.24
Gobi000: folds 
danielbal: folds 
Fishpoker17: folds 
Dastik 5: folds 
Fakasaki: folds 
Uncalled bet ($0.14) returned to Mahu2021
Mahu2021 collected $0.25 from pot
Mahu2021: doesn't show hand 
*** SUMMARY ***
Total pot $0.25 | Rake $0 
Seat 1: Fishpoker17 (button) folded before Flop (didn't bet)
Seat 2: Dastik 5 (small blind) folded before Flop
Seat 3: Fakasaki (big blind) folded before Flop
Seat 4: Mahu2021 collected ($0.25)
Seat 5: Gobi000 folded before Flop (didn't bet)
Seat 6: danielbal folded before Flop (didn't bet)



PokerStars Zoom Hand #254608111031:  Hold'em No Limit ($0.05/$0.10) - 2025/01/29 17:39:42 CET [2025/01/29 11:39:42 ET]
Table 'Aludra' 6-max Seat #1 is the button
Seat 1: chessismorefun ($10 in chips) 
Seat 2: Mahu2021 ($10.37 in chips) 
Seat 3: nordrel ($10.04 in chips) 
Seat 4: S.Bastow ($10 in chips) 
Seat 5: GinthersRift ($10.69 in chips) 
Seat 6: benmchoul12 ($32.04 in chips) 
Mahu2021: posts small blind $0.05
nordrel: posts big blind $0.10
*** HOLE CARDS ***
Dealt to Mahu2021 [4d 9s]
S.Bastow: folds 
GinthersRift: folds 
benmchoul12: raises $0.20 to $0.30
chessismorefun: folds 
Mahu2021: folds 
nordrel: raises $0.30 to $0.60
benmchoul12: calls $0.30
*** FLOP *** [5d Qd Jd]
nordrel: bets $1.19
benmchoul12: folds 
Uncalled bet ($1.19) returned to nordrel
nordrel collected $1.19 from pot
nordrel: doesn't show hand 
*** SUMMARY ***
Total pot $1.25 | Rake $0.06 
Board [5d Qd Jd]
Seat 1: chessismorefun (button) folded before Flop (didn't bet)
Seat 2: Mahu2021 (small blind) folded before Flop
Seat 3: nordrel (big blind) collected ($1.19)
Seat 4: S.Bastow folded before Flop (didn't bet)
Seat 5: GinthersRift folded before Flop (didn't bet)
Seat 6: benmchoul12 folded on the Flop



PokerStars Zoom Hand #254608116698:  Hold'em No Limit ($0.05/$0.10) - 2025/01/29 17:40:06 CET [2025/01/29 11:40:06 ET]
Table 'Aludra' 6-max Seat #1 is the button
Seat 1: Mahu2021 ($10.47 in chips) 
Seat 2: kloniss ($12.85 in chips) 
Seat 3: Salomandar ($10.13 in chips) 
Seat 4: WolcharaAP ($7.51 in chips) 
Seat 5: Fishpoker17 ($29.51 in chips) 
Seat 6: Dastik 5 ($10.15 in chips) 
kloniss: posts small blind $0.05
Salomandar: posts big blind $0.10
*** HOLE CARDS ***
Dealt to Mahu2021 [As Jc]
WolcharaAP: folds 
Fishpoker17: raises $0.10 to $0.20
Dastik 5: folds 
Mahu2021: calls $0.20
kloniss: folds 
Salomandar: folds 
*** FLOP *** [8h 9c 3c]
Fishpoker17: bets $0.27
Mahu2021: folds 
Uncalled bet ($0.27) returned to Fishpoker17
Fishpoker17 collected $0.53 from pot
Fishpoker17: doesn't show hand 
*** SUMMARY ***
Total pot $0.55 | Rake $0.02 
Board [8h 9c 3c]
Seat 1: Mahu2021 (button) folded on the Flop
Seat 2: kloniss (small blind) folded before Flop
Seat 3: Salomandar (big blind) folded before Flop
Seat 4: WolcharaAP folded before Flop (didn't bet)
Seat 5: Fishpoker17 collected ($0.53)
Seat 6: Dastik 5 folded before Flop (didn't bet)



PokerStars Zoom Hand #254608128197:  Hold'em No Limit ($0.05/$0.10) - 2025/01/29 17:40:56 CET [2025/01/29 11:40:56 ET]
Table 'Aludra' 6-max Seat #1 is the button
Seat 1: ANDY CAROL ($10 in chips) 
Seat 2: Mahu2021 ($10.17 in chips) 
Seat 3: lnegrin ($13.49 in chips) 
Seat 4: franz Z750 ($16.25 in chips) 
Seat 5: juan19872323 ($23.80 in chips) 
Seat 6: v4valter88 ($11.60 in chips) 
Mahu2021: posts small blind $0.05
lnegrin: posts big blind $0.10
*** HOLE CARDS ***
Dealt to Mahu2021 [7s 7c]
franz Z750: folds 
juan19872323: folds 
v4valter88: folds 
ANDY CAROL: folds 
Mahu2021: raises $0.20 to $0.30
lnegrin: folds 
Uncalled bet ($0.20) returned to Mahu2021
Mahu2021 collected $0.20 from pot
Mahu2021: doesn't show hand 
*** SUMMARY ***
Total pot $0.20 | Rake $0 
Seat 1: ANDY CAROL (button) folded before Flop (didn't bet)
Seat 2: Mahu2021 (small blind) collected ($0.20)
Seat 3: lnegrin (big blind) folded before Flop
Seat 4: franz Z750 folded before Flop (didn't bet)
Seat 5: juan19872323 folded before Flop (didn't bet)
Seat 6: v4valter88 folded before Flop (didn't bet)



PokerStars Zoom Hand #254608132221:  Hold'em No Limit ($0.05/$0.10) - 2025/01/29 17:41:14 CET [2025/01/29 11:41:14 ET]
Table 'Aludra' 6-max Seat #1 is the button
Seat 1: bond03337 ($9.58 in chips) 
Seat 2: corschat ($21.03 in chips) 
Seat 3: danielbal ($4.13 in chips) 
Seat 4: zozorrr ($22.23 in chips) 
Seat 5: hiding.by ($10 in chips) 
Seat 6: Mahu2021 ($10.27 in chips) 
corschat: posts small blind $0.05
danielbal: posts big blind $0.10
*** HOLE CARDS ***
Dealt to Mahu2021 [Ah 3d]
zozorrr: raises $0.10 to $0.20
hiding.by: folds 
Mahu2021: folds 
bond03337: calls $0.20
corschat: folds 
danielbal: folds 
*** FLOP *** [Kc 8s Qh]
zozorrr: bets $0.13
bond03337: calls $0.13
*** TURN *** [Kc 8s Qh] [9h]
zozorrr: checks 
bond03337: bets $0.39
zozorrr: folds 
Uncalled bet ($0.39) returned to bond03337
bond03337 collected $0.77 from pot
bond03337: doesn't show hand 
*** SUMMARY ***
Total pot $0.81 | Rake $0.04 
Board [Kc 8s Qh 9h]
Seat 1: bond03337 (button) collected ($0.77)
Seat 2: corschat (small blind) folded before Flop
Seat 3: danielbal (big blind) folded before Flop
Seat 4: zozorrr folded on the Turn
Seat 5: hiding.by folded before Flop (didn't bet)
Seat 6: Mahu2021 folded before Flop (didn't bet)



PokerStars Zoom Hand #254608138453:  Hold'em No Limit ($0.05/$0.10) - 2025/01/29 17:41:41 CET [2025/01/29 11:41:41 ET]
Table 'Aludra' 6-max Seat #1 is the button
Seat 1: woron123 ($6.05 in chips) 
Seat 2: seeebeeek ($21.28 in chips) 
Seat 3: Salomandar ($9.19 in chips) 
Seat 4: Mahu2021 ($10.27 in chips) 
Seat 5: kropotkin2000 ($12.99 in chips) 
Seat 6: kSam44 ($3.55 in chips) 
seeebeeek: posts small blind $0.05
Salomandar: posts big blind $0.10
*** HOLE CARDS ***
Dealt to Mahu2021 [6d 8c]
Mahu2021: folds 
kropotkin2000: folds 
kSam44: folds 
woron123: folds 
seeebeeek: folds 
Uncalled bet ($0.05) returned to Salomandar
Salomandar collected $0.10 from pot
Salomandar: doesn't show hand 
*** SUMMARY ***
Total pot $0.10 | Rake $0 
Seat 1: woron123 (button) folded before Flop (didn't bet)
Seat 2: seeebeeek (small blind) folded before Flop
Seat 3: Salomandar (big blind) collected ($0.10)
Seat 4: Mahu2021 folded before Flop (didn't bet)
Seat 5: kropotkin2000 folded before Flop (didn't bet)
Seat 6: kSam44 folded before Flop (didn't bet)



PokerStars Zoom Hand #254608136946:  Hold'em No Limit ($0.05/$0.10) - 2025/01/29 17:41:34 CET [2025/01/29 11:41:34 ET]
Table 'Aludra' 6-max Seat #1 is the button
Seat 1: 1MustFall666 ($4.98 in chips) 
Seat 2: edi758 ($10.13 in chips) 
Seat 3: Titsamach ($10 in chips) 
Seat 4: Fakasaki ($21.50 in chips) 
Seat 5: Mahu2021 ($10.27 in chips) 
Seat 6: Gobi000 ($22.61 in chips) 
edi758: posts small blind $0.05
Titsamach: posts big blind $0.10
*** HOLE CARDS ***
Dealt to Mahu2021 [5d 3c]
Fakasaki: raises $0.10 to $0.20
Mahu2021: folds 
Gobi000: folds 
1MustFall666: folds 
edi758: folds 
Fakasaki is disconnected 
Titsamach: folds 
Uncalled bet ($0.10) returned to Fakasaki
Fakasaki collected $0.25 from pot
Fakasaki: doesn't show hand 
*** SUMMARY ***
Total pot $0.25 | Rake $0 
Seat 1: 1MustFall666 (button) folded before Flop (didn't bet)
Seat 2: edi758 (small blind) folded before Flop
Seat 3: Titsamach (big blind) folded before Flop
Seat 4: Fakasaki collected ($0.25)
Seat 5: Mahu2021 folded before Flop (didn't bet)
Seat 6: Gobi000 folded before Flop (didn't bet)



PokerStars Zoom Hand #254608122930:  Hold'em No Limit ($0.05/$0.10) - 2025/01/29 17:40:34 CET [2025/01/29 11:40:34 ET]
Table 'Aludra' 6-max Seat #1 is the button
Seat 1: Upyourharris ($10.47 in chips) 
Seat 2: ckayt888 ($9.75 in chips) 
Seat 3: Mahu2021 ($10.27 in chips) 
Seat 4: ACTN3 ($9.18 in chips) 
Seat 5: Gobi000 ($15.06 in chips) 
Seat 6: S.Bastow ($10.40 in chips) 
ckayt888: posts small blind $0.05
Mahu2021: posts big blind $0.10
*** HOLE CARDS ***
Dealt to Mahu2021 [Ah 7h]
ACTN3: folds 
Gobi000: folds 
S.Bastow: raises $0.15 to $0.25
Upyourharris: raises $0.50 to $0.75
ckayt888: folds 
Mahu2021: folds 
S.Bastow: calls $0.50
*** FLOP *** [Kc 9d 7d]
S.Bastow: checks 
Upyourharris: bets $0.52
S.Bastow: calls $0.52
*** TURN *** [Kc 9d 7d] [9h]
S.Bastow: checks 
Upyourharris: bets $0.85
S.Bastow: calls $0.85
*** RIVER *** [Kc 9d 7d 9h] [5c]
S.Bastow: checks 
Upyourharris: bets $1.38
S.Bastow: calls $1.38
*** SHOW DOWN ***
Upyourharris: shows [Jh 8h] (a pair of Nines)
S.Bastow: shows [Js Ks] (two pair, Kings and Nines)
S.Bastow collected $6.83 from pot
*** SUMMARY ***
Total pot $7.15 | Rake $0.32 
Board [Kc 9d 7d 9h 5c]
Seat 1: Upyourharris (button) showed [Jh 8h] and lost with a pair of Nines
Seat 2: ckayt888 (small blind) folded before Flop
Seat 3: Mahu2021 (big blind) folded before Flop
Seat 4: ACTN3 folded before Flop (didn't bet)
Seat 5: Gobi000 folded before Flop (didn't bet)
Seat 6: S.Bastow showed [Js Ks] and won ($6.83) with two pair, Kings and Nines



PokerStars Zoom Hand #254608136054:  Hold'em No Limit ($0.05/$0.10) - 2025/01/29 17:41:30 CET [2025/01/29 11:41:30 ET]
Table 'Aludra' 6-max Seat #1 is the button
Seat 1: lnegrin ($13.39 in chips) 
Seat 2: jay822286 ($4.21 in chips) 
Seat 3: Doominook ($8.08 in chips) 
Seat 4: 1Sighinau ($6.40 in chips) 
Seat 5: Mahu2021 ($10.27 in chips) 
Seat 6: 42Oedipius ($11.44 in chips) 
jay822286: posts small blind $0.05
Doominook: posts big blind $0.10
*** HOLE CARDS ***
Dealt to Mahu2021 [2h 6h]
1Sighinau: folds 
Mahu2021: folds 
42Oedipius: folds 
lnegrin: folds 
jay822286: folds 
Uncalled bet ($0.05) returned to Doominook
Doominook collected $0.10 from pot
Doominook: doesn't show hand 
*** SUMMARY ***
Total pot $0.10 | Rake $0 
Seat 1: lnegrin (button) folded before Flop (didn't bet)
Seat 2: jay822286 (small blind) folded before Flop
Seat 3: Doominook (big blind) collected ($0.10)
Seat 4: 1Sighinau folded before Flop (didn't bet)
Seat 5: Mahu2021 folded before Flop (didn't bet)
Seat 6: 42Oedipius folded before Flop (didn't bet)



PokerStars Zoom Hand #254608137870:  Hold'em No Limit ($0.05/$0.10) - 2025/01/29 17:41:38 CET [2025/01/29 11:41:38 ET]
Table 'Aludra' 6-max Seat #1 is the button
Seat 1: dimonnik111 ($8.97 in chips) 
Seat 2: Axel Logan ($11.48 in chips) 
Seat 3: Elvisc8_96 ($12.29 in chips) 
Seat 4: Mahu2021 ($10.27 in chips) 
Seat 5: El_Chinguire_ ($10.03 in chips) 
Seat 6: UNKNOWN_x_13 ($5.51 in chips) 
Axel Logan: posts small blind $0.05
Elvisc8_96: posts big blind $0.10
*** HOLE CARDS ***
Dealt to Mahu2021 [9c Ad]
Mahu2021: folds 
El_Chinguire_: folds 
UNKNOWN_x_13: raises $0.20 to $0.30
dimonnik111: folds 
Axel Logan: folds 
Elvisc8_96: folds 
Uncalled bet ($0.20) returned to UNKNOWN_x_13
UNKNOWN_x_13 collected $0.25 from pot
UNKNOWN_x_13: doesn't show hand 
*** SUMMARY ***
Total pot $0.25 | Rake $0 
Seat 1: dimonnik111 (button) folded before Flop (didn't bet)
Seat 2: Axel Logan (small blind) folded before Flop
Seat 3: Elvisc8_96 (big blind) folded before Flop
Seat 4: Mahu2021 folded before Flop (didn't bet)
Seat 5: El_Chinguire_ folded before Flop (didn't bet)
Seat 6: UNKNOWN_x_13 collected ($0.25)



PokerStars Zoom Hand #254608139270:  Hold'em No Limit ($0.05/$0.10) - 2025/01/29 17:41:44 CET [2025/01/29 11:41:44 ET]
Table 'Aludra' 6-max Seat #1 is the button
Seat 1: humo97 ($10.88 in chips) 
Seat 2: IvishoW ($14.13 in chips) 
Seat 3: Mahu2021 ($10.27 in chips) 
Seat 4: Elvisc8_96 ($18.04 in chips) 
Seat 5: ciceron86 ($20.45 in chips) 
Seat 6: franz Z750 ($10.21 in chips) 
IvishoW: posts small blind $0.05
Mahu2021: posts big blind $0.10
*** HOLE CARDS ***
Dealt to Mahu2021 [4s Ks]
Elvisc8_96: folds 
ciceron86: folds 
franz Z750: folds 
humo97: folds 
IvishoW: folds 
Uncalled bet ($0.05) returned to Mahu2021
Mahu2021 collected $0.10 from pot
Mahu2021: doesn't show hand 
*** SUMMARY ***
Total pot $0.10 | Rake $0 
Seat 1: humo97 (button) folded before Flop (didn't bet)
Seat 2: IvishoW (small blind) folded before Flop
Seat 3: Mahu2021 (big blind) collected ($0.10)
Seat 4: Elvisc8_96 folded before Flop (didn't bet)
Seat 5: ciceron86 folded before Flop (didn't bet)
Seat 6: franz Z750 folded before Flop (didn't bet)



PokerStars Zoom Hand #254608132991:  Hold'em No Limit ($0.05/$0.10) - 2025/01/29 17:41:17 CET [2025/01/29 11:41:17 ET]
Table 'Aludra' 6-max Seat #1 is the button
Seat 1: Mahu2021 ($10.27 in chips) 
Seat 2: cip1001t ($22.50 in chips) 
Seat 3: ckayt888 ($9.55 in chips) 
Seat 4: Profbetting ($27.80 in chips) 
Seat 5: Elvisc8_96 ($12.34 in chips) 
Seat 6: Mallardz ($16.80 in chips) 
cip1001t: posts small blind $0.05
ckayt888: posts big blind $0.10
*** HOLE CARDS ***
Dealt to Mahu2021 [7d Ac]
Profbetting: folds 
Elvisc8_96: folds 
Mallardz: raises $0.15 to $0.25
Mahu2021: folds 
cip1001t: folds 
ckayt888: calls $0.15
*** FLOP *** [Ks 4h 3h]
ckayt888: checks 
Mallardz: bets $0.17
ckayt888: calls $0.17
*** TURN *** [Ks 4h 3h] [6c]
ckayt888: checks 
Mallardz: checks 
*** RIVER *** [Ks 4h 3h 6c] [Ah]
ckayt888: checks 
Mallardz: bets $0.64
ckayt888: folds 
Uncalled bet ($0.64) returned to Mallardz
Mallardz collected $0.85 from pot
Mallardz: doesn't show hand 
*** SUMMARY ***
Total pot $0.89 | Rake $0.04 
Board [Ks 4h 3h 6c Ah]
Seat 1: Mahu2021 (button) folded before Flop (didn't bet)
Seat 2: cip1001t (small blind) folded before Flop
Seat 3: ckayt888 (big blind) folded on the River
Seat 4: Profbetting folded before Flop (didn't bet)
Seat 5: Elvisc8_96 folded before Flop (didn't bet)
Seat 6: Mallardz collected ($0.85)



PokerStars Zoom Hand #254608142613:  Hold'em No Limit ($0.05/$0.10) - 2025/01/29 17:41:58 CET [2025/01/29 11:41:58 ET]
Table 'Aludra' 6-max Seat #1 is the button
Seat 1: iza_doria ($2.16 in chips) 
Seat 2: Mahu2021 ($10.32 in chips) 
Seat 3: knofan ($10 in chips) 
Seat 4: GinthersRift ($10.97 in chips) 
Seat 5: Elvisc8_96 ($12.19 in chips) 
Seat 6: Whiskyke ($8.12 in chips) 
Mahu2021: posts small blind $0.05
knofan: posts big blind $0.10
*** HOLE CARDS ***
Dealt to Mahu2021 [Jd Th]
GinthersRift: folds 
Elvisc8_96: folds 
Whiskyke: folds 
iza_doria: folds 
Mahu2021: raises $0.20 to $0.30
knofan: raises $0.60 to $0.90
Mahu2021: folds 
Uncalled bet ($0.60) returned to knofan
knofan collected $0.60 from pot
knofan: doesn't show hand 
*** SUMMARY ***
Total pot $0.60 | Rake $0 
Seat 1: iza_doria (button) folded before Flop (didn't bet)
Seat 2: Mahu2021 (small blind) folded before Flop
Seat 3: knofan (big blind) collected ($0.60)
Seat 4: GinthersRift folded before Flop (didn't bet)
Seat 5: Elvisc8_96 folded before Flop (didn't bet)
Seat 6: Whiskyke folded before Flop (didn't bet)



PokerStars Zoom Hand #254608146493:  Hold'em No Limit ($0.05/$0.10) - 2025/01/29 17:42:16 CET [2025/01/29 11:42:16 ET]
Table 'Aludra' 6-max Seat #1 is the button
Seat 1: Mahu2021 ($10.02 in chips) 
Seat 2: Elvisc8_96 ($12.19 in chips) 
Seat 3: Dastik 5 ($10 in chips) 
Seat 4: sv5555555 ($12.74 in chips) 
Seat 5: Dr.EMW ($13.33 in chips) 
Seat 6: v4valter88 ($11.22 in chips) 
Elvisc8_96: posts small blind $0.05
Dastik 5: posts big blind $0.10
*** HOLE CARDS ***
Dealt to Mahu2021 [Qs 3s]
sv5555555: calls $0.10
Dr.EMW: folds 
v4valter88: folds 
Mahu2021: folds 
Elvisc8_96: folds 
Dastik 5: checks 
*** FLOP *** [3c 8s 7d]
Dastik 5: checks 
sv5555555: checks 
*** TURN *** [3c 8s 7d] [Kc]
Dastik 5: checks 
sv5555555: checks 
*** RIVER *** [3c 8s 7d Kc] [Tc]
Dastik 5: checks 
sv5555555: checks 
*** SHOW DOWN ***
Dastik 5: shows [5h 3d] (a pair of Threes)
sv5555555: mucks hand 
Dastik 5 collected $0.24 from pot
*** SUMMARY ***
Total pot $0.25 | Rake $0.01 
Board [3c 8s 7d Kc Tc]
Seat 1: Mahu2021 (button) folded before Flop (didn't bet)
Seat 2: Elvisc8_96 (small blind) folded before Flop
Seat 3: Dastik 5 (big blind) showed [5h 3d] and won ($0.24) with a pair of Threes
Seat 4: sv5555555 mucked [Jh Qh]
Seat 5: Dr.EMW folded before Flop (didn't bet)
Seat 6: v4valter88 folded before Flop (didn't bet)



PokerStars Zoom Hand #254608148937:  Hold'em No Limit ($0.05/$0.10) - 2025/01/29 17:42:26 CET [2025/01/29 11:42:26 ET]
Table 'Aludra' 6-max Seat #1 is the button
Seat 1: AceWise ($27.31 in chips) 
Seat 2: COVEIROANCAP ($17.65 in chips) 
Seat 3: Elvisc8_96 ($12.14 in chips) 
Seat 4: olet779 ($11.79 in chips) 
Seat 5: Mahu2021 ($10.02 in chips) 
Seat 6: knofan ($10.25 in chips) 
COVEIROANCAP: posts small blind $0.05
Elvisc8_96: posts big blind $0.10
*** HOLE CARDS ***
Dealt to Mahu2021 [Qs Jh]
olet779: folds 
Mahu2021: raises $0.14 to $0.24
knofan: folds 
AceWise: folds 
COVEIROANCAP: folds 
Elvisc8_96: folds 
Uncalled bet ($0.14) returned to Mahu2021
Mahu2021 collected $0.25 from pot
Mahu2021: doesn't show hand 
*** SUMMARY ***
Total pot $0.25 | Rake $0 
Seat 1: AceWise (button) folded before Flop (didn't bet)
Seat 2: COVEIROANCAP (small blind) folded before Flop
Seat 3: Elvisc8_96 (big blind) folded before Flop
Seat 4: olet779 folded before Flop (didn't bet)
Seat 5: Mahu2021 collected ($0.25)
Seat 6: knofan folded before Flop (didn't bet)



PokerStars Zoom Hand #254608148039:  Hold'em No Limit ($0.05/$0.10) - 2025/01/29 17:42:23 CET [2025/01/29 11:42:23 ET]
Table 'Aludra' 6-max Seat #1 is the button
Seat 1: Mallardz ($20.70 in chips) 
Seat 2: kropotkin2000 ($12.84 in chips) 
Seat 3: IvishoW ($31.10 in chips) 
Seat 4: anderssoares ($12.50 in chips) 
Seat 5: Gobi000 ($20.32 in chips) 
Seat 6: Mahu2021 ($10.02 in chips) 
kropotkin2000: posts small blind $0.05
IvishoW: posts big blind $0.10
*** HOLE CARDS ***
Dealt to Mahu2021 [2c 3c]
anderssoares: raises $0.10 to $0.20
Gobi000: folds 
Mahu2021: folds 
Mallardz: folds 
kropotkin2000: folds 
IvishoW: calls $0.10
*** FLOP *** [5h 9h 3s]
IvishoW: checks 
anderssoares: bets $0.20
IvishoW: folds 
Uncalled bet ($0.20) returned to anderssoares
anderssoares collected $0.43 from pot
anderssoares: doesn't show hand 
*** SUMMARY ***
Total pot $0.45 | Rake $0.02 
Board [5h 9h 3s]
Seat 1: Mallardz (button) folded before Flop (didn't bet)
Seat 2: kropotkin2000 (small blind) folded before Flop
Seat 3: IvishoW (big blind) folded on the Flop
Seat 4: anderssoares collected ($0.43)
Seat 5: Gobi000 folded before Flop (didn't bet)
Seat 6: Mahu2021 folded before Flop (didn't bet)



PokerStars Zoom Hand #254608152848:  Hold'em No Limit ($0.05/$0.10) - 2025/01/29 17:42:43 CET [2025/01/29 11:42:43 ET]
Table 'Aludra' 6-max Seat #1 is the button
Seat 1: UNKNOWN_x_13 ($6.01 in chips) 
Seat 2: S.Bastow ($10.64 in chips) 
Seat 3: Mahu2021 ($10.17 in chips) 
Seat 4: Pesulle ($11.98 in chips) 
Seat 5: seeebeeek ($21.03 in chips) 
Seat 6: COVEIROANCAP ($10 in chips) 
S.Bastow: posts small blind $0.05
Mahu2021: posts big blind $0.10
*** HOLE CARDS ***
Dealt to Mahu2021 [7c 5c]
Pesulle: folds 
seeebeeek: folds 
COVEIROANCAP: raises $0.15 to $0.25
UNKNOWN_x_13: folds 
S.Bastow: folds 
Mahu2021: calls $0.15
*** FLOP *** [Qh 7d 6d]
Mahu2021: checks 
COVEIROANCAP: bets $0.17
Mahu2021: calls $0.17
*** TURN *** [Qh 7d 6d] [Ts]
Mahu2021: checks 
COVEIROANCAP: bets $0.70
Mahu2021: calls $0.70
*** RIVER *** [Qh 7d 6d Ts] [8s]
Mahu2021: checks 
COVEIROANCAP: checks 
*** SHOW DOWN ***
Mahu2021: shows [7c 5c] (a pair of Sevens)
COVEIROANCAP: shows [Jd Qd] (a pair of Queens)
COVEIROANCAP collected $2.19 from pot
*** SUMMARY ***
Total pot $2.29 | Rake $0.10 
Board [Qh 7d 6d Ts 8s]
Seat 1: UNKNOWN_x_13 (button) folded before Flop (didn't bet)
Seat 2: S.Bastow (small blind) folded before Flop
Seat 3: Mahu2021 (big blind) showed [7c 5c] and lost with a pair of Sevens
Seat 4: Pesulle folded before Flop (didn't bet)
Seat 5: seeebeeek folded before Flop (didn't bet)
Seat 6: COVEIROANCAP showed [Jd Qd] and won ($2.19) with a pair of Queens



PokerStars Zoom Hand #254608159432:  Hold'em No Limit ($0.05/$0.10) - 2025/01/29 17:43:12 CET [2025/01/29 11:43:12 ET]
Table 'Aludra' 6-max Seat #1 is the button
Seat 1: ozzer9 ($17.68 in chips) 
Seat 2: Mahu2021 ($9.05 in chips) 
Seat 3: gamma720 ($10.10 in chips) 
Seat 4: iza_doria ($2.67 in chips) 
Seat 5: Gobi000 ($10 in chips) 
Seat 6: kSam44 ($7.07 in chips) 
Mahu2021: posts small blind $0.05
gamma720: posts big blind $0.10
*** HOLE CARDS ***
Dealt to Mahu2021 [9c 8d]
iza_doria: folds 
Gobi000: folds 
kSam44: folds 
ozzer9: folds 
Mahu2021: folds 
Uncalled bet ($0.05) returned to gamma720
gamma720 collected $0.10 from pot
gamma720: doesn't show hand 
*** SUMMARY ***
Total pot $0.10 | Rake $0 
Seat 1: ozzer9 (button) folded before Flop (didn't bet)
Seat 2: Mahu2021 (small blind) folded before Flop
Seat 3: gamma720 (big blind) collected ($0.10)
Seat 4: iza_doria folded before Flop (didn't bet)
Seat 5: Gobi000 folded before Flop (didn't bet)
Seat 6: kSam44 folded before Flop (didn't bet)



PokerStars Zoom Hand #254608161599:  Hold'em No Limit ($0.05/$0.10) - 2025/01/29 17:43:22 CET [2025/01/29 11:43:22 ET]
Table 'Aludra' 6-max Seat #1 is the button
Seat 1: Pastor28 ($14.94 in chips) 
Seat 2: soulfly2145 ($10.23 in chips) 
Seat 3: UNKNOWN_x_13 ($5.87 in chips) 
Seat 4: Mahu2021 ($9 in chips) 
Seat 5: knofan ($13.23 in chips) 
Seat 6: ANDY CAROL ($10 in chips) 
soulfly2145: posts small blind $0.05
UNKNOWN_x_13: posts big blind $0.10
*** HOLE CARDS ***
Dealt to Mahu2021 [Ac 7d]
Mahu2021: folds 
knofan: folds 
ANDY CAROL: folds 
Pastor28: raises $0.15 to $0.25
soulfly2145: folds 
UNKNOWN_x_13: folds 
Uncalled bet ($0.15) returned to Pastor28
Pastor28 collected $0.25 from pot
Pastor28: doesn't show hand 
*** SUMMARY ***
Total pot $0.25 | Rake $0 
Seat 1: Pastor28 (button) collected ($0.25)
Seat 2: soulfly2145 (small blind) folded before Flop
Seat 3: UNKNOWN_x_13 (big blind) folded before Flop
Seat 4: Mahu2021 folded before Flop (didn't bet)
Seat 5: knofan folded before Flop (didn't bet)
Seat 6: ANDY CAROL folded before Flop (didn't bet)



PokerStars Zoom Hand #254608163467:  Hold'em No Limit ($0.05/$0.10) - 2025/01/29 17:43:29 CET [2025/01/29 11:43:29 ET]
Table 'Aludra' 6-max Seat #1 is the button
Seat 1: ferpatrimarrero ($11.28 in chips) 
Seat 2: Pastor28 ($10.06 in chips) 
Seat 3: IvishoW ($30.85 in chips) 
Seat 4: Mahu2021 ($9 in chips) 
Seat 5: UNKNOWN_x_13 ($5.52 in chips) 
Seat 6: Whiskyke ($8.20 in chips) 
Pastor28: posts small blind $0.05
IvishoW: posts big blind $0.10
*** HOLE CARDS ***
Dealt to Mahu2021 [3s 8d]
Mahu2021: folds 
UNKNOWN_x_13: raises $0.20 to $0.30
Whiskyke: folds 
ferpatrimarrero: folds 
Pastor28: folds 
IvishoW: folds 
Uncalled bet ($0.20) returned to UNKNOWN_x_13
UNKNOWN_x_13 collected $0.25 from pot
UNKNOWN_x_13: doesn't show hand 
*** SUMMARY ***
Total pot $0.25 | Rake $0 
Seat 1: ferpatrimarrero (button) folded before Flop (didn't bet)
Seat 2: Pastor28 (small blind) folded before Flop
Seat 3: IvishoW (big blind) folded before Flop
Seat 4: Mahu2021 folded before Flop (didn't bet)
Seat 5: UNKNOWN_x_13 collected ($0.25)
Seat 6: Whiskyke folded before Flop (didn't bet)



PokerStars Zoom Hand #254608164207:  Hold'em No Limit ($0.05/$0.10) - 2025/01/29 17:43:33 CET [2025/01/29 11:43:33 ET]
Table 'Aludra' 6-max Seat #1 is the button
Seat 1: v4valter88 ($10 in chips) 
Seat 2: juan19872323 ($25.01 in chips) 
Seat 3: Fakasaki ($10.15 in chips) 
Seat 4: knofan ($13.13 in chips) 
Seat 5: Mahu2021 ($9 in chips) 
Seat 6: ciceron86 ($20.65 in chips) 
juan19872323: posts small blind $0.05
Fakasaki: posts big blind $0.10
*** HOLE CARDS ***
Dealt to Mahu2021 [2h 4s]
knofan: folds 
Mahu2021: folds 
ciceron86: folds 
v4valter88: raises $0.13 to $0.23
juan19872323: folds 
Fakasaki: folds 
Uncalled bet ($0.13) returned to v4valter88
v4valter88 collected $0.25 from pot
v4valter88: doesn't show hand 
*** SUMMARY ***
Total pot $0.25 | Rake $0 
Seat 1: v4valter88 (button) collected ($0.25)
Seat 2: juan19872323 (small blind) folded before Flop
Seat 3: Fakasaki (big blind) folded before Flop
Seat 4: knofan folded before Flop (didn't bet)
Seat 5: Mahu2021 folded before Flop (didn't bet)
Seat 6: ciceron86 folded before Flop (didn't bet)



PokerStars Zoom Hand #254608162517:  Hold'em No Limit ($0.05/$0.10) - 2025/01/29 17:43:25 CET [2025/01/29 11:43:25 ET]
Table 'Aludra' 6-max Seat #1 is the button
Seat 1: Mahu2021 ($9 in chips) 
Seat 2: jay822286 ($4 in chips) 
Seat 3: knofan ($13.23 in chips) 
Seat 4: UNKNOWN_x_13 ($5.52 in chips) 
Seat 5: Axel Logan ($10 in chips) 
Seat 6: Panda_Pooh_od ($10.15 in chips) 
jay822286: posts small blind $0.05
knofan: posts big blind $0.10
*** HOLE CARDS ***
Dealt to Mahu2021 [8s 2h]
UNKNOWN_x_13: folds 
Axel Logan: raises $0.14 to $0.24
Panda_Pooh_od: folds 
Mahu2021: folds 
jay822286: calls $0.19
knofan: folds 
*** FLOP *** [Jd 4s 9h]
jay822286: checks 
Axel Logan: checks 
*** TURN *** [Jd 4s 9h] [Qc]
jay822286: checks 
Axel Logan: checks 
*** RIVER *** [Jd 4s 9h Qc] [7h]
jay822286: checks 
Axel Logan: checks 
*** SHOW DOWN ***
jay822286: shows [Ts Th] (a pair of Tens)
Axel Logan: mucks hand 
jay822286 collected $0.55 from pot
*** SUMMARY ***
Total pot $0.58 | Rake $0.03 
Board [Jd 4s 9h Qc 7h]
Seat 1: Mahu2021 (button) folded before Flop (didn't bet)
Seat 2: jay822286 (small blind) showed [Ts Th] and won ($0.55) with a pair of Tens
Seat 3: knofan (big blind) folded before Flop
Seat 4: UNKNOWN_x_13 folded before Flop (didn't bet)
Seat 5: Axel Logan mucked [Ad 3d]
Seat 6: Panda_Pooh_od folded before Flop (didn't bet)



PokerStars Zoom Hand #254608160697:  Hold'em No Limit ($0.05/$0.10) - 2025/01/29 17:43:18 CET [2025/01/29 11:43:18 ET]
Table 'Aludra' 6-max Seat #1 is the button
Seat 1: AceWise ($27.45 in chips) 
Seat 2: El_Chinguire_ ($11.95 in chips) 
Seat 3: anderson ca6 ($18.88 in chips) 
Seat 4: dkuhn1987 ($12.32 in chips) 
Seat 5: olet779 ($12.04 in chips) 
Seat 6: Mahu2021 ($9 in chips) 
El_Chinguire_: posts small blind $0.05
anderson ca6: posts big blind $0.10
*** HOLE CARDS ***
Dealt to Mahu2021 [8s 9c]
dkuhn1987: calls $0.10
olet779: folds 
Mahu2021: folds 
AceWise: raises $0.30 to $0.40
El_Chinguire_: calls $0.35
anderson ca6: calls $0.30
dkuhn1987: calls $0.30
*** FLOP *** [Qh 2c 7s]
El_Chinguire_: checks 
anderson ca6: checks 
dkuhn1987: checks 
AceWise: checks 
*** TURN *** [Qh 2c 7s] [3h]
El_Chinguire_: checks 
anderson ca6: checks 
dkuhn1987: checks 
AceWise: checks 
*** RIVER *** [Qh 2c 7s 3h] [Kh]
El_Chinguire_: checks 
anderson ca6: checks 
dkuhn1987: checks 
AceWise: checks 
*** SHOW DOWN ***
El_Chinguire_: shows [9d Td] (high card King)
anderson ca6: shows [6d 6h] (a pair of Sixes)
dkuhn1987: mucks hand 
AceWise: shows [Kd Th] (a pair of Kings)
AceWise collected $1.53 from pot
*** SUMMARY ***
Total pot $1.60 | Rake $0.07 
Board [Qh 2c 7s 3h Kh]
Seat 1: AceWise (button) showed [Kd Th] and won ($1.53) with a pair of Kings
Seat 2: El_Chinguire_ (small blind) showed [9d Td] and lost with high card King
Seat 3: anderson ca6 (big blind) showed [6d 6h] and lost with a pair of Sixes
Seat 4: dkuhn1987 mucked [4c Ac]
Seat 5: olet779 folded before Flop (didn't bet)
Seat 6: Mahu2021 folded before Flop (didn't bet)



PokerStars Zoom Hand #254608165091:  Hold'em No Limit ($0.05/$0.10) - 2025/01/29 17:43:37 CET [2025/01/29 11:43:37 ET]
Table 'Aludra' 6-max Seat #1 is the button
Seat 1: Whiskyke ($8.20 in chips) 
Seat 2: ciceron86 ($10.15 in chips) 
Seat 3: Mahu2021 ($9 in chips) 
Seat 4: chepesextape ($25.04 in chips) 
Seat 5: Fakasaki ($48.86 in chips) 
Seat 6: knofan ($13.13 in chips) 
ciceron86: posts small blind $0.05
Mahu2021: posts big blind $0.10
*** HOLE CARDS ***
Dealt to Mahu2021 [7d Jh]
chepesextape: folds 
Fakasaki: folds 
knofan: folds 
Whiskyke: raises $0.10 to $0.20
ciceron86: folds 
Mahu2021: calls $0.10
*** FLOP *** [Jc Td Kc]
Mahu2021: checks 
Whiskyke: bets $0.22
Mahu2021: calls $0.22
*** TURN *** [Jc Td Kc] [6h]
Mahu2021: checks 
Whiskyke: bets $0.43
Mahu2021: calls $0.43
*** RIVER *** [Jc Td Kc 6h] [9h]
Mahu2021: checks 
Whiskyke: checks 
*** SHOW DOWN ***
Mahu2021: shows [7d Jh] (a pair of Jacks)
Whiskyke: shows [Js Ks] (two pair, Kings and Jacks)
Whiskyke collected $1.67 from pot
*** SUMMARY ***
Total pot $1.75 | Rake $0.08 
Board [Jc Td Kc 6h 9h]
Seat 1: Whiskyke (button) showed [Js Ks] and won ($1.67) with two pair, Kings and Jacks
Seat 2: ciceron86 (small blind) folded before Flop
Seat 3: Mahu2021 (big blind) showed [7d Jh] and lost with a pair of Jacks
Seat 4: chepesextape folded before Flop (didn't bet)
Seat 5: Fakasaki folded before Flop (didn't bet)
Seat 6: knofan folded before Flop (didn't bet)



PokerStars Zoom Hand #254608173548:  Hold'em No Limit ($0.05/$0.10) - 2025/01/29 17:44:14 CET [2025/01/29 11:44:14 ET]
Table 'Aludra' 6-max Seat #1 is the button
Seat 1: foodgg369 ($9.93 in chips) 
Seat 2: Salomandar ($13.28 in chips) 
Seat 3: Elvisc8_96 ($12.93 in chips) 
Seat 4: juan19872323 ($24.86 in chips) 
Seat 5: anderssoares ($12.58 in chips) 
Seat 6: Mahu2021 ($8.15 in chips) 
Salomandar: posts small blind $0.05
Elvisc8_96: posts big blind $0.10
*** HOLE CARDS ***
Dealt to Mahu2021 [Jc 8d]
juan19872323: folds 
anderssoares: folds 
Mahu2021: folds 
foodgg369: raises $0.10 to $0.20
Salomandar: folds 
Elvisc8_96: folds 
Uncalled bet ($0.10) returned to foodgg369
foodgg369 collected $0.25 from pot
foodgg369: doesn't show hand 
*** SUMMARY ***
Total pot $0.25 | Rake $0 
Seat 1: foodgg369 (button) collected ($0.25)
Seat 2: Salomandar (small blind) folded before Flop
Seat 3: Elvisc8_96 (big blind) folded before Flop
Seat 4: juan19872323 folded before Flop (didn't bet)
Seat 5: anderssoares folded before Flop (didn't bet)
Seat 6: Mahu2021 folded before Flop (didn't bet)



PokerStars Zoom Hand #254608174645:  Hold'em No Limit ($0.05/$0.10) - 2025/01/29 17:44:18 CET [2025/01/29 11:44:18 ET]
Table 'Aludra' 6-max Seat #1 is the button
Seat 1: Salomandar ($9.53 in chips) 
Seat 2: Mahu2021 ($8.15 in chips) 
Seat 3: WolcharaAP ($7.30 in chips) 
Seat 4: donnie270 ($10 in chips) 
Seat 5: GinthersRift ($11 in chips) 
Seat 6: ckayt888 ($8.86 in chips) 
Mahu2021: posts small blind $0.05
WolcharaAP: posts big blind $0.10
*** HOLE CARDS ***
Dealt to Mahu2021 [7h 3h]
donnie270: folds 
GinthersRift: folds 
ckayt888: raises $0.15 to $0.25
Salomandar: folds 
Mahu2021: folds 
WolcharaAP: folds 
Uncalled bet ($0.15) returned to ckayt888
ckayt888 collected $0.25 from pot
ckayt888: doesn't show hand 
*** SUMMARY ***
Total pot $0.25 | Rake $0 
Seat 1: Salomandar (button) folded before Flop (didn't bet)
Seat 2: Mahu2021 (small blind) folded before Flop
Seat 3: WolcharaAP (big blind) folded before Flop
Seat 4: donnie270 folded before Flop (didn't bet)
Seat 5: GinthersRift folded before Flop (didn't bet)
Seat 6: ckayt888 collected ($0.25)



PokerStars Zoom Hand #254608176191:  Hold'em No Limit ($0.05/$0.10) - 2025/01/29 17:44:25 CET [2025/01/29 11:44:25 ET]
Table 'Aludra' 6-max Seat #1 is the button
Seat 1: dorjojo ($10 in chips) 
Seat 2: davowar ($7.23 in chips) 
Seat 3: amoral03 ($10 in chips) 
Seat 4: ciceron86 ($10.10 in chips) 
Seat 5: v4valter88 ($10 in chips) 
Seat 6: Mahu2021 ($8.10 in chips) 
davowar: posts small blind $0.05
amoral03: posts big blind $0.10
*** HOLE CARDS ***
Dealt to Mahu2021 [Kh As]
ciceron86: folds 
v4valter88: folds 
Mahu2021: raises $0.14 to $0.24
dorjojo: folds 
davowar: folds 
amoral03: folds 
Uncalled bet ($0.14) returned to Mahu2021
Mahu2021 collected $0.25 from pot
Mahu2021: doesn't show hand 
*** SUMMARY ***
Total pot $0.25 | Rake $0 
Seat 1: dorjojo (button) folded before Flop (didn't bet)
Seat 2: davowar (small blind) folded before Flop
Seat 3: amoral03 (big blind) folded before Flop
Seat 4: ciceron86 folded before Flop (didn't bet)
Seat 5: v4valter88 folded before Flop (didn't bet)
Seat 6: Mahu2021 collected ($0.25)



PokerStars Zoom Hand #254608175396:  Hold'em No Limit ($0.05/$0.10) - 2025/01/29 17:44:22 CET [2025/01/29 11:44:22 ET]
Table 'Aludra' 6-max Seat #1 is the button
Seat 1: Mahu2021 ($8.10 in chips) 
Seat 2: GinthersRift ($11 in chips) 
Seat 3: Pastor28 ($14.94 in chips) 
Seat 4: ellson30 ($17.03 in chips) 
Seat 5: alexmagearu ($2.86 in chips) 
Seat 6: kSam44 ($6.82 in chips) 
GinthersRift: posts small blind $0.05
Pastor28: posts big blind $0.10
*** HOLE CARDS ***
Dealt to Mahu2021 [5s 3d]
ellson30: calls $0.10
alexmagearu: calls $0.10
kSam44: folds 
Mahu2021: folds 
GinthersRift: calls $0.05
Pastor28: checks 
*** FLOP *** [4d Jh 2c]
GinthersRift: checks 
Pastor28: checks 
ellson30: checks 
alexmagearu: checks 
*** TURN *** [4d Jh 2c] [9d]
GinthersRift: bets $0.30
Pastor28: folds 
ellson30: folds 
alexmagearu: folds 
Uncalled bet ($0.30) returned to GinthersRift
GinthersRift collected $0.38 from pot
GinthersRift: doesn't show hand 
*** SUMMARY ***
Total pot $0.40 | Rake $0.02 
Board [4d Jh 2c 9d]
Seat 1: Mahu2021 (button) folded before Flop (didn't bet)
Seat 2: GinthersRift (small blind) collected ($0.38)
Seat 3: Pastor28 (big blind) folded on the Turn
Seat 4: ellson30 folded on the Turn
Seat 5: alexmagearu folded on the Turn
Seat 6: kSam44 folded before Flop (didn't bet)



PokerStars Zoom Hand #254608181768:  Hold'em No Limit ($0.05/$0.10) - 2025/01/29 17:44:49 CET [2025/01/29 11:44:49 ET]
Table 'Aludra' 6-max Seat #1 is the button
Seat 1: MaJuCap ($10 in chips) 
Seat 2: Dastik 5 ($17.95 in chips) 
Seat 3: Mahu2021 ($8.25 in chips) 
Seat 4: ciceron86 ($10.96 in chips) 
Seat 5: ferpatrimarrero ($11.35 in chips) 
Seat 6: Pastor28 ($10 in chips) 
Dastik 5: posts small blind $0.05
Mahu2021: posts big blind $0.10
*** HOLE CARDS ***
Dealt to Mahu2021 [2h Kh]
ciceron86: folds 
ferpatrimarrero: folds 
Pastor28: raises $0.13 to $0.23
MaJuCap: folds 
Dastik 5: folds 
Mahu2021: calls $0.13
*** FLOP *** [9s Qc Kc]
Mahu2021: checks 
Pastor28: bets $0.15
Mahu2021: calls $0.15
*** TURN *** [9s Qc Kc] [Kd]
Mahu2021: checks 
Pastor28: checks 
*** RIVER *** [9s Qc Kc Kd] [8c]
Mahu2021: checks 
Pastor28: bets $0.54
Mahu2021: calls $0.54
*** SHOW DOWN ***
Pastor28: shows [Tc Ac] (a flush, Ace high)
Mahu2021: mucks hand 
Pastor28 collected $1.80 from pot
*** SUMMARY ***
Total pot $1.89 | Rake $0.09 
Board [9s Qc Kc Kd 8c]
Seat 1: MaJuCap (button) folded before Flop (didn't bet)
Seat 2: Dastik 5 (small blind) folded before Flop
Seat 3: Mahu2021 (big blind) mucked [2h Kh]
Seat 4: ciceron86 folded before Flop (didn't bet)
Seat 5: ferpatrimarrero folded before Flop (didn't bet)
Seat 6: Pastor28 showed [Tc Ac] and won ($1.80) with a flush, Ace high



PokerStars Zoom Hand #254608192032:  Hold'em No Limit ($0.05/$0.10) - 2025/01/29 17:45:33 CET [2025/01/29 11:45:33 ET]
Table 'Aludra' 6-max Seat #1 is the button
Seat 1: S.Bastow ($10.69 in chips) 
Seat 2: Mahu2021 ($7.33 in chips) 
Seat 3: foodgg369 ($9.83 in chips) 
Seat 4: Pastor28 ($10.88 in chips) 
Seat 5: GinthersRift ($11.43 in chips) 
Seat 6: MasterVBM ($5.18 in chips) 
Mahu2021: posts small blind $0.05
foodgg369: posts big blind $0.10
*** HOLE CARDS ***
Dealt to Mahu2021 [6h Qd]
Pastor28: folds 
GinthersRift: folds 
MasterVBM: folds 
S.Bastow: folds 
Mahu2021: folds 
Uncalled bet ($0.05) returned to foodgg369
foodgg369 collected $0.10 from pot
foodgg369: doesn't show hand 
*** SUMMARY ***
Total pot $0.10 | Rake $0 
Seat 1: S.Bastow (button) folded before Flop (didn't bet)
Seat 2: Mahu2021 (small blind) folded before Flop
Seat 3: foodgg369 (big blind) collected ($0.10)
Seat 4: Pastor28 folded before Flop (didn't bet)
Seat 5: GinthersRift folded before Flop (didn't bet)
Seat 6: MasterVBM folded before Flop (didn't bet)



PokerStars Zoom Hand #254608194112:  Hold'em No Limit ($0.05/$0.10) - 2025/01/29 17:45:42 CET [2025/01/29 11:45:42 ET]
Table 'Aludra' 6-max Seat #1 is the button
Seat 1: franz Z750 ($16.52 in chips) 
Seat 2: Gobi000 ($22.55 in chips) 
Seat 3: dakamaka53 ($9.85 in chips) 
Seat 4: anderson ca6 ($18.43 in chips) 
Seat 5: Mahu2021 ($7.28 in chips) 
Seat 6: cip1001t ($25.18 in chips) 
Gobi000: posts small blind $0.05
dakamaka53: posts big blind $0.10
*** HOLE CARDS ***
Dealt to Mahu2021 [8d Jd]
anderson ca6: folds 
Mahu2021: folds 
cip1001t: folds 
franz Z750: folds 
Gobi000: folds 
Uncalled bet ($0.05) returned to dakamaka53
dakamaka53 collected $0.10 from pot
dakamaka53: doesn't show hand 
*** SUMMARY ***
Total pot $0.10 | Rake $0 
Seat 1: franz Z750 (button) folded before Flop (didn't bet)
Seat 2: Gobi000 (small blind) folded before Flop
Seat 3: dakamaka53 (big blind) collected ($0.10)
Seat 4: anderson ca6 folded before Flop (didn't bet)
Seat 5: Mahu2021 folded before Flop (didn't bet)
Seat 6: cip1001t folded before Flop (didn't bet)



PokerStars Zoom Hand #254608193210:  Hold'em No Limit ($0.05/$0.10) - 2025/01/29 17:45:38 CET [2025/01/29 11:45:38 ET]
Table 'Aludra' 6-max Seat #1 is the button
Seat 1: Mahu2021 ($7.28 in chips) 
Seat 2: benmchoul12 ($21.02 in chips) 
Seat 3: PaduaC ($10 in chips) 
Seat 4: anderson ca6 ($18.43 in chips) 
Seat 5: MasterVBM ($5.18 in chips) 
Seat 6: BKong245 ($24.42 in chips) 
benmchoul12: posts small blind $0.05
PaduaC: posts big blind $0.10
*** HOLE CARDS ***
Dealt to Mahu2021 [5s Qc]
anderson ca6: folds 
MasterVBM: calls $0.10
BKong245: folds 
Mahu2021: folds 
benmchoul12: raises $0.10 to $0.20
PaduaC: folds 
MasterVBM: calls $0.10
*** FLOP *** [2h 5h 3d]
benmchoul12: bets $0.10
MasterVBM: calls $0.10
*** TURN *** [2h 5h 3d] [Kc]
benmchoul12: bets $0.30
MasterVBM: folds 
Uncalled bet ($0.30) returned to benmchoul12
benmchoul12 collected $0.67 from pot
benmchoul12: doesn't show hand 
*** SUMMARY ***
Total pot $0.70 | Rake $0.03 
Board [2h 5h 3d Kc]
Seat 1: Mahu2021 (button) folded before Flop (didn't bet)
Seat 2: benmchoul12 (small blind) collected ($0.67)
Seat 3: PaduaC (big blind) folded before Flop
Seat 4: anderson ca6 folded before Flop (didn't bet)
Seat 5: MasterVBM folded on the Turn
Seat 6: BKong245 folded before Flop (didn't bet)



PokerStars Zoom Hand #254608197360:  Hold'em No Limit ($0.05/$0.10) - 2025/01/29 17:45:56 CET [2025/01/29 11:45:56 ET]
Table 'Aludra' 6-max Seat #1 is the button
Seat 1: ciceron86 ($10.72 in chips) 
Seat 2: v4valter88 ($11.20 in chips) 
Seat 3: IvishoW ($16.89 in chips) 
Seat 4: Mahu2021 ($7.28 in chips) 
Seat 5: COVEIROANCAP ($10 in chips) 
Seat 6: Tfranciscato ($14.92 in chips) 
v4valter88: posts small blind $0.05
IvishoW: posts big blind $0.10
*** HOLE CARDS ***
Dealt to Mahu2021 [8h Jc]
Mahu2021: folds 
COVEIROANCAP: folds 
Tfranciscato: raises $0.50 to $0.60
ciceron86: folds 
v4valter88: folds 
IvishoW: folds 
Uncalled bet ($0.50) returned to Tfranciscato
Tfranciscato collected $0.25 from pot
Tfranciscato: doesn't show hand 
*** SUMMARY ***
Total pot $0.25 | Rake $0 
Seat 1: ciceron86 (button) folded before Flop (didn't bet)
Seat 2: v4valter88 (small blind) folded before Flop
Seat 3: IvishoW (big blind) folded before Flop
Seat 4: Mahu2021 folded before Flop (didn't bet)
Seat 5: COVEIROANCAP folded before Flop (didn't bet)
Seat 6: Tfranciscato collected ($0.25)



PokerStars Zoom Hand #254608198329:  Hold'em No Limit ($0.05/$0.10) - 2025/01/29 17:46:00 CET [2025/01/29 11:46:00 ET]
Table 'Aludra' 6-max Seat #1 is the button
Seat 1: BKong245 ($24.47 in chips) 
Seat 2: GinthersRift ($11.11 in chips) 
Seat 3: IvishoW ($15.95 in chips) 
Seat 4: Mahu2021 ($7.28 in chips) 
Seat 5: Axel Logan ($10 in chips) 
Seat 6: v4valter88 ($10.25 in chips) 
GinthersRift: posts small blind $0.05
IvishoW: posts big blind $0.10
*** HOLE CARDS ***
Dealt to Mahu2021 [6h 9d]
Mahu2021: folds 
Axel Logan: folds 
v4valter88: folds 
BKong245: folds 
GinthersRift: raises $0.15 to $0.25
IvishoW: calls $0.15
*** FLOP *** [Tc Th Jh]
GinthersRift: bets $0.25
IvishoW: folds 
Uncalled bet ($0.25) returned to GinthersRift
GinthersRift collected $0.48 from pot
GinthersRift: doesn't show hand 
*** SUMMARY ***
Total pot $0.50 | Rake $0.02 
Board [Tc Th Jh]
Seat 1: BKong245 (button) folded before Flop (didn't bet)
Seat 2: GinthersRift (small blind) collected ($0.48)
Seat 3: IvishoW (big blind) folded on the Flop
Seat 4: Mahu2021 folded before Flop (didn't bet)
Seat 5: Axel Logan folded before Flop (didn't bet)
Seat 6: v4valter88 folded before Flop (didn't bet)



PokerStars Zoom Hand #254608203937:  Hold'em No Limit ($0.05/$0.10) - 2025/01/29 17:46:24 CET [2025/01/29 11:46:24 ET]
Table 'Aludra' 6-max Seat #1 is the button
Seat 1: ckayt888 ($10 in chips) 
Seat 2: cip1001t ($10.29 in chips) 
Seat 3: amoral03 ($10 in chips) 
Seat 4: anderson ca6 ($12.90 in chips) 
Seat 5: Mahu2021 ($7.18 in chips) 
Seat 6: seeebeeek ($18.16 in chips) 
cip1001t: posts small blind $0.05
amoral03: posts big blind $0.10
*** HOLE CARDS ***
Dealt to Mahu2021 [6s 7d]
anderson ca6: folds 
Mahu2021: folds 
seeebeeek: folds 
ckayt888: folds 
cip1001t: raises $0.20 to $0.30
amoral03: folds 
Uncalled bet ($0.20) returned to cip1001t
cip1001t collected $0.20 from pot
cip1001t: doesn't show hand 
*** SUMMARY ***
Total pot $0.20 | Rake $0 
Seat 1: ckayt888 (button) folded before Flop (didn't bet)
Seat 2: cip1001t (small blind) collected ($0.20)
Seat 3: amoral03 (big blind) folded before Flop
Seat 4: anderson ca6 folded before Flop (didn't bet)
Seat 5: Mahu2021 folded before Flop (didn't bet)
Seat 6: seeebeeek folded before Flop (didn't bet)



PokerStars Zoom Hand #254608199242:  Hold'em No Limit ($0.05/$0.10) - 2025/01/29 17:46:04 CET [2025/01/29 11:46:04 ET]
Table 'Aludra' 6-max Seat #1 is the button
Seat 1: Upyourharris ($15.88 in chips) 
Seat 2: Fakasaki ($21.70 in chips) 
Seat 3: Mahu2021 ($7.28 in chips) 
Seat 4: Matzet1ka ($11.21 in chips) 
Seat 5: Luffy V ($10.28 in chips) 
Seat 6: Pastor28 ($19.48 in chips) 
Fakasaki: posts small blind $0.05
Mahu2021: posts big blind $0.10
*** HOLE CARDS ***
Dealt to Mahu2021 [Ts Ac]
Matzet1ka: folds 
Luffy V: folds 
Pastor28: raises $0.13 to $0.23
Upyourharris: raises $0.63 to $0.86
Fakasaki: raises $1.33 to $2.19
Mahu2021: folds 
Pastor28: folds 
Upyourharris: calls $1.33
*** FLOP *** [4h 3d 8c]
Fakasaki: bets $2.15
Upyourharris: folds 
Uncalled bet ($2.15) returned to Fakasaki
Fakasaki collected $4.50 from pot
Fakasaki: doesn't show hand 
*** SUMMARY ***
Total pot $4.71 | Rake $0.21 
Board [4h 3d 8c]
Seat 1: Upyourharris (button) folded on the Flop
Seat 2: Fakasaki (small blind) collected ($4.50)
Seat 3: Mahu2021 (big blind) folded before Flop
Seat 4: Matzet1ka folded before Flop (didn't bet)
Seat 5: Luffy V folded before Flop (didn't bet)
Seat 6: Pastor28 folded before Flop



PokerStars Zoom Hand #254608204692:  Hold'em No Limit ($0.05/$0.10) - 2025/01/29 17:46:27 CET [2025/01/29 11:46:27 ET]
Table 'Aludra' 6-max Seat #1 is the button
Seat 1: Fakasaki ($10 in chips) 
Seat 2: Mahu2021 ($7.18 in chips) 
Seat 3: juan19872323 ($9.29 in chips) 
Seat 4: iza_doria ($2.73 in chips) 
Seat 5: IvishoW ($16.79 in chips) 
Seat 6: kropotkin2000 ($10.74 in chips) 
Mahu2021: posts small blind $0.05
juan19872323: posts big blind $0.10
*** HOLE CARDS ***
Dealt to Mahu2021 [As 9h]
iza_doria: folds 
IvishoW: folds 
kropotkin2000: folds 
Fakasaki: folds 
Mahu2021: raises $0.20 to $0.30
juan19872323: calls $0.20
*** FLOP *** [5c 3d 8d]
Mahu2021: checks 
juan19872323: checks 
*** TURN *** [5c 3d 8d] [7s]
Mahu2021: checks 
juan19872323: checks 
*** RIVER *** [5c 3d 8d 7s] [8s]
Mahu2021: checks 
juan19872323: bets $0.10
Mahu2021: calls $0.10
*** SHOW DOWN ***
juan19872323: shows [9s Ts] (a pair of Eights)
Mahu2021: shows [As 9h] (a pair of Eights - Ace kicker)
Mahu2021 collected $0.76 from pot
*** SUMMARY ***
Total pot $0.80 | Rake $0.04 
Board [5c 3d 8d 7s 8s]
Seat 1: Fakasaki (button) folded before Flop (didn't bet)
Seat 2: Mahu2021 (small blind) showed [As 9h] and won ($0.76) with a pair of Eights
Seat 3: juan19872323 (big blind) showed [9s Ts] and lost with a pair of Eights
Seat 4: iza_doria folded before Flop (didn't bet)
Seat 5: IvishoW folded before Flop (didn't bet)
Seat 6: kropotkin2000 folded before Flop (didn't bet)



PokerStars Zoom Hand #254608211948:  Hold'em No Limit ($0.05/$0.10) - 2025/01/29 17:46:58 CET [2025/01/29 11:46:58 ET]
Table 'Aludra' 6-max Seat #1 is the button
Seat 1: v4valter88 ($10.20 in chips) 
Seat 2: benmchoul12 ($21.66 in chips) 
Seat 3: stiffmaster4 ($12.49 in chips) 
Seat 4: Matzet1ka ($11.06 in chips) 
Seat 5: Pesulle ($17.14 in chips) 
Seat 6: Mahu2021 ($7.54 in chips) 
benmchoul12: posts small blind $0.05
stiffmaster4: posts big blind $0.10
*** HOLE CARDS ***
Dealt to Mahu2021 [9c 4d]
Matzet1ka: folds 
Pesulle: raises $0.12 to $0.22
Mahu2021: folds 
v4valter88: folds 
benmchoul12: calls $0.17
stiffmaster4: folds 
*** FLOP *** [6s 2c 8s]
benmchoul12: checks 
Pesulle: bets $0.17
benmchoul12: calls $0.17
*** TURN *** [6s 2c 8s] [3h]
benmchoul12: checks 
Pesulle: checks 
*** RIVER *** [6s 2c 8s 3h] [5h]
benmchoul12: checks 
Pesulle: checks 
*** SHOW DOWN ***
benmchoul12: shows [Qc Jh] (high card Queen)
Pesulle: shows [Ad Ks] (high card Ace)
Pesulle collected $0.84 from pot
*** SUMMARY ***
Total pot $0.88 | Rake $0.04 
Board [6s 2c 8s 3h 5h]
Seat 1: v4valter88 (button) folded before Flop (didn't bet)
Seat 2: benmchoul12 (small blind) showed [Qc Jh] and lost with high card Queen
Seat 3: stiffmaster4 (big blind) folded before Flop
Seat 4: Matzet1ka folded before Flop (didn't bet)
Seat 5: Pesulle showed [Ad Ks] and won ($0.84) with high card Ace
Seat 6: Mahu2021 folded before Flop (didn't bet)



PokerStars Zoom Hand #254608214005:  Hold'em No Limit ($0.05/$0.10) - 2025/01/29 17:47:07 CET [2025/01/29 11:47:07 ET]
Table 'Aludra' 6-max Seat #1 is the button
Seat 1: Mahu2021 ($7.54 in chips) 
Seat 2: davowar ($6.15 in chips) 
Seat 3: Gobi000 ($17.73 in chips) 
Seat 4: Danielitoosk ($10 in chips) 
Seat 5: ellson30 ($17.50 in chips) 
Seat 6: anderson ca6 ($12.90 in chips) 
davowar: posts small blind $0.05
Gobi000: posts big blind $0.10
*** HOLE CARDS ***
Dealt to Mahu2021 [Kd 7d]
Danielitoosk: raises $0.10 to $0.20
ellson30: calls $0.20
anderson ca6: folds 
Mahu2021: folds 
davowar: folds 
Gobi000: folds 
*** FLOP *** [Ks 3d Ts]
Danielitoosk: bets $0.13
ellson30: folds 
Uncalled bet ($0.13) returned to Danielitoosk
Danielitoosk collected $0.53 from pot
Danielitoosk: doesn't show hand 
*** SUMMARY ***
Total pot $0.55 | Rake $0.02 
Board [Ks 3d Ts]
Seat 1: Mahu2021 (button) folded before Flop (didn't bet)
Seat 2: davowar (small blind) folded before Flop
Seat 3: Gobi000 (big blind) folded before Flop
Seat 4: Danielitoosk collected ($0.53)
Seat 5: ellson30 folded on the Flop
Seat 6: anderson ca6 folded before Flop (didn't bet)



