PokerStars Zoom Hand #255093632769:  Hold'em No Limit ($0.05/$0.10) - 2025/03/01 21:27:39 CET [2025/03/01 15:27:39 ET]
Table 'Aludra' 6-max Seat #1 is the button
Seat 1: Empahehe ($15.36 in chips) 
Seat 2: ggfella ($9.20 in chips) 
Seat 3: Mahu2021 ($10 in chips) 
Seat 4: KidMamba ($88.37 in chips) 
Seat 5: LuchoJacobo8 ($11.88 in chips) 
Seat 6: Last70 ($19.27 in chips) 
ggfella: posts small blind $0.05
Mahu2021: posts big blind $0.10
*** HOLE CARDS ***
Dealt to Mahu2021 [Tc 4d]
KidMamba: folds 
LuchoJacobo8: folds 
Last70: folds 
Empahehe: calls $0.10
ggfella: calls $0.05
Mahu2021: checks 
*** FLOP *** [7h 6s Th]
ggfella: checks 
Mahu2021: checks 
Empahehe: checks 
*** TURN *** [7h 6s Th] [3c]
ggfella: checks 
Mahu2021: bets $0.29
Empahehe: calls $0.29
ggfella: folds 
*** RIVER *** [7h 6s Th 3c] [4s]
Mahu2021: bets $0.84
Empahehe: folds 
Uncalled bet ($0.84) returned to Mahu2021
Mahu2021 collected $0.84 from pot
Mahu2021: doesn't show hand 
*** SUMMARY ***
Total pot $0.88 | Rake $0.04 
Board [7h 6s Th 3c 4s]
Seat 1: Empahehe (button) folded on the River
Seat 2: ggfella (small blind) folded on the Turn
Seat 3: Mahu2021 (big blind) collected ($0.84)
Seat 4: KidMamba folded before Flop (didn't bet)
Seat 5: LuchoJacobo8 folded before Flop (didn't bet)
Seat 6: Last70 folded before Flop (didn't bet)



PokerStars Zoom Hand #255093643199:  Hold'em No Limit ($0.05/$0.10) - 2025/03/01 21:28:16 CET [2025/03/01 15:28:16 ET]
Table 'Aludra' 6-max Seat #1 is the button
Seat 1: fusermx ($8.45 in chips) 
Seat 2: Mahu2021 ($10.45 in chips) 
Seat 3: stand123 ($10.05 in chips) 
Seat 4: dh7889 ($10.56 in chips) 
Seat 5: Cyborg_0113 ($16.83 in chips) 
Seat 6: pokeripuikko ($27.58 in chips) 
Mahu2021: posts small blind $0.05
stand123: posts big blind $0.10
*** HOLE CARDS ***
Dealt to Mahu2021 [6c 4h]
dh7889: folds 
Cyborg_0113: folds 
pokeripuikko: folds 
fusermx: folds 
Mahu2021: folds 
Uncalled bet ($0.05) returned to stand123
stand123 collected $0.10 from pot
stand123: doesn't show hand 
*** SUMMARY ***
Total pot $0.10 | Rake $0 
Seat 1: fusermx (button) folded before Flop (didn't bet)
Seat 2: Mahu2021 (small blind) folded before Flop
Seat 3: stand123 (big blind) collected ($0.10)
Seat 4: dh7889 folded before Flop (didn't bet)
Seat 5: Cyborg_0113 folded before Flop (didn't bet)
Seat 6: pokeripuikko folded before Flop (didn't bet)



PokerStars Zoom Hand #255093646322:  Hold'em No Limit ($0.05/$0.10) - 2025/03/01 21:28:26 CET [2025/03/01 15:28:26 ET]
Table 'Aludra' 6-max Seat #1 is the button
Seat 1: Mahu2021 ($10.40 in chips) 
Seat 2: pokeripuikko ($27.63 in chips) 
Seat 3: durugica10 ($26.26 in chips) 
Seat 4: DIAMOND_0920 ($10.15 in chips) 
Seat 5: Last70 ($19.32 in chips) 
Seat 6: Fpithers ($16.55 in chips) 
pokeripuikko: posts small blind $0.05
durugica10: posts big blind $0.10
*** HOLE CARDS ***
Dealt to Mahu2021 [Ac Jh]
DIAMOND_0920: folds 
Last70: folds 
Fpithers: raises $0.15 to $0.25
Mahu2021: calls $0.25
pokeripuikko: folds 
durugica10: folds 
*** FLOP *** [5c Qc Js]
Fpithers: checks 
Mahu2021: bets $0.30
Fpithers: calls $0.30
*** TURN *** [5c Qc Js] [Qs]
Fpithers: checks 
Mahu2021: bets $1.19
Fpithers: calls $1.19
*** RIVER *** [5c Qc Js Qs] [3s]
Fpithers: checks 
Mahu2021: checks 
*** SHOW DOWN ***
Fpithers: shows [Jc Qh] (a full house, Queens full of Jacks)
Mahu2021: mucks hand 
Fpithers collected $3.47 from pot
*** SUMMARY ***
Total pot $3.63 | Rake $0.16 
Board [5c Qc Js Qs 3s]
Seat 1: Mahu2021 (button) mucked [Ac Jh]
Seat 2: pokeripuikko (small blind) folded before Flop
Seat 3: durugica10 (big blind) folded before Flop
Seat 4: DIAMOND_0920 folded before Flop (didn't bet)
Seat 5: Last70 folded before Flop (didn't bet)
Seat 6: Fpithers showed [Jc Qh] and won ($3.47) with a full house, Queens full of Jacks



PokerStars Zoom Hand #255093655412:  Hold'em No Limit ($0.05/$0.10) - 2025/03/01 21:28:58 CET [2025/03/01 15:28:58 ET]
Table 'Aludra' 6-max Seat #1 is the button
Seat 1: polina70 ($4.84 in chips) 
Seat 2: Die8 ($10.10 in chips) 
Seat 3: Zutuzutu_90 ($10.91 in chips) 
Seat 4: TilTheEnd982 ($22.90 in chips) 
Seat 5: Jajje7 ($10 in chips) 
Seat 6: Mahu2021 ($8.66 in chips) 
Die8: posts small blind $0.05
Zutuzutu_90: posts big blind $0.10
*** HOLE CARDS ***
Dealt to Mahu2021 [9s As]
TilTheEnd982: folds 
Jajje7: folds 
Mahu2021: raises $0.14 to $0.24
polina70: folds 
Die8: folds 
Zutuzutu_90: folds 
Uncalled bet ($0.14) returned to Mahu2021
Mahu2021 collected $0.25 from pot
Mahu2021: doesn't show hand 
*** SUMMARY ***
Total pot $0.25 | Rake $0 
Seat 1: polina70 (button) folded before Flop (didn't bet)
Seat 2: Die8 (small blind) folded before Flop
Seat 3: Zutuzutu_90 (big blind) folded before Flop
Seat 4: TilTheEnd982 folded before Flop (didn't bet)
Seat 5: Jajje7 folded before Flop (didn't bet)
Seat 6: Mahu2021 collected ($0.25)



PokerStars Zoom Hand #255093664329:  Hold'em No Limit ($0.05/$0.10) - 2025/03/01 21:29:29 CET [2025/03/01 15:29:29 ET]
Table 'Aludra' 6-max Seat #1 is the button
Seat 1: Fpithers ($18.13 in chips) 
Seat 2: ggfella ($10.77 in chips) 
Seat 3: Mahu2021 ($8.81 in chips) 
Seat 4: Cyborg_0113 ($17.13 in chips) 
Seat 5: Relaxing616 ($43.59 in chips) 
Seat 6: SharkBeraz ($9.52 in chips) 
ggfella: posts small blind $0.05
Mahu2021: posts big blind $0.10
*** HOLE CARDS ***
Dealt to Mahu2021 [8s Qh]
Cyborg_0113: folds 
Relaxing616: folds 
SharkBeraz: raises $0.20 to $0.30
Fpithers: folds 
ggfella: folds 
Mahu2021: folds 
Uncalled bet ($0.20) returned to SharkBeraz
SharkBeraz collected $0.25 from pot
SharkBeraz: doesn't show hand 
*** SUMMARY ***
Total pot $0.25 | Rake $0 
Seat 1: Fpithers (button) folded before Flop (didn't bet)
Seat 2: ggfella (small blind) folded before Flop
Seat 3: Mahu2021 (big blind) folded before Flop
Seat 4: Cyborg_0113 folded before Flop (didn't bet)
Seat 5: Relaxing616 folded before Flop (didn't bet)
Seat 6: SharkBeraz collected ($0.25)



PokerStars Zoom Hand #255093662202:  Hold'em No Limit ($0.05/$0.10) - 2025/03/01 21:29:21 CET [2025/03/01 15:29:21 ET]
Table 'Aludra' 6-max Seat #1 is the button
Seat 1: Anesme1 ($9.85 in chips) 
Seat 2: Jajje7 ($10 in chips) 
Seat 3: arinpiii93 ($9.12 in chips) 
Seat 4: DIAMOND_0920 ($10.10 in chips) 
Seat 5: Mahu2021 ($8.81 in chips) 
Seat 6: Last70 ($19.52 in chips) 
Jajje7: posts small blind $0.05
arinpiii93: posts big blind $0.10
*** HOLE CARDS ***
Dealt to Mahu2021 [3h 9d]
DIAMOND_0920: folds 
Mahu2021: folds 
Last70: folds 
Anesme1: calls $0.10
Jajje7: folds 
arinpiii93: checks 
*** FLOP *** [5d Jd 2d]
arinpiii93: checks 
Anesme1: checks 
*** TURN *** [5d Jd 2d] [Ac]
arinpiii93: bets $0.10
Anesme1: folds 
Uncalled bet ($0.10) returned to arinpiii93
arinpiii93 collected $0.24 from pot
arinpiii93: doesn't show hand 
*** SUMMARY ***
Total pot $0.25 | Rake $0.01 
Board [5d Jd 2d Ac]
Seat 1: Anesme1 (button) folded on the Turn
Seat 2: Jajje7 (small blind) folded before Flop
Seat 3: arinpiii93 (big blind) collected ($0.24)
Seat 4: DIAMOND_0920 folded before Flop (didn't bet)
Seat 5: Mahu2021 folded before Flop (didn't bet)
Seat 6: Last70 folded before Flop (didn't bet)



PokerStars Zoom Hand #255093669176:  Hold'em No Limit ($0.05/$0.10) - 2025/03/01 21:29:45 CET [2025/03/01 15:29:45 ET]
Table 'Aludra' 6-max Seat #1 is the button
Seat 1: ggfella ($10.72 in chips) 
Seat 2: Mahu2021 ($8.71 in chips) 
Seat 3: teebeutel16 ($8.12 in chips) 
Seat 4: JonnHsk ($10.64 in chips) 
Seat 5: SkyBoy23 ($28.23 in chips) 
Seat 6: Die8 ($10.05 in chips) 
Mahu2021: posts small blind $0.05
teebeutel16: posts big blind $0.10
*** HOLE CARDS ***
Dealt to Mahu2021 [Ad Jd]
JonnHsk: raises $0.10 to $0.20
SkyBoy23: folds 
Die8: folds 
ggfella: folds 
Mahu2021: calls $0.15
teebeutel16: folds 
*** FLOP *** [Kd 9h 2s]
Mahu2021: checks 
JonnHsk: bets $0.20
Mahu2021: calls $0.20
*** TURN *** [Kd 9h 2s] [2c]
Mahu2021: checks 
JonnHsk: checks 
*** RIVER *** [Kd 9h 2s 2c] [Ks]
Mahu2021: checks 
JonnHsk: bets $0.10
Mahu2021: calls $0.10
*** SHOW DOWN ***
JonnHsk: shows [8c 8d] (two pair, Kings and Eights)
Mahu2021: mucks hand 
JonnHsk collected $1.05 from pot
*** SUMMARY ***
Total pot $1.10 | Rake $0.05 
Board [Kd 9h 2s 2c Ks]
Seat 1: ggfella (button) folded before Flop (didn't bet)
Seat 2: Mahu2021 (small blind) mucked [Ad Jd]
Seat 3: teebeutel16 (big blind) folded before Flop
Seat 4: JonnHsk showed [8c 8d] and won ($1.05) with two pair, Kings and Eights
Seat 5: SkyBoy23 folded before Flop (didn't bet)
Seat 6: Die8 folded before Flop (didn't bet)



PokerStars Zoom Hand #255093667797:  Hold'em No Limit ($0.05/$0.10) - 2025/03/01 21:29:40 CET [2025/03/01 15:29:40 ET]
Table 'Aludra' 6-max Seat #1 is the button
Seat 1: Jajje7 ($13.18 in chips) 
Seat 2: 23allinbro23 ($38.68 in chips) 
Seat 3: al591 ($9.35 in chips) 
Seat 4: Mahu2021 ($8.71 in chips) 
Seat 5: enry7.ice ($10.09 in chips) 
Seat 6: sur_d_yan ($2.83 in chips) 
23allinbro23: posts small blind $0.05
al591: posts big blind $0.10
*** HOLE CARDS ***
Dealt to Mahu2021 [Kh 8h]
Mahu2021: folds 
enry7.ice: folds 
sur_d_yan: raises $0.15 to $0.25
Jajje7: folds 
23allinbro23: calls $0.20
al591: calls $0.15
*** FLOP *** [3d 3s Td]
23allinbro23: checks 
al591: bets $0.30
sur_d_yan: folds 
23allinbro23: calls $0.30
*** TURN *** [3d 3s Td] [7c]
23allinbro23: checks 
al591: checks 
*** RIVER *** [3d 3s Td 7c] [Ks]
23allinbro23: checks 
al591: bets $1.29
23allinbro23: folds 
Uncalled bet ($1.29) returned to al591
al591 collected $1.29 from pot
al591: doesn't show hand 
*** SUMMARY ***
Total pot $1.35 | Rake $0.06 
Board [3d 3s Td 7c Ks]
Seat 1: Jajje7 (button) folded before Flop (didn't bet)
Seat 2: 23allinbro23 (small blind) folded on the River
Seat 3: al591 (big blind) collected ($1.29)
Seat 4: Mahu2021 folded before Flop (didn't bet)
Seat 5: enry7.ice folded before Flop (didn't bet)
Seat 6: sur_d_yan folded on the Flop



PokerStars Zoom Hand #255093675734:  Hold'em No Limit ($0.05/$0.10) - 2025/03/01 21:30:08 CET [2025/03/01 15:30:08 ET]
Table 'Aludra' 6-max Seat #1 is the button
Seat 1: Mahu2021 ($8.21 in chips) 
Seat 2: JonKing75 ($10.84 in chips) 
Seat 3: Illusioni973 ($19.19 in chips) 
Seat 4: Jajje7 ($16.96 in chips) 
Seat 5: Fpithers ($18.23 in chips) 
Seat 6: Last70 ($19.77 in chips) 
JonKing75: posts small blind $0.05
Illusioni973: posts big blind $0.10
*** HOLE CARDS ***
Dealt to Mahu2021 [5s Kd]
Jajje7: folds 
Fpithers: folds 
Last70: raises $0.13 to $0.23
Mahu2021: folds 
JonKing75: folds 
Illusioni973: folds 
Uncalled bet ($0.13) returned to Last70
Last70 collected $0.25 from pot
Last70: doesn't show hand 
*** SUMMARY ***
Total pot $0.25 | Rake $0 
Seat 1: Mahu2021 (button) folded before Flop (didn't bet)
Seat 2: JonKing75 (small blind) folded before Flop
Seat 3: Illusioni973 (big blind) folded before Flop
Seat 4: Jajje7 folded before Flop (didn't bet)
Seat 5: Fpithers folded before Flop (didn't bet)
Seat 6: Last70 collected ($0.25)



PokerStars Zoom Hand #255093676883:  Hold'em No Limit ($0.05/$0.10) - 2025/03/01 21:30:12 CET [2025/03/01 15:30:12 ET]
Table 'Aludra' 6-max Seat #1 is the button
Seat 1: TilTheEnd982 ($25.08 in chips) 
Seat 2: RoWw23 ($12.19 in chips) 
Seat 3: NoSoupForAll ($29.68 in chips) 
Seat 4: JonnHsk ($11.19 in chips) 
Seat 5: DIAMOND_0920 ($10 in chips) 
Seat 6: Mahu2021 ($8.21 in chips) 
RoWw23: posts small blind $0.05
NoSoupForAll: posts big blind $0.10
*** HOLE CARDS ***
Dealt to Mahu2021 [As Kc]
JonnHsk: folds 
DIAMOND_0920: folds 
Mahu2021: raises $0.14 to $0.24
TilTheEnd982: calls $0.24
RoWw23: folds 
NoSoupForAll: folds 
*** FLOP *** [2h Ad 9h]
Mahu2021: checks 
TilTheEnd982: bets $0.36
Mahu2021: calls $0.36
*** TURN *** [2h Ad 9h] [Jd]
Mahu2021: checks 
TilTheEnd982: bets $1.04
Mahu2021: raises $1.36 to $2.40
TilTheEnd982: raises $5.36 to $7.76
Mahu2021: calls $5.21 and is all-in
Uncalled bet ($0.15) returned to TilTheEnd982
*** RIVER *** [2h Ad 9h Jd] [Ah]
*** SHOW DOWN ***
Mahu2021: shows [As Kc] (three of a kind, Aces)
TilTheEnd982: shows [9c 9s] (a full house, Nines full of Aces)
TilTheEnd982 collected $15.82 from pot
*** SUMMARY ***
Total pot $16.57 | Rake $0.75 
Board [2h Ad 9h Jd Ah]
Seat 1: TilTheEnd982 (button) showed [9c 9s] and won ($15.82) with a full house, Nines full of Aces
Seat 2: RoWw23 (small blind) folded before Flop
Seat 3: NoSoupForAll (big blind) folded before Flop
Seat 4: JonnHsk folded before Flop (didn't bet)
Seat 5: DIAMOND_0920 folded before Flop (didn't bet)
Seat 6: Mahu2021 showed [As Kc] and lost with three of a kind, Aces



