PokerStars Zoom Hand #254607101267:  Hold'em No Limit ($0.05/$0.10) - 2025/01/29 16:20:20 CET [2025/01/29 10:20:20 ET]
Table 'Aludra' 6-max Seat #1 is the button
Seat 1: UNKNOWN_x_13 ($5.12 in chips) 
Seat 2: juan19872323 ($10.05 in chips) 
Seat 3: Mahu2021 ($10 in chips) 
Seat 4: DoncasterSux ($18.13 in chips) 
Seat 5: miu_0716 ($11.53 in chips) 
Seat 6: luporinni ($5.24 in chips) 
juan19872323: posts small blind $0.05
Mahu2021: posts big blind $0.10
*** HOLE CARDS ***
Dealt to Mahu2021 [Th 8c]
DoncasterSux: folds 
miu_0716: folds 
luporinni: folds 
UNKNOWN_x_13: folds 
juan19872323: raises $0.20 to $0.30
Mahu2021: calls $0.20
*** FLOP *** [Kd 7d 9d]
juan19872323: bets $0.29
Mahu2021: calls $0.29
*** TURN *** [Kd 7d 9d] [4s]
juan19872323: checks 
Mahu2021: checks 
*** RIVER *** [Kd 7d 9d 4s] [7s]
juan19872323: checks 
Mahu2021: bets $1.13
juan19872323: folds 
Uncalled bet ($1.13) returned to Mahu2021
Mahu2021 collected $1.13 from pot
Mahu2021: doesn't show hand 
*** SUMMARY ***
Total pot $1.18 | Rake $0.05 
Board [Kd 7d 9d 4s 7s]
Seat 1: UNKNOWN_x_13 (button) folded before Flop (didn't bet)
Seat 2: juan19872323 (small blind) folded on the River
Seat 3: Mahu2021 (big blind) collected ($1.13)
Seat 4: DoncasterSux folded before Flop (didn't bet)
Seat 5: miu_0716 folded before Flop (didn't bet)
Seat 6: luporinni folded before Flop (didn't bet)



PokerStars Zoom Hand #254607107996:  Hold'em No Limit ($0.05/$0.10) - 2025/01/29 16:20:53 CET [2025/01/29 10:20:53 ET]
Table 'Aludra' 6-max Seat #1 is the button
Seat 1: Mahu2021 ($10.54 in chips) 
Seat 2: foggz ($11.59 in chips) 
Seat 3: TheRage333 ($10.65 in chips) 
Seat 4: UNKNOWN_x_13 ($4.62 in chips) 
Seat 5: Extecoetter25 ($13.41 in chips) 
Seat 6: TheNorthStar_18 ($13.10 in chips) 
foggz: posts small blind $0.05
TheRage333: posts big blind $0.10
*** HOLE CARDS ***
Dealt to Mahu2021 [Qh 6h]
UNKNOWN_x_13: folds 
Extecoetter25: folds 
TheNorthStar_18: folds 
Mahu2021: raises $0.20 to $0.30
foggz: folds 
TheRage333: calls $0.20
*** FLOP *** [3d Tc As]
TheRage333: checks 
Mahu2021: checks 
*** TURN *** [3d Tc As] [Ah]
TheRage333: checks 
Mahu2021: checks 
*** RIVER *** [3d Tc As Ah] [Jd]
TheRage333: checks 
Mahu2021: checks 
*** SHOW DOWN ***
TheRage333: shows [8d Kd] (a pair of Aces)
Mahu2021: mucks hand 
TheRage333 collected $0.62 from pot
*** SUMMARY ***
Total pot $0.65 | Rake $0.03 
Board [3d Tc As Ah Jd]
Seat 1: Mahu2021 (button) mucked [Qh 6h]
Seat 2: foggz (small blind) folded before Flop
Seat 3: TheRage333 (big blind) showed [8d Kd] and won ($0.62) with a pair of Aces
Seat 4: UNKNOWN_x_13 folded before Flop (didn't bet)
Seat 5: Extecoetter25 folded before Flop (didn't bet)
Seat 6: TheNorthStar_18 folded before Flop (didn't bet)



PokerStars Zoom Hand #254607113197:  Hold'em No Limit ($0.05/$0.10) - 2025/01/29 16:21:18 CET [2025/01/29 10:21:18 ET]
Table 'Aludra' 6-max Seat #1 is the button
Seat 1: StefanGhinea ($11.50 in chips) 
Seat 2: Mahu2021 ($10.24 in chips) 
Seat 3: pougia777 ($10.40 in chips) 
Seat 4: TheRage333 ($10.97 in chips) 
Seat 5: Pastor28 ($12.68 in chips) 
Seat 6: klevinjer ($10.09 in chips) 
Mahu2021: posts small blind $0.05
pougia777: posts big blind $0.10
*** HOLE CARDS ***
Dealt to Mahu2021 [7d 6h]
TheRage333: folds 
Pastor28: raises $0.10 to $0.20
klevinjer: folds 
StefanGhinea: folds 
Mahu2021: folds 
pougia777: folds 
Uncalled bet ($0.10) returned to Pastor28
Pastor28 collected $0.25 from pot
Pastor28: doesn't show hand 
*** SUMMARY ***
Total pot $0.25 | Rake $0 
Seat 1: StefanGhinea (button) folded before Flop (didn't bet)
Seat 2: Mahu2021 (small blind) folded before Flop
Seat 3: pougia777 (big blind) folded before Flop
Seat 4: TheRage333 folded before Flop (didn't bet)
Seat 5: Pastor28 collected ($0.25)
Seat 6: klevinjer folded before Flop (didn't bet)



PokerStars Zoom Hand #254607115203:  Hold'em No Limit ($0.05/$0.10) - 2025/01/29 16:21:28 CET [2025/01/29 10:21:28 ET]
Table 'Aludra' 6-max Seat #1 is the button
Seat 1: Charlie13711 ($10 in chips) 
Seat 2: AceWise ($13.45 in chips) 
Seat 3: cip1001t ($4.96 in chips) 
Seat 4: Footraiser ($18.70 in chips) 
Seat 5: ASENNA76 ($10.58 in chips) 
Seat 6: Mahu2021 ($10.19 in chips) 
AceWise: posts small blind $0.05
cip1001t: posts big blind $0.10
*** HOLE CARDS ***
Dealt to Mahu2021 [2c Js]
Footraiser: folds 
ASENNA76: raises $0.20 to $0.30
Mahu2021: folds 
Charlie13711: folds 
AceWise: folds 
cip1001t: folds 
Uncalled bet ($0.20) returned to ASENNA76
ASENNA76 collected $0.25 from pot
ASENNA76: doesn't show hand 
*** SUMMARY ***
Total pot $0.25 | Rake $0 
Seat 1: Charlie13711 (button) folded before Flop (didn't bet)
Seat 2: AceWise (small blind) folded before Flop
Seat 3: cip1001t (big blind) folded before Flop
Seat 4: Footraiser folded before Flop (didn't bet)
Seat 5: ASENNA76 collected ($0.25)
Seat 6: Mahu2021 folded before Flop (didn't bet)



PokerStars Zoom Hand #254607116211:  Hold'em No Limit ($0.05/$0.10) - 2025/01/29 16:21:33 CET [2025/01/29 10:21:33 ET]
Table 'Aludra' 6-max Seat #1 is the button
Seat 1: Soli56 ($20.95 in chips) 
Seat 2: kmnfst ($16.96 in chips) 
Seat 3: Charlie13711 ($10.57 in chips) 
Seat 4: TheNorthStar_18 ($12.95 in chips) 
Seat 5: Mahu2021 ($10.19 in chips) 
Seat 6: Footraiser ($18.70 in chips) 
kmnfst: posts small blind $0.05
Charlie13711: posts big blind $0.10
*** HOLE CARDS ***
Dealt to Mahu2021 [2c 2d]
TheNorthStar_18: folds 
Mahu2021: folds 
Footraiser: folds 
Soli56: raises $0.15 to $0.25
kmnfst: folds 
Charlie13711: calls $0.15
*** FLOP *** [Ac 4d Ks]
Charlie13711: checks 
Soli56: bets $0.29
Charlie13711: folds 
Uncalled bet ($0.29) returned to Soli56
Soli56 collected $0.53 from pot
Soli56: doesn't show hand 
*** SUMMARY ***
Total pot $0.55 | Rake $0.02 
Board [Ac 4d Ks]
Seat 1: Soli56 (button) collected ($0.53)
Seat 2: kmnfst (small blind) folded before Flop
Seat 3: Charlie13711 (big blind) folded on the Flop
Seat 4: TheNorthStar_18 folded before Flop (didn't bet)
Seat 5: Mahu2021 folded before Flop (didn't bet)
Seat 6: Footraiser folded before Flop (didn't bet)



PokerStars Zoom Hand #254607117412:  Hold'em No Limit ($0.05/$0.10) - 2025/01/29 16:21:39 CET [2025/01/29 10:21:39 ET]
Table 'Aludra' 6-max Seat #1 is the button
Seat 1: Titsamach ($10 in chips) 
Seat 2: sv5555555 ($9.90 in chips) 
Seat 3: jeonjinny ($10 in chips) 
Seat 4: Mahu2021 ($10.19 in chips) 
Seat 5: Metam4n85 ($15.74 in chips) 
Seat 6: 88Aurum88 ($10 in chips) 
sv5555555: posts small blind $0.05
jeonjinny: posts big blind $0.10
*** HOLE CARDS ***
Dealt to Mahu2021 [9d 3d]
Mahu2021: folds 
Metam4n85: folds 
88Aurum88: folds 
Titsamach: folds 
sv5555555: folds 
Uncalled bet ($0.05) returned to jeonjinny
jeonjinny collected $0.10 from pot
jeonjinny: doesn't show hand 
*** SUMMARY ***
Total pot $0.10 | Rake $0 
Seat 1: Titsamach (button) folded before Flop (didn't bet)
Seat 2: sv5555555 (small blind) folded before Flop
Seat 3: jeonjinny (big blind) collected ($0.10)
Seat 4: Mahu2021 folded before Flop (didn't bet)
Seat 5: Metam4n85 folded before Flop (didn't bet)
Seat 6: 88Aurum88 folded before Flop (didn't bet)



PokerStars Zoom Hand #254607118234:  Hold'em No Limit ($0.05/$0.10) - 2025/01/29 16:21:43 CET [2025/01/29 10:21:43 ET]
Table 'Aludra' 6-max Seat #1 is the button
Seat 1: Julian125 ($10 in chips) 
Seat 2: Metam4n85 ($15.74 in chips) 
Seat 3: Mahu2021 ($10.19 in chips) 
Seat 4: systraxsix ($4.85 in chips) 
Seat 5: 88Aurum88 ($10 in chips) 
Seat 6: UNKNOWN_x_13 ($5.22 in chips) 
Metam4n85: posts small blind $0.05
Mahu2021: posts big blind $0.10
*** HOLE CARDS ***
Dealt to Mahu2021 [4s Js]
systraxsix: calls $0.10
88Aurum88: folds 
UNKNOWN_x_13: folds 
Julian125: folds 
Metam4n85: folds 
Mahu2021: checks 
*** FLOP *** [Qs Ts 2d]
Mahu2021: checks 
systraxsix: checks 
*** TURN *** [Qs Ts 2d] [6h]
Mahu2021: checks 
systraxsix: bets $0.24
Mahu2021: calls $0.24
*** RIVER *** [Qs Ts 2d 6h] [Jd]
Mahu2021: checks 
systraxsix: bets $0.70
Mahu2021: calls $0.70
*** SHOW DOWN ***
systraxsix: shows [Ac 9d] (high card Ace)
Mahu2021: shows [4s Js] (a pair of Jacks)
Mahu2021 collected $2.03 from pot
*** SUMMARY ***
Total pot $2.13 | Rake $0.10 
Board [Qs Ts 2d 6h Jd]
Seat 1: Julian125 (button) folded before Flop (didn't bet)
Seat 2: Metam4n85 (small blind) folded before Flop
Seat 3: Mahu2021 (big blind) showed [4s Js] and won ($2.03) with a pair of Jacks
Seat 4: systraxsix showed [Ac 9d] and lost with high card Ace
Seat 5: 88Aurum88 folded before Flop (didn't bet)
Seat 6: UNKNOWN_x_13 folded before Flop (didn't bet)



PokerStars Zoom Hand #254607114539:  Hold'em No Limit ($0.05/$0.10) - 2025/01/29 16:21:24 CET [2025/01/29 10:21:24 ET]
Table 'Aludra' 6-max Seat #1 is the button
Seat 1: systraxsix ($4.85 in chips) 
Seat 2: top4eto860 ($10.96 in chips) 
Seat 3: foofandpecks ($10.86 in chips) 
Seat 4: Hoe_Jyland69 ($12.88 in chips) 
Seat 5: Mahu2021 ($10.19 in chips) 
Seat 6: Julian125 ($10 in chips) 
top4eto860: posts small blind $0.05
foofandpecks: posts big blind $0.10
*** HOLE CARDS ***
Dealt to Mahu2021 [7s 9h]
Hoe_Jyland69: raises $0.30 to $0.40
Mahu2021: folds 
Julian125: folds 
systraxsix: folds 
top4eto860: folds 
foofandpecks: calls $0.30
*** FLOP *** [9s Qh 4h]
foofandpecks: checks 
Hoe_Jyland69: checks 
*** TURN *** [9s Qh 4h] [6h]
foofandpecks: bets $0.30
Hoe_Jyland69: calls $0.30
*** RIVER *** [9s Qh 4h 6h] [6d]
foofandpecks: checks 
Hoe_Jyland69: checks 
*** SHOW DOWN ***
foofandpecks: shows [7d 8d] (a pair of Sixes)
Hoe_Jyland69: shows [Jh Kd] (a pair of Sixes - King kicker)
Hoe_Jyland69 collected $1.38 from pot
*** SUMMARY ***
Total pot $1.45 | Rake $0.07 
Board [9s Qh 4h 6h 6d]
Seat 1: systraxsix (button) folded before Flop (didn't bet)
Seat 2: top4eto860 (small blind) folded before Flop
Seat 3: foofandpecks (big blind) showed [7d 8d] and lost with a pair of Sixes
Seat 4: Hoe_Jyland69 showed [Jh Kd] and won ($1.38) with a pair of Sixes
Seat 5: Mahu2021 folded before Flop (didn't bet)
Seat 6: Julian125 folded before Flop (didn't bet)



PokerStars Zoom Hand #254607126891:  Hold'em No Limit ($0.05/$0.10) - 2025/01/29 16:22:25 CET [2025/01/29 10:22:25 ET]
Table 'Aludra' 6-max Seat #1 is the button
Seat 1: Mahu2021 ($11.18 in chips) 
Seat 2: ljy990514 ($10 in chips) 
Seat 3: Titsamach ($13.20 in chips) 
Seat 4: Pastor28 ($22.39 in chips) 
Seat 5: 88Aurum88 ($10.15 in chips) 
Seat 6: jeonjinny ($9.85 in chips) 
ljy990514: posts small blind $0.05
Titsamach: posts big blind $0.10
*** HOLE CARDS ***
Dealt to Mahu2021 [Th Js]
Pastor28: folds 
88Aurum88: folds 
jeonjinny: folds 
Mahu2021: raises $0.20 to $0.30
ljy990514: folds 
Titsamach: calls $0.20
*** FLOP *** [3s 2c Qd]
Titsamach: checks 
Mahu2021: checks 
*** TURN *** [3s 2c Qd] [8d]
Titsamach: checks 
Mahu2021: checks 
*** RIVER *** [3s 2c Qd 8d] [8s]
Titsamach: checks 
Mahu2021: checks 
*** SHOW DOWN ***
Titsamach: shows [7c Ac] (a pair of Eights)
Mahu2021: mucks hand 
Titsamach collected $0.62 from pot
*** SUMMARY ***
Total pot $0.65 | Rake $0.03 
Board [3s 2c Qd 8d 8s]
Seat 1: Mahu2021 (button) mucked [Th Js]
Seat 2: ljy990514 (small blind) folded before Flop
Seat 3: Titsamach (big blind) showed [7c Ac] and won ($0.62) with a pair of Eights
Seat 4: Pastor28 folded before Flop (didn't bet)
Seat 5: 88Aurum88 folded before Flop (didn't bet)
Seat 6: jeonjinny folded before Flop (didn't bet)



PokerStars Zoom Hand #254607135844:  Hold'em No Limit ($0.05/$0.10) - 2025/01/29 16:23:09 CET [2025/01/29 10:23:09 ET]
Table 'Aludra' 6-max Seat #1 is the button
Seat 1: v4valter88 ($9.90 in chips) 
Seat 2: Mahu2021 ($10.88 in chips) 
Seat 3: kmnfst ($15.81 in chips) 
Seat 4: TeoMT7 ($5 in chips) 
Seat 5: miu_0716 ($10 in chips) 
Seat 6: Pastor28 ($12.53 in chips) 
Mahu2021: posts small blind $0.05
kmnfst: posts big blind $0.10
*** HOLE CARDS ***
Dealt to Mahu2021 [As 7h]
TeoMT7: folds 
miu_0716: folds 
Pastor28: folds 
v4valter88: raises $0.13 to $0.23
Mahu2021: calls $0.18
kmnfst: folds 
*** FLOP *** [6h 2h 5s]
Mahu2021: checks 
v4valter88: checks 
*** TURN *** [6h 2h 5s] [9d]
Mahu2021: checks 
v4valter88: bets $0.33
Mahu2021: calls $0.33
*** RIVER *** [6h 2h 5s 9d] [8d]
Mahu2021: bets $1.50
v4valter88: folds 
Uncalled bet ($1.50) returned to Mahu2021
Mahu2021 collected $1.17 from pot
Mahu2021: doesn't show hand 
*** SUMMARY ***
Total pot $1.22 | Rake $0.05 
Board [6h 2h 5s 9d 8d]
Seat 1: v4valter88 (button) folded on the River
Seat 2: Mahu2021 (small blind) collected ($1.17)
Seat 3: kmnfst (big blind) folded before Flop
Seat 4: TeoMT7 folded before Flop (didn't bet)
Seat 5: miu_0716 folded before Flop (didn't bet)
Seat 6: Pastor28 folded before Flop (didn't bet)



PokerStars Zoom Hand #254607143692:  Hold'em No Limit ($0.05/$0.10) - 2025/01/29 16:23:47 CET [2025/01/29 10:23:47 ET]
Table 'Aludra' 6-max Seat #1 is the button
Seat 1: Mahu2021 ($11.49 in chips) 
Seat 2: klevinjer ($14.37 in chips) 
Seat 3: miu_0716 ($10.08 in chips) 
Seat 4: aurelian400 ($9.80 in chips) 
Seat 5: looser00091 ($10.90 in chips) 
Seat 6: Titsamach ($11.19 in chips) 
klevinjer: posts small blind $0.05
miu_0716: posts big blind $0.10
*** HOLE CARDS ***
Dealt to Mahu2021 [4c 6s]
aurelian400: folds 
looser00091: folds 
Titsamach: raises $0.10 to $0.20
Mahu2021: folds 
klevinjer: folds 
miu_0716: folds 
Uncalled bet ($0.10) returned to Titsamach
Titsamach collected $0.25 from pot
Titsamach: doesn't show hand 
*** SUMMARY ***
Total pot $0.25 | Rake $0 
Seat 1: Mahu2021 (button) folded before Flop (didn't bet)
Seat 2: klevinjer (small blind) folded before Flop
Seat 3: miu_0716 (big blind) folded before Flop
Seat 4: aurelian400 folded before Flop (didn't bet)
Seat 5: looser00091 folded before Flop (didn't bet)
Seat 6: Titsamach collected ($0.25)



PokerStars Zoom Hand #254607144514:  Hold'em No Limit ($0.05/$0.10) - 2025/01/29 16:23:51 CET [2025/01/29 10:23:51 ET]
Table 'Aludra' 6-max Seat #1 is the button
Seat 1: Mechelburger ($5.79 in chips) 
Seat 2: Lady-Giegie ($23.41 in chips) 
Seat 3: ASENNA76 ($10 in chips) 
Seat 4: kato-2003 ($10.85 in chips) 
Seat 5: thomasandowear ($18.72 in chips) 
Seat 6: Mahu2021 ($11.49 in chips) 
Lady-Giegie: posts small blind $0.05
ASENNA76: posts big blind $0.10
*** HOLE CARDS ***
Dealt to Mahu2021 [Kc 9c]
kato-2003: raises $0.14 to $0.24
thomasandowear: folds 
Mahu2021: calls $0.24
Mechelburger: folds 
Lady-Giegie: folds 
ASENNA76: folds 
*** FLOP *** [6c Th 2s]
kato-2003: checks 
Mahu2021: checks 
*** TURN *** [6c Th 2s] [8h]
kato-2003: checks 
Mahu2021: checks 
*** RIVER *** [6c Th 2s 8h] [4h]
kato-2003: bets $0.15
Mahu2021: folds 
Uncalled bet ($0.15) returned to kato-2003
kato-2003 collected $0.60 from pot
kato-2003: doesn't show hand 
*** SUMMARY ***
Total pot $0.63 | Rake $0.03 
Board [6c Th 2s 8h 4h]
Seat 1: Mechelburger (button) folded before Flop (didn't bet)
Seat 2: Lady-Giegie (small blind) folded before Flop
Seat 3: ASENNA76 (big blind) folded before Flop
Seat 4: kato-2003 collected ($0.60)
Seat 5: thomasandowear folded before Flop (didn't bet)
Seat 6: Mahu2021 folded on the River



PokerStars Zoom Hand #254607154342:  Hold'em No Limit ($0.05/$0.10) - 2025/01/29 16:24:40 CET [2025/01/29 10:24:40 ET]
Table 'Aludra' 6-max Seat #1 is the button
Seat 1: armssteady ($8.13 in chips) 
Seat 2: Julian125 ($10 in chips) 
Seat 3: Mahu2021 ($11.25 in chips) 
Seat 4: corape ($19.30 in chips) 
Seat 5: Soli56 ($21.33 in chips) 
Seat 6: klevinjer ($10.46 in chips) 
Julian125: posts small blind $0.05
Mahu2021: posts big blind $0.10
*** HOLE CARDS ***
Dealt to Mahu2021 [9h Qs]
corape: folds 
Soli56: folds 
klevinjer: raises $0.15 to $0.25
armssteady: calls $0.25
Julian125: folds 
Mahu2021: folds 
*** FLOP *** [7h Th 2d]
klevinjer: checks 
armssteady: checks 
*** TURN *** [7h Th 2d] [4c]
klevinjer: bets $0.31
armssteady: folds 
Uncalled bet ($0.31) returned to klevinjer
klevinjer collected $0.62 from pot
klevinjer: doesn't show hand 
*** SUMMARY ***
Total pot $0.65 | Rake $0.03 
Board [7h Th 2d 4c]
Seat 1: armssteady (button) folded on the Turn
Seat 2: Julian125 (small blind) folded before Flop
Seat 3: Mahu2021 (big blind) folded before Flop
Seat 4: corape folded before Flop (didn't bet)
Seat 5: Soli56 folded before Flop (didn't bet)
Seat 6: klevinjer collected ($0.62)



PokerStars Zoom Hand #254607156714:  Hold'em No Limit ($0.05/$0.10) - 2025/01/29 16:24:51 CET [2025/01/29 10:24:51 ET]
Table 'Aludra' 6-max Seat #1 is the button
Seat 1: ljy990514 ($10 in chips) 
Seat 2: Mahu2021 ($11.15 in chips) 
Seat 3: Titsamach ($11.34 in chips) 
Seat 4: ASENNA76 ($10.15 in chips) 
Seat 5: novak77777 ($8.11 in chips) 
Seat 6: MaJuCap ($13.36 in chips) 
Mahu2021: posts small blind $0.05
Titsamach: posts big blind $0.10
*** HOLE CARDS ***
Dealt to Mahu2021 [Jc Kh]
ASENNA76: folds 
novak77777: folds 
MaJuCap: folds 
ljy990514: folds 
Mahu2021: raises $0.20 to $0.30
Titsamach: folds 
Uncalled bet ($0.20) returned to Mahu2021
Mahu2021 collected $0.20 from pot
Mahu2021: doesn't show hand 
*** SUMMARY ***
Total pot $0.20 | Rake $0 
Seat 1: ljy990514 (button) folded before Flop (didn't bet)
Seat 2: Mahu2021 (small blind) collected ($0.20)
Seat 3: Titsamach (big blind) folded before Flop
Seat 4: ASENNA76 folded before Flop (didn't bet)
Seat 5: novak77777 folded before Flop (didn't bet)
Seat 6: MaJuCap folded before Flop (didn't bet)



PokerStars Zoom Hand #254607162885:  Hold'em No Limit ($0.05/$0.10) - 2025/01/29 16:25:22 CET [2025/01/29 10:25:22 ET]
Table 'Aludra' 6-max Seat #1 is the button
Seat 1: Footraiser ($19.68 in chips) 
Seat 2: Tayandme ($10.05 in chips) 
Seat 3: Bbyoda79 ($15.52 in chips) 
Seat 4: rk_ito7 ($9.51 in chips) 
Seat 5: Mahu2021 ($11.25 in chips) 
Seat 6: ASENNA76 ($10.05 in chips) 
Tayandme: posts small blind $0.05
Bbyoda79: posts big blind $0.10
*** HOLE CARDS ***
Dealt to Mahu2021 [9c Ac]
rk_ito7: folds 
Mahu2021: raises $0.14 to $0.24
ASENNA76: folds 
Footraiser: folds 
Tayandme: folds 
Bbyoda79: folds 
Uncalled bet ($0.14) returned to Mahu2021
Mahu2021 collected $0.25 from pot
Mahu2021: doesn't show hand 
*** SUMMARY ***
Total pot $0.25 | Rake $0 
Seat 1: Footraiser (button) folded before Flop (didn't bet)
Seat 2: Tayandme (small blind) folded before Flop
Seat 3: Bbyoda79 (big blind) folded before Flop
Seat 4: rk_ito7 folded before Flop (didn't bet)
Seat 5: Mahu2021 collected ($0.25)
Seat 6: ASENNA76 folded before Flop (didn't bet)



PokerStars Zoom Hand #254607166215:  Hold'em No Limit ($0.05/$0.10) - 2025/01/29 16:25:38 CET [2025/01/29 10:25:38 ET]
Table 'Aludra' 6-max Seat #1 is the button
Seat 1: Sp1keSpraggy ($15.03 in chips) 
Seat 2: TheNorthStar_18 ($10.30 in chips) 
Seat 3: UNKNOWN_x_13 ($5 in chips) 
Seat 4: Mahu2021 ($11.40 in chips) 
Seat 5: kato-2003 ($10.48 in chips) 
Seat 6: Titsamach ($11.57 in chips) 
TheNorthStar_18: posts small blind $0.05
UNKNOWN_x_13: posts big blind $0.10
*** HOLE CARDS ***
Dealt to Mahu2021 [Kh 6d]
Mahu2021: folds 
kato-2003: folds 
Titsamach: folds 
Sp1keSpraggy: folds 
TheNorthStar_18: folds 
Uncalled bet ($0.05) returned to UNKNOWN_x_13
UNKNOWN_x_13 collected $0.10 from pot
UNKNOWN_x_13: doesn't show hand 
*** SUMMARY ***
Total pot $0.10 | Rake $0 
Seat 1: Sp1keSpraggy (button) folded before Flop (didn't bet)
Seat 2: TheNorthStar_18 (small blind) folded before Flop
Seat 3: UNKNOWN_x_13 (big blind) collected ($0.10)
Seat 4: Mahu2021 folded before Flop (didn't bet)
Seat 5: kato-2003 folded before Flop (didn't bet)
Seat 6: Titsamach folded before Flop (didn't bet)



PokerStars Zoom Hand #254607161834:  Hold'em No Limit ($0.05/$0.10) - 2025/01/29 16:25:16 CET [2025/01/29 10:25:16 ET]
Table 'Aludra' 6-max Seat #1 is the button
Seat 1: foggz ($10 in chips) 
Seat 2: raiolazer12 ($8.54 in chips) 
Seat 3: UNKNOWN_x_13 ($4.95 in chips) 
Seat 4: AceWise ($11.45 in chips) 
Seat 5: rk_ito7 ($9.51 in chips) 
Seat 6: Mahu2021 ($11.25 in chips) 
raiolazer12: posts small blind $0.05
UNKNOWN_x_13: posts big blind $0.10
*** HOLE CARDS ***
Dealt to Mahu2021 [4d Kc]
AceWise: folds 
rk_ito7: folds 
Mahu2021: folds 
foggz: raises $0.20 to $0.30
raiolazer12: raises $0.50 to $0.80
UNKNOWN_x_13: folds 
foggz: folds 
Uncalled bet ($0.50) returned to raiolazer12
raiolazer12 collected $0.70 from pot
raiolazer12: doesn't show hand 
*** SUMMARY ***
Total pot $0.70 | Rake $0 
Seat 1: foggz (button) folded before Flop
Seat 2: raiolazer12 (small blind) collected ($0.70)
Seat 3: UNKNOWN_x_13 (big blind) folded before Flop
Seat 4: AceWise folded before Flop (didn't bet)
Seat 5: rk_ito7 folded before Flop (didn't bet)
Seat 6: Mahu2021 folded before Flop (didn't bet)



PokerStars Zoom Hand #254607164990:  Hold'em No Limit ($0.05/$0.10) - 2025/01/29 16:25:32 CET [2025/01/29 10:25:32 ET]
Table 'Aludra' 6-max Seat #1 is the button
Seat 1: JB00888 ($6.10 in chips) 
Seat 2: Gobi000 ($16.24 in chips) 
Seat 3: kloniss ($14.70 in chips) 
Seat 4: Mahu2021 ($11.40 in chips) 
Seat 5: UNKNOWN_x_13 ($4.27 in chips) 
Seat 6: armssteady ($7.78 in chips) 
Gobi000: posts small blind $0.05
kloniss: posts big blind $0.10
*** HOLE CARDS ***
Dealt to Mahu2021 [4h 5d]
Mahu2021: folds 
UNKNOWN_x_13: folds 
armssteady: folds 
JB00888: calls $0.10
Gobi000: folds 
kloniss: checks 
*** FLOP *** [Kd 5c 2d]
kloniss: checks 
JB00888: checks 
*** TURN *** [Kd 5c 2d] [4d]
kloniss: checks 
JB00888: checks 
*** RIVER *** [Kd 5c 2d 4d] [Ks]
kloniss: checks 
JB00888: checks 
*** SHOW DOWN ***
kloniss: shows [3s 2h] (two pair, Kings and Deuces)
JB00888: mucks hand 
kloniss collected $0.24 from pot
*** SUMMARY ***
Total pot $0.25 | Rake $0.01 
Board [Kd 5c 2d 4d Ks]
Seat 1: JB00888 (button) mucked [Qs Jd]
Seat 2: Gobi000 (small blind) folded before Flop
Seat 3: kloniss (big blind) showed [3s 2h] and won ($0.24) with two pair, Kings and Deuces
Seat 4: Mahu2021 folded before Flop (didn't bet)
Seat 5: UNKNOWN_x_13 folded before Flop (didn't bet)
Seat 6: armssteady folded before Flop (didn't bet)



PokerStars Zoom Hand #254607166883:  Hold'em No Limit ($0.05/$0.10) - 2025/01/29 16:25:41 CET [2025/01/29 10:25:41 ET]
Table 'Aludra' 6-max Seat #1 is the button
Seat 1: Mahu2021 ($11.40 in chips) 
Seat 2: Metam4n85 ($15.49 in chips) 
Seat 3: 88Aurum88 ($15.32 in chips) 
Seat 4: SaucyPanther ($7.23 in chips) 
Seat 5: Lady-Giegie ($22.86 in chips) 
Seat 6: klevinjer ($10.68 in chips) 
Metam4n85: posts small blind $0.05
88Aurum88: posts big blind $0.10
*** HOLE CARDS ***
Dealt to Mahu2021 [8d Jd]
SaucyPanther: folds 
Lady-Giegie: folds 
klevinjer: folds 
Mahu2021: raises $0.20 to $0.30
Metam4n85: folds 
88Aurum88: calls $0.20
*** FLOP *** [2s 2h 7h]
88Aurum88: checks 
Mahu2021: checks 
*** TURN *** [2s 2h 7h] [Kd]
88Aurum88: checks 
Mahu2021: checks 
*** RIVER *** [2s 2h 7h Kd] [9c]
88Aurum88: checks 
Mahu2021: checks 
*** SHOW DOWN ***
88Aurum88: shows [As 3s] (a pair of Deuces)
Mahu2021: mucks hand 
88Aurum88 collected $0.62 from pot
*** SUMMARY ***
Total pot $0.65 | Rake $0.03 
Board [2s 2h 7h Kd 9c]
Seat 1: Mahu2021 (button) mucked [8d Jd]
Seat 2: Metam4n85 (small blind) folded before Flop
Seat 3: 88Aurum88 (big blind) showed [As 3s] and won ($0.62) with a pair of Deuces
Seat 4: SaucyPanther folded before Flop (didn't bet)
Seat 5: Lady-Giegie folded before Flop (didn't bet)
Seat 6: klevinjer folded before Flop (didn't bet)



PokerStars Zoom Hand #254607173165:  Hold'em No Limit ($0.05/$0.10) - 2025/01/29 16:26:11 CET [2025/01/29 10:26:11 ET]
Table 'Aludra' 6-max Seat #1 is the button
Seat 1: TheNorthStar_18 ($10.54 in chips) 
Seat 2: chessismorefun ($15.25 in chips) 
Seat 3: Mahu2021 ($11.10 in chips) 
Seat 4: Charlie13711 ($10 in chips) 
Seat 5: Pinkmnn ($13.36 in chips) 
Seat 6: Soli56 ($15.44 in chips) 
chessismorefun: posts small blind $0.05
Mahu2021: posts big blind $0.10
*** HOLE CARDS ***
Dealt to Mahu2021 [8d Kh]
Charlie13711: folds 
Pinkmnn: folds 
Soli56: folds 
TheNorthStar_18: folds 
chessismorefun: folds 
Uncalled bet ($0.05) returned to Mahu2021
Mahu2021 collected $0.10 from pot
Mahu2021: doesn't show hand 
*** SUMMARY ***
Total pot $0.10 | Rake $0 
Seat 1: TheNorthStar_18 (button) folded before Flop (didn't bet)
Seat 2: chessismorefun (small blind) folded before Flop
Seat 3: Mahu2021 (big blind) collected ($0.10)
Seat 4: Charlie13711 folded before Flop (didn't bet)
Seat 5: Pinkmnn folded before Flop (didn't bet)
Seat 6: Soli56 folded before Flop (didn't bet)



PokerStars Zoom Hand #254607177370:  Hold'em No Limit ($0.05/$0.10) - 2025/01/29 16:26:31 CET [2025/01/29 10:26:31 ET]
Table 'Aludra' 6-max Seat #1 is the button
Seat 1: Mahu2021 ($11.10 in chips) 
Seat 2: h20subway ($7.63 in chips) 
Seat 3: armssteady ($7.93 in chips) 
Seat 4: ASENNA76 ($10 in chips) 
Seat 5: Titsamach ($11.47 in chips) 
Seat 6: sestovschi ($16.27 in chips) 
h20subway: posts small blind $0.05
armssteady: posts big blind $0.10
*** HOLE CARDS ***
Dealt to Mahu2021 [6c 3h]
ASENNA76: folds 
Titsamach: folds 
sestovschi: raises $0.10 to $0.20
Mahu2021: folds 
h20subway: folds 
armssteady: folds 
Uncalled bet ($0.10) returned to sestovschi
sestovschi collected $0.25 from pot
sestovschi: doesn't show hand 
*** SUMMARY ***
Total pot $0.25 | Rake $0 
Seat 1: Mahu2021 (button) folded before Flop (didn't bet)
Seat 2: h20subway (small blind) folded before Flop
Seat 3: armssteady (big blind) folded before Flop
Seat 4: ASENNA76 folded before Flop (didn't bet)
Seat 5: Titsamach folded before Flop (didn't bet)
Seat 6: sestovschi collected ($0.25)



PokerStars Zoom Hand #254607180033:  Hold'em No Limit ($0.05/$0.10) - 2025/01/29 16:26:44 CET [2025/01/29 10:26:44 ET]
Table 'Aludra' 6-max Seat #1 is the button
Seat 1: Julian125 ($10 in chips) 
Seat 2: ASENNA76 ($10 in chips) 
Seat 3: ecraig02 ($16.15 in chips) 
Seat 4: Mahu2021 ($11.10 in chips) 
Seat 5: kato-2003 ($10.63 in chips) 
Seat 6: zozorrr ($12.99 in chips) 
ASENNA76: posts small blind $0.05
ecraig02: posts big blind $0.10
*** HOLE CARDS ***
Dealt to Mahu2021 [7s Jc]
Mahu2021: folds 
kato-2003: folds 
zozorrr: folds 
Julian125: folds 
ASENNA76: folds 
Uncalled bet ($0.05) returned to ecraig02
ecraig02 collected $0.10 from pot
ecraig02: doesn't show hand 
*** SUMMARY ***
Total pot $0.10 | Rake $0 
Seat 1: Julian125 (button) folded before Flop (didn't bet)
Seat 2: ASENNA76 (small blind) folded before Flop
Seat 3: ecraig02 (big blind) collected ($0.10)
Seat 4: Mahu2021 folded before Flop (didn't bet)
Seat 5: kato-2003 folded before Flop (didn't bet)
Seat 6: zozorrr folded before Flop (didn't bet)



PokerStars Zoom Hand #254607178096:  Hold'em No Limit ($0.05/$0.10) - 2025/01/29 16:26:34 CET [2025/01/29 10:26:34 ET]
Table 'Aludra' 6-max Seat #1 is the button
Seat 1: TheNorthStar_18 ($10.39 in chips) 
Seat 2: JB00888 ($6 in chips) 
Seat 3: foggz ($10.10 in chips) 
Seat 4: kloniss ($14.79 in chips) 
Seat 5: Mahu2021 ($11.10 in chips) 
Seat 6: AceWise ($10.90 in chips) 
JB00888: posts small blind $0.05
foggz: posts big blind $0.10
*** HOLE CARDS ***
Dealt to Mahu2021 [Jd 3c]
kloniss: folds 
Mahu2021: folds 
AceWise: folds 
TheNorthStar_18: folds 
JB00888: raises $0.10 to $0.20
foggz: calls $0.10
*** FLOP *** [4h 9d 6h]
JB00888: checks 
foggz: bets $0.10
JB00888: calls $0.10
*** TURN *** [4h 9d 6h] [8h]
JB00888: checks 
foggz: checks 
*** RIVER *** [4h 9d 6h 8h] [5h]
JB00888: checks 
foggz: checks 
*** SHOW DOWN ***
JB00888: shows [Qd Ks] (high card King)
foggz: shows [5c 6d] (two pair, Sixes and Fives)
foggz collected $0.57 from pot
*** SUMMARY ***
Total pot $0.60 | Rake $0.03 
Board [4h 9d 6h 8h 5h]
Seat 1: TheNorthStar_18 (button) folded before Flop (didn't bet)
Seat 2: JB00888 (small blind) showed [Qd Ks] and lost with high card King
Seat 3: foggz (big blind) showed [5c 6d] and won ($0.57) with two pair, Sixes and Fives
Seat 4: kloniss folded before Flop (didn't bet)
Seat 5: Mahu2021 folded before Flop (didn't bet)
Seat 6: AceWise folded before Flop (didn't bet)



PokerStars Zoom Hand #254607176255:  Hold'em No Limit ($0.05/$0.10) - 2025/01/29 16:26:26 CET [2025/01/29 10:26:26 ET]
Table 'Aludra' 6-max Seat #1 is the button
Seat 1: ALPHA REBEL ($13.98 in chips) 
Seat 2: Mahu2021 ($11.15 in chips) 
Seat 3: jeonjinny ($8.85 in chips) 
Seat 4: foodgg369 ($29.64 in chips) 
Seat 5: ASENNA76 ($10 in chips) 
Seat 6: Julian125 ($10.57 in chips) 
Mahu2021: posts small blind $0.05
jeonjinny: posts big blind $0.10
*** HOLE CARDS ***
Dealt to Mahu2021 [Kc 2h]
foodgg369: folds 
ASENNA76: folds 
Julian125: raises $0.20 to $0.30
ALPHA REBEL: calls $0.30
Mahu2021: folds 
jeonjinny: folds 
*** FLOP *** [9s Ah Qs]
Julian125: bets $0.50
ALPHA REBEL: calls $0.50
*** TURN *** [9s Ah Qs] [Ts]
Julian125: checks 
ALPHA REBEL: checks 
*** RIVER *** [9s Ah Qs Ts] [Qh]
Julian125: checks 
ALPHA REBEL: checks 
*** SHOW DOWN ***
Julian125: shows [Ks Qc] (three of a kind, Queens)
ALPHA REBEL: mucks hand 
Julian125 collected $1.67 from pot
*** SUMMARY ***
Total pot $1.75 | Rake $0.08 
Board [9s Ah Qs Ts Qh]
Seat 1: ALPHA REBEL (button) mucked [8d Ad]
Seat 2: Mahu2021 (small blind) folded before Flop
Seat 3: jeonjinny (big blind) folded before Flop
Seat 4: foodgg369 folded before Flop (didn't bet)
Seat 5: ASENNA76 folded before Flop (didn't bet)
Seat 6: Julian125 showed [Ks Qc] and won ($1.67) with three of a kind, Queens



PokerStars Zoom Hand #254607180699:  Hold'em No Limit ($0.05/$0.10) - 2025/01/29 16:26:47 CET [2025/01/29 10:26:47 ET]
Table 'Aludra' 6-max Seat #1 is the button
Seat 1: sv5555555 ($11.84 in chips) 
Seat 2: UNKNOWN_x_13 ($4.90 in chips) 
Seat 3: Mahu2021 ($11.10 in chips) 
Seat 4: foodgg369 ($29.64 in chips) 
Seat 5: looser00091 ($10.30 in chips) 
Seat 6: Julian125 ($10.47 in chips) 
UNKNOWN_x_13: posts small blind $0.05
Mahu2021: posts big blind $0.10
*** HOLE CARDS ***
Dealt to Mahu2021 [9s Th]
foodgg369: folds 
looser00091: folds 
Julian125: folds 
sv5555555 has timed out
sv5555555: folds 
UNKNOWN_x_13: raises $0.20 to $0.30
Mahu2021: calls $0.20
*** FLOP *** [3d Jh Ac]
UNKNOWN_x_13: bets $0.20
Mahu2021: folds 
Uncalled bet ($0.20) returned to UNKNOWN_x_13
UNKNOWN_x_13 collected $0.57 from pot
UNKNOWN_x_13: doesn't show hand 
*** SUMMARY ***
Total pot $0.60 | Rake $0.03 
Board [3d Jh Ac]
Seat 1: sv5555555 (button) folded before Flop (didn't bet)
Seat 2: UNKNOWN_x_13 (small blind) collected ($0.57)
Seat 3: Mahu2021 (big blind) folded on the Flop
Seat 4: foodgg369 folded before Flop (didn't bet)
Seat 5: looser00091 folded before Flop (didn't bet)
Seat 6: Julian125 folded before Flop (didn't bet)



PokerStars Zoom Hand #254607188692:  Hold'em No Limit ($0.05/$0.10) - 2025/01/29 16:27:26 CET [2025/01/29 10:27:26 ET]
Table 'Aludra' 6-max Seat #1 is the button
Seat 1: darraghmce ($10.94 in chips) 
Seat 2: zozorrr ($13.04 in chips) 
Seat 3: smoky fish 90 ($12.58 in chips) 
Seat 4: v4valter88 ($10.13 in chips) 
Seat 5: 88Aurum88 ($15.49 in chips) 
Seat 6: Mahu2021 ($10.80 in chips) 
zozorrr: posts small blind $0.05
smoky fish 90: posts big blind $0.10
*** HOLE CARDS ***
Dealt to Mahu2021 [9c 8h]
v4valter88: folds 
88Aurum88: folds 
Mahu2021: folds 
darraghmce: folds 
zozorrr: folds 
Uncalled bet ($0.05) returned to smoky fish 90
smoky fish 90 collected $0.10 from pot
smoky fish 90: doesn't show hand 
*** SUMMARY ***
Total pot $0.10 | Rake $0 
Seat 1: darraghmce (button) folded before Flop (didn't bet)
Seat 2: zozorrr (small blind) folded before Flop
Seat 3: smoky fish 90 (big blind) collected ($0.10)
Seat 4: v4valter88 folded before Flop (didn't bet)
Seat 5: 88Aurum88 folded before Flop (didn't bet)
Seat 6: Mahu2021 folded before Flop (didn't bet)



PokerStars Zoom Hand #254607190284:  Hold'em No Limit ($0.05/$0.10) - 2025/01/29 16:27:34 CET [2025/01/29 10:27:34 ET]
Table 'Aludra' 6-max Seat #1 is the button
Seat 1: GeorgeBon ($6.28 in chips) 
Seat 2: Mahu2021 ($10.80 in chips) 
Seat 3: ASENNA76 ($10 in chips) 
Seat 4: acvbhnet ($14 in chips) 
Seat 5: Bbyoda79 ($14.70 in chips) 
Seat 6: corschat ($16.02 in chips) 
Mahu2021: posts small blind $0.05
ASENNA76: posts big blind $0.10
*** HOLE CARDS ***
Dealt to Mahu2021 [2c 5c]
acvbhnet: folds 
Bbyoda79: folds 
corschat: folds 
GeorgeBon: raises $0.20 to $0.30
Mahu2021: folds 
ASENNA76: folds 
Uncalled bet ($0.20) returned to GeorgeBon
GeorgeBon collected $0.25 from pot
GeorgeBon: doesn't show hand 
*** SUMMARY ***
Total pot $0.25 | Rake $0 
Seat 1: GeorgeBon (button) collected ($0.25)
Seat 2: Mahu2021 (small blind) folded before Flop
Seat 3: ASENNA76 (big blind) folded before Flop
Seat 4: acvbhnet folded before Flop (didn't bet)
Seat 5: Bbyoda79 folded before Flop (didn't bet)
Seat 6: corschat folded before Flop (didn't bet)



PokerStars Zoom Hand #254607178635:  Hold'em No Limit ($0.05/$0.10) - 2025/01/29 16:26:37 CET [2025/01/29 10:26:37 ET]
Table 'Aludra' 6-max Seat #1 is the button
Seat 1: kloniss ($14.79 in chips) 
Seat 2: Mallardz ($12.57 in chips) 
Seat 3: Pinkmnn ($13.36 in chips) 
Seat 4: TheNorthStar_18 ($10.39 in chips) 
Seat 5: cip1001t ($19.23 in chips) 
Seat 6: Mahu2021 ($11.10 in chips) 
Mallardz: posts small blind $0.05
Pinkmnn: posts big blind $0.10
*** HOLE CARDS ***
Dealt to Mahu2021 [Jc Th]
TheNorthStar_18: folds 
cip1001t: folds 
Mahu2021: folds 
kloniss: raises $0.15 to $0.25
Mallardz: folds 
Pinkmnn: calls $0.15
*** FLOP *** [3h Ks 9s]
Pinkmnn: checks 
kloniss: checks 
*** TURN *** [3h Ks 9s] [8s]
Pinkmnn: bets $0.40
kloniss: calls $0.40
*** RIVER *** [3h Ks 9s 8s] [2h]
Pinkmnn: checks 
kloniss: bets $0.65
Pinkmnn: folds 
Uncalled bet ($0.65) returned to kloniss
kloniss collected $1.29 from pot
kloniss: doesn't show hand 
*** SUMMARY ***
Total pot $1.35 | Rake $0.06 
Board [3h Ks 9s 8s 2h]
Seat 1: kloniss (button) collected ($1.29)
Seat 2: Mallardz (small blind) folded before Flop
Seat 3: Pinkmnn (big blind) folded on the River
Seat 4: TheNorthStar_18 folded before Flop (didn't bet)
Seat 5: cip1001t folded before Flop (didn't bet)
Seat 6: Mahu2021 folded before Flop (didn't bet)



PokerStars Zoom Hand #254607192389:  Hold'em No Limit ($0.05/$0.10) - 2025/01/29 16:27:44 CET [2025/01/29 10:27:44 ET]
Table 'Aludra' 6-max Seat #1 is the button
Seat 1: Rhymer82 ($14 in chips) 
Seat 2: v4valter88 ($12.60 in chips) 
Seat 3: Tayandme ($10.15 in chips) 
Seat 4: TheNorthStar_18 ($10 in chips) 
Seat 5: smoky fish 90 ($12.58 in chips) 
Seat 6: Mahu2021 ($10.65 in chips) 
v4valter88: posts small blind $0.05
Tayandme: posts big blind $0.10
*** HOLE CARDS ***
Dealt to Mahu2021 [3c Kc]
TheNorthStar_18: raises $0.12 to $0.22
smoky fish 90: folds 
Mahu2021: calls $0.22
Rhymer82: folds 
v4valter88: folds 
Tayandme: calls $0.12
*** FLOP *** [3s 7s 9d]
Tayandme: bets $0.34
TheNorthStar_18: folds 
Mahu2021: folds 
Uncalled bet ($0.34) returned to Tayandme
Tayandme collected $0.68 from pot
Tayandme: doesn't show hand 
*** SUMMARY ***
Total pot $0.71 | Rake $0.03 
Board [3s 7s 9d]
Seat 1: Rhymer82 (button) folded before Flop (didn't bet)
Seat 2: v4valter88 (small blind) folded before Flop
Seat 3: Tayandme (big blind) collected ($0.68)
Seat 4: TheNorthStar_18 folded on the Flop
Seat 5: smoky fish 90 folded before Flop (didn't bet)
Seat 6: Mahu2021 folded on the Flop



PokerStars Zoom Hand #254607191142:  Hold'em No Limit ($0.05/$0.10) - 2025/01/29 16:27:38 CET [2025/01/29 10:27:38 ET]
Table 'Aludra' 6-max Seat #1 is the button
Seat 1: looser00091 ($11.04 in chips) 
Seat 2: systraxsix ($6.89 in chips) 
Seat 3: Mahu2021 ($10.75 in chips) 
Seat 4: corschat ($16.02 in chips) 
Seat 5: Mallardz ($12.37 in chips) 
Seat 6: Julian125 ($10.32 in chips) 
systraxsix: posts small blind $0.05
Mahu2021: posts big blind $0.10
*** HOLE CARDS ***
Dealt to Mahu2021 [Qc 2d]
corschat: folds 
Mallardz: raises $0.15 to $0.25
Julian125: folds 
looser00091: folds 
systraxsix: calls $0.20
Mahu2021: folds 
*** FLOP *** [5h 4h 7c]
systraxsix: checks 
Mallardz: checks 
*** TURN *** [5h 4h 7c] [Jc]
systraxsix: checks 
Mallardz: checks 
*** RIVER *** [5h 4h 7c Jc] [6c]
systraxsix: checks 
Mallardz: bets $0.43
systraxsix: calls $0.43
*** SHOW DOWN ***
Mallardz: shows [8c 8h] (a straight, Four to Eight)
systraxsix: mucks hand 
Mallardz collected $1.39 from pot
*** SUMMARY ***
Total pot $1.46 | Rake $0.07 
Board [5h 4h 7c Jc 6c]
Seat 1: looser00091 (button) folded before Flop (didn't bet)
Seat 2: systraxsix (small blind) mucked [Ac 5s]
Seat 3: Mahu2021 (big blind) folded before Flop
Seat 4: corschat folded before Flop (didn't bet)
Seat 5: Mallardz showed [8c 8h] and won ($1.39) with a straight, Four to Eight
Seat 6: Julian125 folded before Flop (didn't bet)



PokerStars Zoom Hand #254607196898:  Hold'em No Limit ($0.05/$0.10) - 2025/01/29 16:28:06 CET [2025/01/29 10:28:06 ET]
Table 'Aludra' 6-max Seat #1 is the button
Seat 1: Mahu2021 ($10.43 in chips) 
Seat 2: Jensstr9100 ($5.77 in chips) 
Seat 3: foodgg369 ($29.29 in chips) 
Seat 4: acvbhnet ($13.85 in chips) 
Seat 5: MaJuCap ($10 in chips) 
Seat 6: Gobi000 ($10 in chips) 
Jensstr9100: posts small blind $0.05
foodgg369: posts big blind $0.10
*** HOLE CARDS ***
Dealt to Mahu2021 [7d Kd]
acvbhnet: folds 
MaJuCap: folds 
Gobi000: folds 
Mahu2021: raises $0.20 to $0.30
Jensstr9100: raises $0.70 to $1
foodgg369: folds 
Mahu2021: folds 
Uncalled bet ($0.70) returned to Jensstr9100
Jensstr9100 collected $0.70 from pot
Jensstr9100: doesn't show hand 
*** SUMMARY ***
Total pot $0.70 | Rake $0 
Seat 1: Mahu2021 (button) folded before Flop
Seat 2: Jensstr9100 (small blind) collected ($0.70)
Seat 3: foodgg369 (big blind) folded before Flop
Seat 4: acvbhnet folded before Flop (didn't bet)
Seat 5: MaJuCap folded before Flop (didn't bet)
Seat 6: Gobi000 folded before Flop (didn't bet)



PokerStars Zoom Hand #254607196095:  Hold'em No Limit ($0.05/$0.10) - 2025/01/29 16:28:02 CET [2025/01/29 10:28:02 ET]
Table 'Aludra' 6-max Seat #1 is the button
Seat 1: bilpir ($4.70 in chips) 
Seat 2: kato-2003 ($10 in chips) 
Seat 3: Titsamach ($11.90 in chips) 
Seat 4: Mahu2021 ($10.43 in chips) 
Seat 5: Sp1keSpraggy ($7.85 in chips) 
Seat 6: Julian125 ($10.25 in chips) 
kato-2003: posts small blind $0.05
Titsamach: posts big blind $0.10
*** HOLE CARDS ***
Dealt to Mahu2021 [2c Ts]
Mahu2021: folds 
Sp1keSpraggy: folds 
Julian125: raises $0.20 to $0.30
bilpir: folds 
kato-2003: folds 
Titsamach: folds 
Uncalled bet ($0.20) returned to Julian125
Julian125 collected $0.25 from pot
Julian125: doesn't show hand 
*** SUMMARY ***
Total pot $0.25 | Rake $0 
Seat 1: bilpir (button) folded before Flop (didn't bet)
Seat 2: kato-2003 (small blind) folded before Flop
Seat 3: Titsamach (big blind) folded before Flop
Seat 4: Mahu2021 folded before Flop (didn't bet)
Seat 5: Sp1keSpraggy folded before Flop (didn't bet)
Seat 6: Julian125 collected ($0.25)



PokerStars Zoom Hand #254607199571:  Hold'em No Limit ($0.05/$0.10) - 2025/01/29 16:28:19 CET [2025/01/29 10:28:19 ET]
Table 'Aludra' 6-max Seat #1 is the button
Seat 1: smoky fish 90 ($12.48 in chips) 
Seat 2: Mahu2021 ($10.13 in chips) 
Seat 3: looser00091 ($10.99 in chips) 
Seat 4: foodgg369 ($29.19 in chips) 
Seat 5: kato-2003 ($10.73 in chips) 
Seat 6: XR7C ($4.55 in chips) 
Mahu2021: posts small blind $0.05
looser00091: posts big blind $0.10
*** HOLE CARDS ***
Dealt to Mahu2021 [9d 7h]
foodgg369: folds 
kato-2003: folds 
XR7C: folds 
smoky fish 90: folds 
Mahu2021: folds 
Uncalled bet ($0.05) returned to looser00091
looser00091 collected $0.10 from pot
looser00091: doesn't show hand 
*** SUMMARY ***
Total pot $0.10 | Rake $0 
Seat 1: smoky fish 90 (button) folded before Flop (didn't bet)
Seat 2: Mahu2021 (small blind) folded before Flop
Seat 3: looser00091 (big blind) collected ($0.10)
Seat 4: foodgg369 folded before Flop (didn't bet)
Seat 5: kato-2003 folded before Flop (didn't bet)
Seat 6: XR7C folded before Flop (didn't bet)



PokerStars Zoom Hand #254607189501:  Hold'em No Limit ($0.05/$0.10) - 2025/01/29 16:27:30 CET [2025/01/29 10:27:30 ET]
Table 'Aludra' 6-max Seat #1 is the button
Seat 1: v4valter88 ($10.13 in chips) 
Seat 2: corschat ($16.07 in chips) 
Seat 3: jeonjinny ($7.80 in chips) 
Seat 4: cip1001t ($19.41 in chips) 
Seat 5: Mahu2021 ($10.80 in chips) 
Seat 6: h20subway ($7.33 in chips) 
corschat: posts small blind $0.05
jeonjinny: posts big blind $0.10
*** HOLE CARDS ***
Dealt to Mahu2021 [Td 7h]
cip1001t: folds 
Mahu2021: folds 
h20subway: raises $0.15 to $0.25
v4valter88: raises $0.45 to $0.70
corschat: folds 
jeonjinny: folds 
h20subway: calls $0.45
*** FLOP *** [5c 6s Js]
h20subway: checks 
v4valter88: bets $0.64
h20subway: calls $0.64
*** TURN *** [5c 6s Js] [Ac]
h20subway: checks 
v4valter88: bets $1.74
h20subway: calls $1.74
*** RIVER *** [5c 6s Js Ac] [As]
h20subway: checks 
v4valter88: bets $4.50
h20subway: folds 
Uncalled bet ($4.50) returned to v4valter88
v4valter88 collected $6.03 from pot
v4valter88: doesn't show hand 
*** SUMMARY ***
Total pot $6.31 | Rake $0.28 
Board [5c 6s Js Ac As]
Seat 1: v4valter88 (button) collected ($6.03)
Seat 2: corschat (small blind) folded before Flop
Seat 3: jeonjinny (big blind) folded before Flop
Seat 4: cip1001t folded before Flop (didn't bet)
Seat 5: Mahu2021 folded before Flop (didn't bet)
Seat 6: h20subway folded on the River



PokerStars Zoom Hand #254607200584:  Hold'em No Limit ($0.05/$0.10) - 2025/01/29 16:28:24 CET [2025/01/29 10:28:24 ET]
Table 'Aludra' 6-max Seat #1 is the button
Seat 1: AceWise ($26.83 in chips) 
Seat 2: Titsamach ($12.17 in chips) 
Seat 3: kato-2003 ($10.73 in chips) 
Seat 4: TheNorthStar_18 ($10 in chips) 
Seat 5: Mahu2021 ($10.08 in chips) 
Seat 6: Rhymer82 ($13.95 in chips) 
Titsamach: posts small blind $0.05
kato-2003: posts big blind $0.10
*** HOLE CARDS ***
Dealt to Mahu2021 [Qh Jh]
TheNorthStar_18: folds 
Mahu2021: raises $0.14 to $0.24
Rhymer82: folds 
AceWise: folds 
Titsamach: folds 
kato-2003: calls $0.14
*** FLOP *** [Kc 7c 6s]
kato-2003: checks 
Mahu2021: checks 
*** TURN *** [Kc 7c 6s] [4s]
kato-2003: bets $0.51
Mahu2021: folds 
Uncalled bet ($0.51) returned to kato-2003
kato-2003 collected $0.51 from pot
kato-2003: doesn't show hand 
*** SUMMARY ***
Total pot $0.53 | Rake $0.02 
Board [Kc 7c 6s 4s]
Seat 1: AceWise (button) folded before Flop (didn't bet)
Seat 2: Titsamach (small blind) folded before Flop
Seat 3: kato-2003 (big blind) collected ($0.51)
Seat 4: TheNorthStar_18 folded before Flop (didn't bet)
Seat 5: Mahu2021 folded on the Turn
Seat 6: Rhymer82 folded before Flop (didn't bet)



PokerStars Zoom Hand #254607208181:  Hold'em No Limit ($0.05/$0.10) - 2025/01/29 16:29:01 CET [2025/01/29 10:29:01 ET]
Table 'Aludra' 6-max Seat #1 is the button
Seat 1: XR7C ($4.65 in chips) 
Seat 2: miu_0716 ($10.23 in chips) 
Seat 3: Julian125 ($10 in chips) 
Seat 4: Mahu2021 ($9.84 in chips) 
Seat 5: MaJuCap ($10.15 in chips) 
Seat 6: Tayandme ($10.21 in chips) 
miu_0716: posts small blind $0.05
Julian125: posts big blind $0.10
*** HOLE CARDS ***
Dealt to Mahu2021 [Kh 8s]
Mahu2021: folds 
MaJuCap: folds 
Tayandme: raises $0.10 to $0.20
XR7C: raises $0.90 to $1.10
miu_0716: folds 
Julian125: folds 
Tayandme: folds 
Uncalled bet ($0.90) returned to XR7C
XR7C collected $0.55 from pot
XR7C: doesn't show hand 
*** SUMMARY ***
Total pot $0.55 | Rake $0 
Seat 1: XR7C (button) collected ($0.55)
Seat 2: miu_0716 (small blind) folded before Flop
Seat 3: Julian125 (big blind) folded before Flop
Seat 4: Mahu2021 folded before Flop (didn't bet)
Seat 5: MaJuCap folded before Flop (didn't bet)
Seat 6: Tayandme folded before Flop



PokerStars Zoom Hand #254607209215:  Hold'em No Limit ($0.05/$0.10) - 2025/01/29 16:29:06 CET [2025/01/29 10:29:06 ET]
Table 'Aludra' 6-max Seat #1 is the button
Seat 1: jeonjinny ($7.50 in chips) 
Seat 2: smoky fish 90 ($12.43 in chips) 
Seat 3: raiolazer12 ($10.82 in chips) 
Seat 4: Mahu2021 ($9.84 in chips) 
Seat 5: zozorrr ($10.40 in chips) 
Seat 6: acvbhnet ($14.46 in chips) 
smoky fish 90: posts small blind $0.05
raiolazer12: posts big blind $0.10
*** HOLE CARDS ***
Dealt to Mahu2021 [4d Ah]
Mahu2021: folds 
zozorrr: raises $0.10 to $0.20
acvbhnet: raises $0.10 to $0.30
jeonjinny: folds 
smoky fish 90: folds 
raiolazer12: calls $0.20
zozorrr: raises $1.20 to $1.50
acvbhnet: folds 
raiolazer12: folds 
Uncalled bet ($1.20) returned to zozorrr
zozorrr collected $0.95 from pot
zozorrr: doesn't show hand 
*** SUMMARY ***
Total pot $0.95 | Rake $0 
Seat 1: jeonjinny (button) folded before Flop (didn't bet)
Seat 2: smoky fish 90 (small blind) folded before Flop
Seat 3: raiolazer12 (big blind) folded before Flop
Seat 4: Mahu2021 folded before Flop (didn't bet)
Seat 5: zozorrr collected ($0.95)
Seat 6: acvbhnet folded before Flop



PokerStars Zoom Hand #254607210109:  Hold'em No Limit ($0.05/$0.10) - 2025/01/29 16:29:10 CET [2025/01/29 10:29:10 ET]
Table 'Aludra' 6-max Seat #1 is the button
Seat 1: darraghmce ($11.09 in chips) 
Seat 2: pougia777 ($10 in chips) 
Seat 3: Jensstr9100 ($5.92 in chips) 
Seat 4: Titsamach ($12.48 in chips) 
Seat 5: kloniss ($15.38 in chips) 
Seat 6: Mahu2021 ($9.84 in chips) 
pougia777: posts small blind $0.05
Jensstr9100: posts big blind $0.10
*** HOLE CARDS ***
Dealt to Mahu2021 [6c Th]
Titsamach: folds 
kloniss: raises $0.10 to $0.20
Mahu2021: folds 
darraghmce: calls $0.20
pougia777: calls $0.15
Jensstr9100: folds 
*** FLOP *** [Ad 2d 9s]
pougia777: bets $0.40
kloniss: folds 
darraghmce: calls $0.40
*** TURN *** [Ad 2d 9s] [Kc]
pougia777: bets $1.20
darraghmce: calls $1.20
*** RIVER *** [Ad 2d 9s Kc] [4c]
pougia777: bets $2.40
darraghmce: calls $2.40
*** SHOW DOWN ***
pougia777: shows [As 2s] (two pair, Aces and Deuces)
darraghmce: mucks hand 
pougia777 collected $8.31 from pot
*** SUMMARY ***
Total pot $8.70 | Rake $0.39 
Board [Ad 2d 9s Kc 4c]
Seat 1: darraghmce (button) mucked [5h 9h]
Seat 2: pougia777 (small blind) showed [As 2s] and won ($8.31) with two pair, Aces and Deuces
Seat 3: Jensstr9100 (big blind) folded before Flop
Seat 4: Titsamach folded before Flop (didn't bet)
Seat 5: kloniss folded on the Flop
Seat 6: Mahu2021 folded before Flop (didn't bet)



PokerStars Zoom Hand #254607210881:  Hold'em No Limit ($0.05/$0.10) - 2025/01/29 16:29:14 CET [2025/01/29 10:29:14 ET]
Table 'Aludra' 6-max Seat #1 is the button
Seat 1: AceWise ($26.83 in chips) 
Seat 2: cip1001t ($19.40 in chips) 
Seat 3: Mahu2021 ($9.84 in chips) 
Seat 4: ALPHA REBEL ($10 in chips) 
Seat 5: jeonjinny ($8.24 in chips) 
Seat 6: JB00888 ($4.38 in chips) 
cip1001t: posts small blind $0.05
Mahu2021: posts big blind $0.10
*** HOLE CARDS ***
Dealt to Mahu2021 [4c 6c]
ALPHA REBEL: folds 
jeonjinny: folds 
JB00888: folds 
AceWise: folds 
cip1001t: raises $0.20 to $0.30
Mahu2021: calls $0.20
*** FLOP *** [5c 6s 8h]
cip1001t: checks 
Mahu2021: bets $0.57
cip1001t: calls $0.57
*** TURN *** [5c 6s 8h] [Ts]
cip1001t: checks 
Mahu2021: bets $0.50
cip1001t: raises $1.03 to $1.53
Mahu2021: folds 
Uncalled bet ($1.03) returned to cip1001t
cip1001t collected $2.62 from pot
cip1001t: doesn't show hand 
*** SUMMARY ***
Total pot $2.74 | Rake $0.12 
Board [5c 6s 8h Ts]
Seat 1: AceWise (button) folded before Flop (didn't bet)
Seat 2: cip1001t (small blind) collected ($2.62)
Seat 3: Mahu2021 (big blind) folded on the Turn
Seat 4: ALPHA REBEL folded before Flop (didn't bet)
Seat 5: jeonjinny folded before Flop (didn't bet)
Seat 6: JB00888 folded before Flop (didn't bet)



PokerStars Zoom Hand #254607221847:  Hold'em No Limit ($0.05/$0.10) - 2025/01/29 16:30:07 CET [2025/01/29 10:30:07 ET]
Table 'Aludra' 6-max Seat #1 is the button
Seat 1: Mahu2021 ($8.47 in chips) 
Seat 2: donnie270 ($14.57 in chips) 
Seat 3: miu_0716 ($10.03 in chips) 
Seat 4: Mallardz ($12.57 in chips) 
Seat 5: corschat ($15.23 in chips) 
Seat 6: Rhymer82 ($15.44 in chips) 
donnie270: posts small blind $0.05
miu_0716: posts big blind $0.10
*** HOLE CARDS ***
Dealt to Mahu2021 [Kd Qs]
Mallardz: folds 
corschat: folds 
Rhymer82: folds 
Mahu2021: raises $0.20 to $0.30
donnie270: folds 
miu_0716: calls $0.20
*** FLOP *** [Qd As 5h]
miu_0716: checks 
Mahu2021: bets $0.30
miu_0716: raises $0.70 to $1
Mahu2021: calls $0.70
*** TURN *** [Qd As 5h] [4d]
miu_0716: bets $1.90
Mahu2021: folds 
Uncalled bet ($1.90) returned to miu_0716
miu_0716 collected $2.53 from pot
miu_0716: doesn't show hand 
*** SUMMARY ***
Total pot $2.65 | Rake $0.12 
Board [Qd As 5h 4d]
Seat 1: Mahu2021 (button) folded on the Turn
Seat 2: donnie270 (small blind) folded before Flop
Seat 3: miu_0716 (big blind) collected ($2.53)
Seat 4: Mallardz folded before Flop (didn't bet)
Seat 5: corschat folded before Flop (didn't bet)
Seat 6: Rhymer82 folded before Flop (didn't bet)



PokerStars Zoom Hand #254607227933:  Hold'em No Limit ($0.05/$0.10) - 2025/01/29 16:30:37 CET [2025/01/29 10:30:37 ET]
Table 'Aludra' 6-max Seat #1 is the button
Seat 1: miu_0716 ($11.21 in chips) 
Seat 2: Mahu2021 ($7.17 in chips) 
Seat 3: ASENNA76 ($10 in chips) 
Seat 4: Mallardz ($13.11 in chips) 
Seat 5: Elvisc8_96 ($14.88 in chips) 
Seat 6: Julian125 ($21.68 in chips) 
Mahu2021: posts small blind $0.05
ASENNA76: posts big blind $0.10
*** HOLE CARDS ***
Dealt to Mahu2021 [Ac 8s]
Mallardz: folds 
Elvisc8_96: folds 
Julian125: folds 
miu_0716: folds 
Mahu2021: raises $0.20 to $0.30
ASENNA76: folds 
Uncalled bet ($0.20) returned to Mahu2021
Mahu2021 collected $0.20 from pot
Mahu2021: doesn't show hand 
*** SUMMARY ***
Total pot $0.20 | Rake $0 
Seat 1: miu_0716 (button) folded before Flop (didn't bet)
Seat 2: Mahu2021 (small blind) collected ($0.20)
Seat 3: ASENNA76 (big blind) folded before Flop
Seat 4: Mallardz folded before Flop (didn't bet)
Seat 5: Elvisc8_96 folded before Flop (didn't bet)
Seat 6: Julian125 folded before Flop (didn't bet)



PokerStars Zoom Hand #254607230838:  Hold'em No Limit ($0.05/$0.10) - 2025/01/29 16:30:51 CET [2025/01/29 10:30:51 ET]
Table 'Aludra' 6-max Seat #1 is the button
Seat 1: systraxsix ($5.36 in chips) 
Seat 2: ecraig02 ($20.14 in chips) 
Seat 3: Elvisc8_96 ($14.88 in chips) 
Seat 4: Mahu2021 ($7.27 in chips) 
Seat 5: aurelian400 ($7.72 in chips) 
Seat 6: Jinzoo1 ($29.47 in chips) 
ecraig02: posts small blind $0.05
Elvisc8_96: posts big blind $0.10
*** HOLE CARDS ***
Dealt to Mahu2021 [5c Jd]
Mahu2021: folds 
aurelian400: folds 
Jinzoo1: raises $0.15 to $0.25
systraxsix: folds 
ecraig02: folds 
Elvisc8_96: folds 
Uncalled bet ($0.15) returned to Jinzoo1
Jinzoo1 collected $0.25 from pot
Jinzoo1: doesn't show hand 
*** SUMMARY ***
Total pot $0.25 | Rake $0 
Seat 1: systraxsix (button) folded before Flop (didn't bet)
Seat 2: ecraig02 (small blind) folded before Flop
Seat 3: Elvisc8_96 (big blind) folded before Flop
Seat 4: Mahu2021 folded before Flop (didn't bet)
Seat 5: aurelian400 folded before Flop (didn't bet)
Seat 6: Jinzoo1 collected ($0.25)



PokerStars Zoom Hand #254607232404:  Hold'em No Limit ($0.05/$0.10) - 2025/01/29 16:30:58 CET [2025/01/29 10:30:58 ET]
Table 'Aludra' 6-max Seat #1 is the button
Seat 1: ecraig02 ($20.09 in chips) 
Seat 2: foggz ($10.50 in chips) 
Seat 3: Mahu2021 ($7.27 in chips) 
Seat 4: Sp1keSpraggy ($16.74 in chips) 
Seat 5: chessismorefun ($16.15 in chips) 
Seat 6: miu_0716 ($11.16 in chips) 
foggz: posts small blind $0.05
Mahu2021: posts big blind $0.10
*** HOLE CARDS ***
Dealt to Mahu2021 [4h Ks]
Sp1keSpraggy: folds 
chessismorefun: raises $0.10 to $0.20
miu_0716: folds 
ecraig02: folds 
foggz: folds 
Mahu2021: folds 
Uncalled bet ($0.10) returned to chessismorefun
chessismorefun collected $0.25 from pot
chessismorefun: doesn't show hand 
*** SUMMARY ***
Total pot $0.25 | Rake $0 
Seat 1: ecraig02 (button) folded before Flop (didn't bet)
Seat 2: foggz (small blind) folded before Flop
Seat 3: Mahu2021 (big blind) folded before Flop
Seat 4: Sp1keSpraggy folded before Flop (didn't bet)
Seat 5: chessismorefun collected ($0.25)
Seat 6: miu_0716 folded before Flop (didn't bet)



PokerStars Zoom Hand #254607234209:  Hold'em No Limit ($0.05/$0.10) - 2025/01/29 16:31:07 CET [2025/01/29 10:31:07 ET]
Table 'Aludra' 6-max Seat #1 is the button
Seat 1: Mahu2021 ($7.12 in chips) 
Seat 2: Hoe_Jyland69 ($14.24 in chips) 
Seat 3: Gobi000 ($17.42 in chips) 
Seat 4: ecraig02 ($20.09 in chips) 
Seat 5: kato-2003 ($10 in chips) 
Seat 6: corape ($8.72 in chips) 
Hoe_Jyland69: posts small blind $0.05
Gobi000: posts big blind $0.10
*** HOLE CARDS ***
Dealt to Mahu2021 [8c 2s]
ecraig02: folds 
kato-2003: folds 
corape: folds 
Mahu2021: folds 
Hoe_Jyland69: raises $0.40 to $0.50
Gobi000: folds 
Uncalled bet ($0.40) returned to Hoe_Jyland69
Hoe_Jyland69 collected $0.20 from pot
Hoe_Jyland69: doesn't show hand 
*** SUMMARY ***
Total pot $0.20 | Rake $0 
Seat 1: Mahu2021 (button) folded before Flop (didn't bet)
Seat 2: Hoe_Jyland69 (small blind) collected ($0.20)
Seat 3: Gobi000 (big blind) folded before Flop
Seat 4: ecraig02 folded before Flop (didn't bet)
Seat 5: kato-2003 folded before Flop (didn't bet)
Seat 6: corape folded before Flop (didn't bet)



PokerStars Zoom Hand #254607235266:  Hold'em No Limit ($0.05/$0.10) - 2025/01/29 16:31:12 CET [2025/01/29 10:31:12 ET]
Table 'Aludra' 6-max Seat #1 is the button
Seat 1: cip1001t ($20.92 in chips) 
Seat 2: jeonjinny ($9.80 in chips) 
Seat 3: Sp1keSpraggy ($7.90 in chips) 
Seat 4: MaJuCap ($11.54 in chips) 
Seat 5: KrysuSkerdikas ($14.48 in chips) 
Seat 6: Mahu2021 ($7.12 in chips) 
jeonjinny: posts small blind $0.05
Sp1keSpraggy: posts big blind $0.10
*** HOLE CARDS ***
Dealt to Mahu2021 [5d 8d]
MaJuCap: raises $0.15 to $0.25
KrysuSkerdikas: folds 
Mahu2021: folds 
cip1001t: folds 
jeonjinny: raises $0.60 to $0.85
Sp1keSpraggy: folds 
MaJuCap: folds 
Uncalled bet ($0.60) returned to jeonjinny
jeonjinny collected $0.60 from pot
jeonjinny: doesn't show hand 
*** SUMMARY ***
Total pot $0.60 | Rake $0 
Seat 1: cip1001t (button) folded before Flop (didn't bet)
Seat 2: jeonjinny (small blind) collected ($0.60)
Seat 3: Sp1keSpraggy (big blind) folded before Flop
Seat 4: MaJuCap folded before Flop
Seat 5: KrysuSkerdikas folded before Flop (didn't bet)
Seat 6: Mahu2021 folded before Flop (didn't bet)



PokerStars Zoom Hand #254607233376:  Hold'em No Limit ($0.05/$0.10) - 2025/01/29 16:31:03 CET [2025/01/29 10:31:03 ET]
Table 'Aludra' 6-max Seat #1 is the button
Seat 1: v4valter88 ($12.33 in chips) 
Seat 2: Mahu2021 ($7.17 in chips) 
Seat 3: joorup ($10 in chips) 
Seat 4: ASENNA76 ($10.96 in chips) 
Seat 5: juan19872323 ($9.70 in chips) 
Seat 6: jeonjinny ($9.80 in chips) 
Mahu2021: posts small blind $0.05
joorup: posts big blind $0.10
*** HOLE CARDS ***
Dealt to Mahu2021 [5s 7h]
ASENNA76: raises $0.20 to $0.30
juan19872323: folds 
jeonjinny: folds 
v4valter88: folds 
Mahu2021: folds 
joorup: calls $0.20
*** FLOP *** [4d 9h 2c]
joorup: checks 
ASENNA76: bets $0.40
joorup: calls $0.40
*** TURN *** [4d 9h 2c] [7s]
joorup: checks 
ASENNA76: checks 
*** RIVER *** [4d 9h 2c 7s] [6h]
joorup: bets $0.46
ASENNA76: folds 
Uncalled bet ($0.46) returned to joorup
joorup collected $1.38 from pot
joorup: doesn't show hand 
*** SUMMARY ***
Total pot $1.45 | Rake $0.07 
Board [4d 9h 2c 7s 6h]
Seat 1: v4valter88 (button) folded before Flop (didn't bet)
Seat 2: Mahu2021 (small blind) folded before Flop
Seat 3: joorup (big blind) collected ($1.38)
Seat 4: ASENNA76 folded on the River
Seat 5: juan19872323 folded before Flop (didn't bet)
Seat 6: jeonjinny folded before Flop (didn't bet)



PokerStars Zoom Hand #254607235879:  Hold'em No Limit ($0.05/$0.10) - 2025/01/29 16:31:15 CET [2025/01/29 10:31:15 ET]
Table 'Aludra' 6-max Seat #1 is the button
Seat 1: corape ($8.72 in chips) 
Seat 2: ljy990514 ($11.78 in chips) 
Seat 3: KrysuSkerdikas ($14.48 in chips) 
Seat 4: kato-2003 ($10 in chips) 
Seat 5: Mahu2021 ($7.12 in chips) 
Seat 6: TeoMT7 ($4.85 in chips) 
ljy990514: posts small blind $0.05
KrysuSkerdikas: posts big blind $0.10
*** HOLE CARDS ***
Dealt to Mahu2021 [Qd Ah]
kato-2003: raises $0.14 to $0.24
Mahu2021: calls $0.24
TeoMT7: folds 
corape: calls $0.24
ljy990514: calls $0.19
KrysuSkerdikas: folds 
*** FLOP *** [Jc Kc 4h]
ljy990514: checks 
kato-2003: checks 
Mahu2021: bets $0.20
corape: folds 
ljy990514: raises $1.76 to $1.96
kato-2003: folds 
Mahu2021: folds 
Uncalled bet ($1.76) returned to ljy990514
ljy990514 collected $1.39 from pot
ljy990514: doesn't show hand 
*** SUMMARY ***
Total pot $1.46 | Rake $0.07 
Board [Jc Kc 4h]
Seat 1: corape (button) folded on the Flop
Seat 2: ljy990514 (small blind) collected ($1.39)
Seat 3: KrysuSkerdikas (big blind) folded before Flop
Seat 4: kato-2003 folded on the Flop
Seat 5: Mahu2021 folded on the Flop
Seat 6: TeoMT7 folded before Flop (didn't bet)



PokerStars Zoom Hand #254607245559:  Hold'em No Limit ($0.05/$0.10) - 2025/01/29 16:32:01 CET [2025/01/29 10:32:01 ET]
Table 'Aludra' 6-max Seat #1 is the button
Seat 1: joorup ($10.68 in chips) 
Seat 2: cip1001t ($3.68 in chips) 
Seat 3: Titsamach ($11.37 in chips) 
Seat 4: Gobi000 ($11.61 in chips) 
Seat 5: Mahu2021 ($6.68 in chips) 
Seat 6: ALPHA REBEL ($12.59 in chips) 
cip1001t: posts small blind $0.05
Titsamach: posts big blind $0.10
*** HOLE CARDS ***
Dealt to Mahu2021 [9s 9d]
Gobi000: folds 
Mahu2021: raises $0.14 to $0.24
ALPHA REBEL: folds 
joorup: raises $0.51 to $0.75
cip1001t: folds 
Titsamach: folds 
Mahu2021: calls $0.51
*** FLOP *** [Ad 3c 6d]
Mahu2021: checks 
joorup: bets $0.52
Mahu2021: folds 
Uncalled bet ($0.52) returned to joorup
joorup collected $1.58 from pot
joorup: doesn't show hand 
*** SUMMARY ***
Total pot $1.65 | Rake $0.07 
Board [Ad 3c 6d]
Seat 1: joorup (button) collected ($1.58)
Seat 2: cip1001t (small blind) folded before Flop
Seat 3: Titsamach (big blind) folded before Flop
Seat 4: Gobi000 folded before Flop (didn't bet)
Seat 5: Mahu2021 folded on the Flop
Seat 6: ALPHA REBEL folded before Flop (didn't bet)



