PokerStars Zoom Hand #254549948754:  Hold'em No Limit ($0.05/$0.10) - 2025/01/25 20:37:36 CET [2025/01/25 14:37:36 ET]
Table 'Aludra' 6-max Seat #1 is the button
Seat 1: D.shadoww ($13.11 in chips) 
Seat 2: nikcat7 ($12.07 in chips) 
Seat 3: Mahu2021 ($10 in chips) 
Seat 4: mr.coulombe ($11.16 in chips) 
Seat 5: 77irek ($11.23 in chips) 
Seat 6: Jahjge ($15.89 in chips) 
nikcat7: posts small blind $0.05
Mahu2021: posts big blind $0.10
*** HOLE CARDS ***
Dealt to Mahu2021 [7c 7d]
mr.coulombe: folds 
77irek: folds 
Jahjge: folds 
D.shadoww: folds 
nikcat7: folds 
Uncalled bet ($0.05) returned to Mahu2021
Mahu2021 collected $0.10 from pot
Mahu2021: doesn't show hand 
*** SUMMARY ***
Total pot $0.10 | Rake $0 
Seat 1: D.shadoww (button) folded before Flop (didn't bet)
Seat 2: nikcat7 (small blind) folded before Flop
Seat 3: Mahu2021 (big blind) collected ($0.10)
Seat 4: mr.coulombe folded before Flop (didn't bet)
Seat 5: 77irek folded before Flop (didn't bet)
Seat 6: Jahjge folded before Flop (didn't bet)



PokerStars Zoom Hand #254549952805:  Hold'em No Limit ($0.05/$0.10) - 2025/01/25 20:37:50 CET [2025/01/25 14:37:50 ET]
Table 'Aludra' 6-max Seat #1 is the button
Seat 1: Mahu2021 ($10.05 in chips) 
Seat 2: andreuler ($10.80 in chips) 
Seat 3: Poklrll02 ($21.10 in chips) 
Seat 4: Langusta1 ($12.15 in chips) 
Seat 5: catastrevas ($10 in chips) 
Seat 6: Die8 ($10 in chips) 
andreuler: posts small blind $0.05
Poklrll02: posts big blind $0.10
*** HOLE CARDS ***
Dealt to Mahu2021 [7c Kh]
Langusta1: folds 
catastrevas: folds 
Die8: folds 
Mahu2021: folds 
andreuler: folds 
Uncalled bet ($0.05) returned to Poklrll02
Poklrll02 collected $0.10 from pot
Poklrll02: doesn't show hand 
*** SUMMARY ***
Total pot $0.10 | Rake $0 
Seat 1: Mahu2021 (button) folded before Flop (didn't bet)
Seat 2: andreuler (small blind) folded before Flop
Seat 3: Poklrll02 (big blind) collected ($0.10)
Seat 4: Langusta1 folded before Flop (didn't bet)
Seat 5: catastrevas folded before Flop (didn't bet)
Seat 6: Die8 folded before Flop (didn't bet)



PokerStars Zoom Hand #254549954802:  Hold'em No Limit ($0.05/$0.10) - 2025/01/25 20:37:57 CET [2025/01/25 14:37:57 ET]
Table 'Aludra' 6-max Seat #1 is the button
Seat 1: aalewee56 ($1.92 in chips) 
Seat 2: crytexs123 ($20.87 in chips) 
Seat 3: Pastor28 ($10.81 in chips) 
Seat 4: maciejass83 ($17.22 in chips) 
Seat 5: Harabek ($10.60 in chips) 
Seat 6: Mahu2021 ($10 in chips) 
crytexs123: posts small blind $0.05
Pastor28: posts big blind $0.10
*** HOLE CARDS ***
Dealt to Mahu2021 [Jc 7c]
maciejass83: folds 
Harabek: folds 
Mahu2021: folds 
aalewee56: folds 
crytexs123: folds 
Uncalled bet ($0.05) returned to Pastor28
Pastor28 collected $0.10 from pot
Pastor28: doesn't show hand 
*** SUMMARY ***
Total pot $0.10 | Rake $0 
Seat 1: aalewee56 (button) folded before Flop (didn't bet)
Seat 2: crytexs123 (small blind) folded before Flop
Seat 3: Pastor28 (big blind) collected ($0.10)
Seat 4: maciejass83 folded before Flop (didn't bet)
Seat 5: Harabek folded before Flop (didn't bet)
Seat 6: Mahu2021 folded before Flop (didn't bet)



PokerStars Zoom Hand #254549956188:  Hold'em No Limit ($0.05/$0.10) - 2025/01/25 20:38:02 CET [2025/01/25 14:38:02 ET]
Table 'Aludra' 6-max Seat #1 is the button
Seat 1: kaimann1979 ($8.13 in chips) 
Seat 2: Die8 ($11.33 in chips) 
Seat 3: RibaShtyka ($11.05 in chips) 
Seat 4: moriyan24 ($11.34 in chips) 
Seat 5: Jahjge ($10.55 in chips) 
Seat 6: Mahu2021 ($10 in chips) 
Die8: posts small blind $0.05
RibaShtyka: posts big blind $0.10
*** HOLE CARDS ***
Dealt to Mahu2021 [8s 6d]
moriyan24: folds 
Jahjge: raises $0.15 to $0.25
Mahu2021: folds 
kaimann1979: folds 
Die8: folds 
RibaShtyka: folds 
Uncalled bet ($0.15) returned to Jahjge
Jahjge collected $0.25 from pot
Jahjge: doesn't show hand 
*** SUMMARY ***
Total pot $0.25 | Rake $0 
Seat 1: kaimann1979 (button) folded before Flop (didn't bet)
Seat 2: Die8 (small blind) folded before Flop
Seat 3: RibaShtyka (big blind) folded before Flop
Seat 4: moriyan24 folded before Flop (didn't bet)
Seat 5: Jahjge collected ($0.25)
Seat 6: Mahu2021 folded before Flop (didn't bet)



PokerStars Zoom Hand #254549954201:  Hold'em No Limit ($0.05/$0.10) - 2025/01/25 20:37:55 CET [2025/01/25 14:37:55 ET]
Table 'Aludra' 6-max Seat #1 is the button
Seat 1: D.shadoww ($10.83 in chips) 
Seat 2: Mahu2021 ($10.05 in chips) 
Seat 3: maromarco ($10.84 in chips) 
Seat 4: skar4ish ($9.05 in chips) 
Seat 5: andreuler ($10 in chips) 
Seat 6: abelll115 ($11.54 in chips) 
Mahu2021: posts small blind $0.05
maromarco: posts big blind $0.10
*** HOLE CARDS ***
Dealt to Mahu2021 [4d 6c]
skar4ish: raises $0.15 to $0.25
andreuler: folds 
abelll115: folds 
D.shadoww: folds 
Mahu2021: folds 
maromarco: folds 
Uncalled bet ($0.15) returned to skar4ish
skar4ish collected $0.25 from pot
skar4ish: doesn't show hand 
*** SUMMARY ***
Total pot $0.25 | Rake $0 
Seat 1: D.shadoww (button) folded before Flop (didn't bet)
Seat 2: Mahu2021 (small blind) folded before Flop
Seat 3: maromarco (big blind) folded before Flop
Seat 4: skar4ish collected ($0.25)
Seat 5: andreuler folded before Flop (didn't bet)
Seat 6: abelll115 folded before Flop (didn't bet)



PokerStars Zoom Hand #254549957630:  Hold'em No Limit ($0.05/$0.10) - 2025/01/25 20:38:07 CET [2025/01/25 14:38:07 ET]
Table 'Aludra' 6-max Seat #1 is the button
Seat 1: ismfred ($19.14 in chips) 
Seat 2: szabarna ($10.01 in chips) 
Seat 3: High Calonic ($13.07 in chips) 
Seat 4: vovo4kapooh ($18.91 in chips) 
Seat 5: Mahu2021 ($10 in chips) 
Seat 6: suniland ($9.90 in chips) 
szabarna: posts small blind $0.05
High Calonic: posts big blind $0.10
*** HOLE CARDS ***
Dealt to Mahu2021 [As 7s]
vovo4kapooh: folds 
Mahu2021: raises $0.14 to $0.24
suniland: folds 
ismfred: folds 
szabarna: folds 
High Calonic: folds 
Uncalled bet ($0.14) returned to Mahu2021
Mahu2021 collected $0.25 from pot
Mahu2021: doesn't show hand 
*** SUMMARY ***
Total pot $0.25 | Rake $0 
Seat 1: ismfred (button) folded before Flop (didn't bet)
Seat 2: szabarna (small blind) folded before Flop
Seat 3: High Calonic (big blind) folded before Flop
Seat 4: vovo4kapooh folded before Flop (didn't bet)
Seat 5: Mahu2021 collected ($0.25)
Seat 6: suniland folded before Flop (didn't bet)



PokerStars Zoom Hand #254549962222:  Hold'em No Limit ($0.05/$0.10) - 2025/01/25 20:38:23 CET [2025/01/25 14:38:23 ET]
Table 'Aludra' 6-max Seat #1 is the button
Seat 1: catastrevas ($13.26 in chips) 
Seat 2: eriktnt ($10.64 in chips) 
Seat 3: Mahu2021 ($10.15 in chips) 
Seat 4: Sir_Fug ($15.57 in chips) 
Seat 5: Metam4n85 ($13.35 in chips) 
Seat 6: High Calonic ($10.05 in chips) 
eriktnt: posts small blind $0.05
Mahu2021: posts big blind $0.10
*** HOLE CARDS ***
Dealt to Mahu2021 [5d 4s]
Sir_Fug: folds 
Metam4n85: folds 
High Calonic: folds 
catastrevas: raises $0.15 to $0.25
eriktnt: folds 
Mahu2021: folds 
Uncalled bet ($0.15) returned to catastrevas
catastrevas collected $0.25 from pot
catastrevas: doesn't show hand 
*** SUMMARY ***
Total pot $0.25 | Rake $0 
Seat 1: catastrevas (button) collected ($0.25)
Seat 2: eriktnt (small blind) folded before Flop
Seat 3: Mahu2021 (big blind) folded before Flop
Seat 4: Sir_Fug folded before Flop (didn't bet)
Seat 5: Metam4n85 folded before Flop (didn't bet)
Seat 6: High Calonic folded before Flop (didn't bet)



PokerStars Zoom Hand #254549965031:  Hold'em No Limit ($0.05/$0.10) - 2025/01/25 20:38:33 CET [2025/01/25 14:38:33 ET]
Table 'Aludra' 6-max Seat #1 is the button
Seat 1: Mahu2021 ($10.05 in chips) 
Seat 2: catastrevas ($10.18 in chips) 
Seat 3: LittleBigWil ($28.26 in chips) 
Seat 4: ZookeeperBoy ($7.70 in chips) 
Seat 5: moriyan24 ($11.34 in chips) 
Seat 6: ANDY CAROL ($10 in chips) 
catastrevas: posts small blind $0.05
LittleBigWil: posts big blind $0.10
*** HOLE CARDS ***
Dealt to Mahu2021 [9h As]
ZookeeperBoy: folds 
moriyan24: folds 
ANDY CAROL: raises $0.14 to $0.24
Mahu2021: calls $0.24
catastrevas: folds 
LittleBigWil: folds 
*** FLOP *** [2c 3c 8d]
ANDY CAROL: bets $0.33
Mahu2021: folds 
Uncalled bet ($0.33) returned to ANDY CAROL
ANDY CAROL collected $0.60 from pot
ANDY CAROL: doesn't show hand 
*** SUMMARY ***
Total pot $0.63 | Rake $0.03 
Board [2c 3c 8d]
Seat 1: Mahu2021 (button) folded on the Flop
Seat 2: catastrevas (small blind) folded before Flop
Seat 3: LittleBigWil (big blind) folded before Flop
Seat 4: ZookeeperBoy folded before Flop (didn't bet)
Seat 5: moriyan24 folded before Flop (didn't bet)
Seat 6: ANDY CAROL collected ($0.60)



PokerStars Zoom Hand #254549972331:  Hold'em No Limit ($0.05/$0.10) - 2025/01/25 20:38:59 CET [2025/01/25 14:38:59 ET]
Table 'Aludra' 6-max Seat #1 is the button
Seat 1: M.X.L.888 ($16.36 in chips) 
Seat 2: rafo89891 ($10.33 in chips) 
Seat 3: JYCKF ($15.57 in chips) 
Seat 4: Mahu2021 ($9.81 in chips) 
Seat 5: ZookeeperBoy ($7.55 in chips) 
Seat 6: anderetsu ($18.92 in chips) 
rafo89891: posts small blind $0.05
JYCKF: posts big blind $0.10
*** HOLE CARDS ***
Dealt to Mahu2021 [5d Ah]
Mahu2021: folds 
ZookeeperBoy: folds 
anderetsu: folds 
M.X.L.888: folds 
rafo89891: folds 
Uncalled bet ($0.05) returned to JYCKF
JYCKF collected $0.10 from pot
JYCKF: doesn't show hand 
*** SUMMARY ***
Total pot $0.10 | Rake $0 
Seat 1: M.X.L.888 (button) folded before Flop (didn't bet)
Seat 2: rafo89891 (small blind) folded before Flop
Seat 3: JYCKF (big blind) collected ($0.10)
Seat 4: Mahu2021 folded before Flop (didn't bet)
Seat 5: ZookeeperBoy folded before Flop (didn't bet)
Seat 6: anderetsu folded before Flop (didn't bet)



PokerStars Zoom Hand #254549970666:  Hold'em No Limit ($0.05/$0.10) - 2025/01/25 20:38:53 CET [2025/01/25 14:38:53 ET]
Table 'Aludra' 6-max Seat #1 is the button
Seat 1: rafo89891 ($10.33 in chips) 
Seat 2: LittleBigWil ($28.16 in chips) 
Seat 3: ZookeeperBoy ($7.65 in chips) 
Seat 4: Mahu2021 ($9.81 in chips) 
Seat 5: catastrevas ($10.13 in chips) 
Seat 6: suniland ($10.50 in chips) 
LittleBigWil: posts small blind $0.05
ZookeeperBoy: posts big blind $0.10
*** HOLE CARDS ***
Dealt to Mahu2021 [Tc 3d]
Mahu2021: folds 
catastrevas: raises $0.15 to $0.25
suniland: folds 
rafo89891: folds 
LittleBigWil: folds 
ZookeeperBoy: folds 
Uncalled bet ($0.15) returned to catastrevas
catastrevas collected $0.25 from pot
catastrevas: doesn't show hand 
*** SUMMARY ***
Total pot $0.25 | Rake $0 
Seat 1: rafo89891 (button) folded before Flop (didn't bet)
Seat 2: LittleBigWil (small blind) folded before Flop
Seat 3: ZookeeperBoy (big blind) folded before Flop
Seat 4: Mahu2021 folded before Flop (didn't bet)
Seat 5: catastrevas collected ($0.25)
Seat 6: suniland folded before Flop (didn't bet)



PokerStars Zoom Hand #254549973345:  Hold'em No Limit ($0.05/$0.10) - 2025/01/25 20:39:02 CET [2025/01/25 14:39:02 ET]
Table 'Aludra' 6-max Seat #1 is the button
Seat 1: High Calonic ($10 in chips) 
Seat 2: Mahu2021 ($9.81 in chips) 
Seat 3: Amator1212 ($10.18 in chips) 
Seat 4: moriyan24 ($15.96 in chips) 
Seat 5: seiji140 ($20.12 in chips) 
Seat 6: ivansaires ($19.54 in chips) 
Mahu2021: posts small blind $0.05
Amator1212: posts big blind $0.10
*** HOLE CARDS ***
Dealt to Mahu2021 [9c 2s]
moriyan24: folds 
seiji140: folds 
ivansaires: folds 
High Calonic: folds 
Mahu2021: folds 
Uncalled bet ($0.05) returned to Amator1212
Amator1212 collected $0.10 from pot
Amator1212: doesn't show hand 
*** SUMMARY ***
Total pot $0.10 | Rake $0 
Seat 1: High Calonic (button) folded before Flop (didn't bet)
Seat 2: Mahu2021 (small blind) folded before Flop
Seat 3: Amator1212 (big blind) collected ($0.10)
Seat 4: moriyan24 folded before Flop (didn't bet)
Seat 5: seiji140 folded before Flop (didn't bet)
Seat 6: ivansaires folded before Flop (didn't bet)



PokerStars Zoom Hand #254549974782:  Hold'em No Limit ($0.05/$0.10) - 2025/01/25 20:39:07 CET [2025/01/25 14:39:07 ET]
Table 'Aludra' 6-max Seat #1 is the button
Seat 1: ZookeeperBoy ($16.07 in chips) 
Seat 2: catastrevas ($10.71 in chips) 
Seat 3: moriyan24 ($15.96 in chips) 
Seat 4: Die8 ($10.15 in chips) 
Seat 5: Mahu2021 ($9.76 in chips) 
Seat 6: vovo4kapooh ($18.68 in chips) 
catastrevas: posts small blind $0.05
moriyan24: posts big blind $0.10
*** HOLE CARDS ***
Dealt to Mahu2021 [3d 4c]
Die8: folds 
Mahu2021: folds 
vovo4kapooh: folds 
ZookeeperBoy: folds 
catastrevas: folds 
Uncalled bet ($0.05) returned to moriyan24
moriyan24 collected $0.10 from pot
moriyan24: doesn't show hand 
*** SUMMARY ***
Total pot $0.10 | Rake $0 
Seat 1: ZookeeperBoy (button) folded before Flop (didn't bet)
Seat 2: catastrevas (small blind) folded before Flop
Seat 3: moriyan24 (big blind) collected ($0.10)
Seat 4: Die8 folded before Flop (didn't bet)
Seat 5: Mahu2021 folded before Flop (didn't bet)
Seat 6: vovo4kapooh folded before Flop (didn't bet)



PokerStars Zoom Hand #254549975712:  Hold'em No Limit ($0.05/$0.10) - 2025/01/25 20:39:11 CET [2025/01/25 14:39:11 ET]
Table 'Aludra' 6-max Seat #1 is the button
Seat 1: LittleBigWil ($28.11 in chips) 
Seat 2: JYCKF ($15.62 in chips) 
Seat 3: Mahu2021 ($9.76 in chips) 
Seat 4: cookierolo ($10 in chips) 
Seat 5: Kraisecaller ($11.23 in chips) 
Seat 6: 77irek ($11.58 in chips) 
JYCKF: posts small blind $0.05
Mahu2021: posts big blind $0.10
*** HOLE CARDS ***
Dealt to Mahu2021 [Kd 4c]
cookierolo: folds 
Kraisecaller: folds 
77irek: folds 
LittleBigWil: raises $0.12 to $0.22
JYCKF: folds 
Mahu2021: calls $0.12
*** FLOP *** [Jd 9h 5d]
Mahu2021: checks 
LittleBigWil: bets $0.16
Mahu2021: folds 
Uncalled bet ($0.16) returned to LittleBigWil
LittleBigWil collected $0.47 from pot
LittleBigWil: doesn't show hand 
*** SUMMARY ***
Total pot $0.49 | Rake $0.02 
Board [Jd 9h 5d]
Seat 1: LittleBigWil (button) collected ($0.47)
Seat 2: JYCKF (small blind) folded before Flop
Seat 3: Mahu2021 (big blind) folded on the Flop
Seat 4: cookierolo folded before Flop (didn't bet)
Seat 5: Kraisecaller folded before Flop (didn't bet)
Seat 6: 77irek folded before Flop (didn't bet)



PokerStars Zoom Hand #254549981772:  Hold'em No Limit ($0.05/$0.10) - 2025/01/25 20:39:32 CET [2025/01/25 14:39:32 ET]
Table 'Aludra' 6-max Seat #1 is the button
Seat 1: Mahu2021 ($9.54 in chips) 
Seat 2: Pastor28 ($11.25 in chips) 
Seat 3: Poklrll02 ($27.89 in chips) 
Seat 4: Harabek ($14.55 in chips) 
Seat 5: crytexs123 ($14.81 in chips) 
Seat 6: vovo4kapooh ($23.16 in chips) 
Pastor28: posts small blind $0.05
Poklrll02: posts big blind $0.10
*** HOLE CARDS ***
Dealt to Mahu2021 [2d 3h]
Harabek: folds 
crytexs123: folds 
vovo4kapooh: folds 
Mahu2021: folds 
Pastor28: raises $0.20 to $0.30
Poklrll02: calls $0.20
*** FLOP *** [Ah 3c 6c]
Pastor28: bets $0.29
Poklrll02: folds 
Uncalled bet ($0.29) returned to Pastor28
Pastor28 collected $0.57 from pot
Pastor28: doesn't show hand 
*** SUMMARY ***
Total pot $0.60 | Rake $0.03 
Board [Ah 3c 6c]
Seat 1: Mahu2021 (button) folded before Flop (didn't bet)
Seat 2: Pastor28 (small blind) collected ($0.57)
Seat 3: Poklrll02 (big blind) folded on the Flop
Seat 4: Harabek folded before Flop (didn't bet)
Seat 5: crytexs123 folded before Flop (didn't bet)
Seat 6: vovo4kapooh folded before Flop (didn't bet)



PokerStars Zoom Hand #254549982984:  Hold'em No Limit ($0.05/$0.10) - 2025/01/25 20:39:36 CET [2025/01/25 14:39:36 ET]
Table 'Aludra' 6-max Seat #1 is the button
Seat 1: Jahjge ($10.80 in chips) 
Seat 2: Mahu2021 ($9.54 in chips) 
Seat 3: rafo89891 ($9.61 in chips) 
Seat 4: DimoshaP ($17.38 in chips) 
Seat 5: Bestology ($28.69 in chips) 
Seat 6: ANDY CAROL ($10 in chips) 
Mahu2021: posts small blind $0.05
rafo89891: posts big blind $0.10
*** HOLE CARDS ***
Dealt to Mahu2021 [9s 7h]
DimoshaP: raises $0.20 to $0.30
Bestology: folds 
ANDY CAROL: folds 
Jahjge: folds 
Mahu2021: folds 
rafo89891: folds 
Uncalled bet ($0.20) returned to DimoshaP
DimoshaP collected $0.25 from pot
DimoshaP: doesn't show hand 
*** SUMMARY ***
Total pot $0.25 | Rake $0 
Seat 1: Jahjge (button) folded before Flop (didn't bet)
Seat 2: Mahu2021 (small blind) folded before Flop
Seat 3: rafo89891 (big blind) folded before Flop
Seat 4: DimoshaP collected ($0.25)
Seat 5: Bestology folded before Flop (didn't bet)
Seat 6: ANDY CAROL folded before Flop (didn't bet)



PokerStars Zoom Hand #254549986988:  Hold'em No Limit ($0.05/$0.10) - 2025/01/25 20:39:50 CET [2025/01/25 14:39:50 ET]
Table 'Aludra' 6-max Seat #1 is the button
Seat 1: Metam4n85 ($14.35 in chips) 
Seat 2: eriktnt ($10.96 in chips) 
Seat 3: Mahu2021 ($9.49 in chips) 
Seat 4: Ros1453 ($10.60 in chips) 
Seat 5: Morrowind943 ($11.34 in chips) 
Seat 6: Jahjge ($10.80 in chips) 
eriktnt: posts small blind $0.05
Mahu2021: posts big blind $0.10
*** HOLE CARDS ***
Dealt to Mahu2021 [7h 9h]
Ros1453: folds 
Morrowind943: folds 
Jahjge: folds 
Metam4n85: folds 
eriktnt: folds 
Uncalled bet ($0.05) returned to Mahu2021
Mahu2021 collected $0.10 from pot
Mahu2021: doesn't show hand 
*** SUMMARY ***
Total pot $0.10 | Rake $0 
Seat 1: Metam4n85 (button) folded before Flop (didn't bet)
Seat 2: eriktnt (small blind) folded before Flop
Seat 3: Mahu2021 (big blind) collected ($0.10)
Seat 4: Ros1453 folded before Flop (didn't bet)
Seat 5: Morrowind943 folded before Flop (didn't bet)
Seat 6: Jahjge folded before Flop (didn't bet)



PokerStars Zoom Hand #254549985941:  Hold'em No Limit ($0.05/$0.10) - 2025/01/25 20:39:46 CET [2025/01/25 14:39:46 ET]
Table 'Aludra' 6-max Seat #1 is the button
Seat 1: Mahu2021 ($9.49 in chips) 
Seat 2: anderetsu ($18.72 in chips) 
Seat 3: D.shadoww ($12.14 in chips) 
Seat 4: Ros1453 ($10.60 in chips) 
Seat 5: seiji140 ($19.72 in chips) 
Seat 6: 77irek ($13.48 in chips) 
anderetsu: posts small blind $0.05
D.shadoww: posts big blind $0.10
*** HOLE CARDS ***
Dealt to Mahu2021 [3c 9s]
Ros1453: folds 
seiji140: folds 
77irek: folds 
Mahu2021: folds 
anderetsu: folds 
Uncalled bet ($0.05) returned to D.shadoww
D.shadoww collected $0.10 from pot
D.shadoww: doesn't show hand 
*** SUMMARY ***
Total pot $0.10 | Rake $0 
Seat 1: Mahu2021 (button) folded before Flop (didn't bet)
Seat 2: anderetsu (small blind) folded before Flop
Seat 3: D.shadoww (big blind) collected ($0.10)
Seat 4: Ros1453 folded before Flop (didn't bet)
Seat 5: seiji140 folded before Flop (didn't bet)
Seat 6: 77irek folded before Flop (didn't bet)



PokerStars Zoom Hand #254549991965:  Hold'em No Limit ($0.05/$0.10) - 2025/01/25 20:40:07 CET [2025/01/25 14:40:07 ET]
Table 'Aludra' 6-max Seat #1 is the button
Seat 1: 77irek ($11.73 in chips) 
Seat 2: fransisco 234 ($10 in chips) 
Seat 3: elektrofu ($11.53 in chips) 
Seat 4: Matzet1ka ($15.39 in chips) 
Seat 5: moriyan24 ($15.81 in chips) 
Seat 6: Mahu2021 ($9.49 in chips) 
fransisco 234: posts small blind $0.05
elektrofu: posts big blind $0.10
*** HOLE CARDS ***
Dealt to Mahu2021 [Qd Qc]
Matzet1ka: folds 
moriyan24: folds 
Mahu2021: raises $0.20 to $0.30
77irek: folds 
fransisco 234: folds 
elektrofu: folds 
Uncalled bet ($0.20) returned to Mahu2021
Mahu2021 collected $0.25 from pot
Mahu2021: doesn't show hand 
*** SUMMARY ***
Total pot $0.25 | Rake $0 
Seat 1: 77irek (button) folded before Flop (didn't bet)
Seat 2: fransisco 234 (small blind) folded before Flop
Seat 3: elektrofu (big blind) folded before Flop
Seat 4: Matzet1ka folded before Flop (didn't bet)
Seat 5: moriyan24 folded before Flop (didn't bet)
Seat 6: Mahu2021 collected ($0.25)



PokerStars Zoom Hand #254549984195:  Hold'em No Limit ($0.05/$0.10) - 2025/01/25 20:39:40 CET [2025/01/25 14:39:40 ET]
Table 'Aludra' 6-max Seat #1 is the button
Seat 1: moriyan24 ($19.33 in chips) 
Seat 2: vovo4kapooh ($23.16 in chips) 
Seat 3: zogecmarogec ($8.63 in chips) 
Seat 4: bebasket066 ($12.97 in chips) 
Seat 5: SeldomSoft ($14.60 in chips) 
Seat 6: Mahu2021 ($9.49 in chips) 
vovo4kapooh: posts small blind $0.05
zogecmarogec: posts big blind $0.10
*** HOLE CARDS ***
Dealt to Mahu2021 [5s Ah]
bebasket066: calls $0.10
SeldomSoft: calls $0.10
Mahu2021: folds 
moriyan24: folds 
vovo4kapooh: folds 
zogecmarogec: checks 
*** FLOP *** [3s Ad Ts]
zogecmarogec: checks 
bebasket066: checks 
SeldomSoft: checks 
*** TURN *** [3s Ad Ts] [2d]
zogecmarogec: checks 
bebasket066: checks 
SeldomSoft: bets $0.20
zogecmarogec: folds 
bebasket066: folds 
Uncalled bet ($0.20) returned to SeldomSoft
SeldomSoft collected $0.33 from pot
SeldomSoft: doesn't show hand 
*** SUMMARY ***
Total pot $0.35 | Rake $0.02 
Board [3s Ad Ts 2d]
Seat 1: moriyan24 (button) folded before Flop (didn't bet)
Seat 2: vovo4kapooh (small blind) folded before Flop
Seat 3: zogecmarogec (big blind) folded on the Turn
Seat 4: bebasket066 folded on the Turn
Seat 5: SeldomSoft collected ($0.33)
Seat 6: Mahu2021 folded before Flop (didn't bet)



PokerStars Zoom Hand #254549996789:  Hold'em No Limit ($0.05/$0.10) - 2025/01/25 20:40:24 CET [2025/01/25 14:40:24 ET]
Table 'Aludra' 6-max Seat #1 is the button
Seat 1: andreuler ($12.88 in chips) 
Seat 2: Kraisecaller ($11.23 in chips) 
Seat 3: catastrevas ($12.56 in chips) 
Seat 4: metel-sky ($4.46 in chips) 
Seat 5: Mahu2021 ($9.64 in chips) 
Seat 6: eriktnt ($10.22 in chips) 
Kraisecaller: posts small blind $0.05
catastrevas: posts big blind $0.10
*** HOLE CARDS ***
Dealt to Mahu2021 [3d Ks]
metel-sky: folds 
Mahu2021: folds 
eriktnt: folds 
andreuler: raises $0.20 to $0.30
Kraisecaller: folds 
catastrevas: folds 
Uncalled bet ($0.20) returned to andreuler
andreuler collected $0.25 from pot
andreuler: doesn't show hand 
*** SUMMARY ***
Total pot $0.25 | Rake $0 
Seat 1: andreuler (button) collected ($0.25)
Seat 2: Kraisecaller (small blind) folded before Flop
Seat 3: catastrevas (big blind) folded before Flop
Seat 4: metel-sky folded before Flop (didn't bet)
Seat 5: Mahu2021 folded before Flop (didn't bet)
Seat 6: eriktnt folded before Flop (didn't bet)



PokerStars Zoom Hand #254549989664:  Hold'em No Limit ($0.05/$0.10) - 2025/01/25 20:39:59 CET [2025/01/25 14:39:59 ET]
Table 'Aludra' 6-max Seat #1 is the button
Seat 1: ANDY CAROL ($10 in chips) 
Seat 2: Mahu2021 ($9.54 in chips) 
Seat 3: Metam4n85 ($30.55 in chips) 
Seat 4: anderetsu ($11.65 in chips) 
Seat 5: nikcat7 ($10.66 in chips) 
Seat 6: smoky fish 90 ($10 in chips) 
Mahu2021: posts small blind $0.05
Metam4n85: posts big blind $0.10
*** HOLE CARDS ***
Dealt to Mahu2021 [Jh 4h]
anderetsu: folds 
nikcat7: folds 
smoky fish 90: raises $0.15 to $0.25
ANDY CAROL: folds 
Mahu2021: folds 
Metam4n85: calls $0.15
*** FLOP *** [7s Ac Tc]
Metam4n85: checks 
smoky fish 90: checks 
*** TURN *** [7s Ac Tc] [6c]
Metam4n85: checks 
smoky fish 90: bets $0.15
Metam4n85: calls $0.15
*** RIVER *** [7s Ac Tc 6c] [6d]
Metam4n85: checks 
smoky fish 90: bets $0.51
Metam4n85: calls $0.51
*** SHOW DOWN ***
smoky fish 90: shows [Ts Qs] (two pair, Tens and Sixes)
Metam4n85: shows [9s 8s] (a straight, Six to Ten)
Metam4n85 collected $1.79 from pot
*** SUMMARY ***
Total pot $1.87 | Rake $0.08 
Board [7s Ac Tc 6c 6d]
Seat 1: ANDY CAROL (button) folded before Flop (didn't bet)
Seat 2: Mahu2021 (small blind) folded before Flop
Seat 3: Metam4n85 (big blind) showed [9s 8s] and won ($1.79) with a straight, Six to Ten
Seat 4: anderetsu folded before Flop (didn't bet)
Seat 5: nikcat7 folded before Flop (didn't bet)
Seat 6: smoky fish 90 showed [Ts Qs] and lost with two pair, Tens and Sixes



PokerStars Zoom Hand #254549999974:  Hold'em No Limit ($0.05/$0.10) - 2025/01/25 20:40:35 CET [2025/01/25 14:40:35 ET]
Table 'Aludra' 6-max Seat #1 is the button
Seat 1: andreuler ($14.01 in chips) 
Seat 2: AJKJ67 ($12.65 in chips) 
Seat 3: 77irek ($19.19 in chips) 
Seat 4: LCarloLouis ($12.85 in chips) 
Seat 5: catastrevas ($10.88 in chips) 
Seat 6: Mahu2021 ($9.64 in chips) 
AJKJ67: posts small blind $0.05
77irek: posts big blind $0.10
*** HOLE CARDS ***
Dealt to Mahu2021 [Ac 3h]
LCarloLouis: raises $0.20 to $0.30
catastrevas: folds 
Mahu2021: folds 
andreuler: folds 
AJKJ67: folds 
77irek: folds 
Uncalled bet ($0.20) returned to LCarloLouis
LCarloLouis collected $0.25 from pot
LCarloLouis: doesn't show hand 
*** SUMMARY ***
Total pot $0.25 | Rake $0 
Seat 1: andreuler (button) folded before Flop (didn't bet)
Seat 2: AJKJ67 (small blind) folded before Flop
Seat 3: 77irek (big blind) folded before Flop
Seat 4: LCarloLouis collected ($0.25)
Seat 5: catastrevas folded before Flop (didn't bet)
Seat 6: Mahu2021 folded before Flop (didn't bet)



PokerStars Zoom Hand #254549999044:  Hold'em No Limit ($0.05/$0.10) - 2025/01/25 20:40:32 CET [2025/01/25 14:40:32 ET]
Table 'Aludra' 6-max Seat #1 is the button
Seat 1: Mahu2021 ($9.64 in chips) 
Seat 2: carlitostwo ($9.90 in chips) 
Seat 3: ANDY CAROL ($10 in chips) 
Seat 4: nandosjc88 ($9.89 in chips) 
Seat 5: Poklrll02 ($26.79 in chips) 
Seat 6: auraph333 ($7.12 in chips) 
carlitostwo: posts small blind $0.05
ANDY CAROL: posts big blind $0.10
*** HOLE CARDS ***
Dealt to Mahu2021 [2h Tc]
nandosjc88: folds 
Poklrll02: folds 
auraph333: folds 
Mahu2021: folds 
carlitostwo: raises $0.10 to $0.20
ANDY CAROL: folds 
Uncalled bet ($0.10) returned to carlitostwo
carlitostwo collected $0.20 from pot
carlitostwo: doesn't show hand 
*** SUMMARY ***
Total pot $0.20 | Rake $0 
Seat 1: Mahu2021 (button) folded before Flop (didn't bet)
Seat 2: carlitostwo (small blind) collected ($0.20)
Seat 3: ANDY CAROL (big blind) folded before Flop
Seat 4: nandosjc88 folded before Flop (didn't bet)
Seat 5: Poklrll02 folded before Flop (didn't bet)
Seat 6: auraph333 folded before Flop (didn't bet)



PokerStars Zoom Hand #254549997981:  Hold'em No Limit ($0.05/$0.10) - 2025/01/25 20:40:28 CET [2025/01/25 14:40:28 ET]
Table 'Aludra' 6-max Seat #1 is the button
Seat 1: SeldomSoft ($14.83 in chips) 
Seat 2: Jahjge ($11.51 in chips) 
Seat 3: Kraisecaller ($11.18 in chips) 
Seat 4: 77irek ($19.19 in chips) 
Seat 5: Mahu2021 ($9.64 in chips) 
Seat 6: brunofumaca ($10.35 in chips) 
Jahjge: posts small blind $0.05
Kraisecaller: posts big blind $0.10
*** HOLE CARDS ***
Dealt to Mahu2021 [3s Jd]
77irek: folds 
Mahu2021: folds 
brunofumaca: raises $0.10 to $0.20
SeldomSoft: folds 
Jahjge: folds 
Kraisecaller: calls $0.10
*** FLOP *** [5s As 6d]
Kraisecaller: checks 
brunofumaca: bets $0.12
Kraisecaller: calls $0.12
*** TURN *** [5s As 6d] [5c]
Kraisecaller: checks 
brunofumaca: checks 
*** RIVER *** [5s As 6d 5c] [3h]
Kraisecaller: checks 
brunofumaca: checks 
*** SHOW DOWN ***
Kraisecaller: shows [6c 8h] (two pair, Sixes and Fives)
brunofumaca: mucks hand 
Kraisecaller collected $0.66 from pot
*** SUMMARY ***
Total pot $0.69 | Rake $0.03 
Board [5s As 6d 5c 3h]
Seat 1: SeldomSoft (button) folded before Flop (didn't bet)
Seat 2: Jahjge (small blind) folded before Flop
Seat 3: Kraisecaller (big blind) showed [6c 8h] and won ($0.66) with two pair, Sixes and Fives
Seat 4: 77irek folded before Flop (didn't bet)
Seat 5: Mahu2021 folded before Flop (didn't bet)
Seat 6: brunofumaca mucked [Td Kc]



PokerStars Zoom Hand #254550001114:  Hold'em No Limit ($0.05/$0.10) - 2025/01/25 20:40:39 CET [2025/01/25 14:40:39 ET]
Table 'Aludra' 6-max Seat #1 is the button
Seat 1: AJKJ67 ($12.60 in chips) 
Seat 2: D.shadoww ($11.64 in chips) 
Seat 3: andreuler ($13.03 in chips) 
Seat 4: Mahu2021 ($9.64 in chips) 
Seat 5: mesterpetring ($10.47 in chips) 
Seat 6: moriyan24 ($19.18 in chips) 
D.shadoww: posts small blind $0.05
andreuler: posts big blind $0.10
*** HOLE CARDS ***
Dealt to Mahu2021 [Kc As]
Mahu2021: raises $0.14 to $0.24
mesterpetring: folds 
moriyan24: folds 
AJKJ67: calls $0.24
D.shadoww: folds 
andreuler: folds 
*** FLOP *** [Ts Jd 5c]
Mahu2021: checks 
AJKJ67: bets $0.60
Mahu2021: calls $0.60
*** TURN *** [Ts Jd 5c] [2s]
Mahu2021: checks 
AJKJ67: bets $0.88
Mahu2021: calls $0.88
*** RIVER *** [Ts Jd 5c 2s] [Th]
Mahu2021: checks 
AJKJ67: checks 
*** SHOW DOWN ***
Mahu2021: shows [Kc As] (a pair of Tens)
AJKJ67: shows [5h Ah] (two pair, Tens and Fives)
AJKJ67 collected $3.43 from pot
*** SUMMARY ***
Total pot $3.59 | Rake $0.16 
Board [Ts Jd 5c 2s Th]
Seat 1: AJKJ67 (button) showed [5h Ah] and won ($3.43) with two pair, Tens and Fives
Seat 2: D.shadoww (small blind) folded before Flop
Seat 3: andreuler (big blind) folded before Flop
Seat 4: Mahu2021 showed [Kc As] and lost with a pair of Tens
Seat 5: mesterpetring folded before Flop (didn't bet)
Seat 6: moriyan24 folded before Flop (didn't bet)



PokerStars Zoom Hand #254550010578:  Hold'em No Limit ($0.05/$0.10) - 2025/01/25 20:41:13 CET [2025/01/25 14:41:13 ET]
Table 'Aludra' 6-max Seat #1 is the button
Seat 1: andreuler ($14.11 in chips) 
Seat 2: Baratrum777 ($10.11 in chips) 
Seat 3: Mahu2021 ($7.92 in chips) 
Seat 4: maciejass83 ($18.65 in chips) 
Seat 5: maromarco ($9.74 in chips) 
Seat 6: Matzet1ka ($11.71 in chips) 
Baratrum777: posts small blind $0.05
Mahu2021: posts big blind $0.10
*** HOLE CARDS ***
Dealt to Mahu2021 [3h 3s]
maciejass83: raises $0.20 to $0.30
maromarco: folds 
Matzet1ka: folds 
andreuler: folds 
Baratrum777: folds 
Mahu2021: calls $0.20
*** FLOP *** [Ah 3c 5c]
Mahu2021: checks 
maciejass83: bets $0.50
Mahu2021: raises $7.12 to $7.62 and is all-in
maciejass83: calls $7.12
*** TURN *** [Ah 3c 5c] [Tc]
*** RIVER *** [Ah 3c 5c Tc] [Ac]
*** SHOW DOWN ***
Mahu2021: shows [3h 3s] (a full house, Threes full of Aces)
maciejass83: shows [Ad Ts] (a full house, Aces full of Tens)
maciejass83 collected $15.17 from pot
Mahu2021 cashed out the hand for $14.46 | Cash Out Fee $0.30
*** SUMMARY ***
Total pot $15.89 | Rake $0.72 
Board [Ah 3c 5c Tc Ac]
Seat 1: andreuler (button) folded before Flop (didn't bet)
Seat 2: Baratrum777 (small blind) folded before Flop
Seat 3: Mahu2021 (big blind) showed [3h 3s] and lost with a full house, Threes full of Aces (cashed out).
Seat 4: maciejass83 showed [Ad Ts] and won ($15.17) with a full house, Aces full of Tens
Seat 5: maromarco folded before Flop (didn't bet)
Seat 6: Matzet1ka folded before Flop (didn't bet)



