PokerStars Hand #245603662053: Tournament #3636461412, $0.92+$0.08 USD Hold'em No Limit - Level I (10/20) - 2023/08/26 17:27:57 CET [2023/08/26 11:27:57 ET]
Table '3636461412 1' 3-max Seat #1 is the button
Seat 1: DrLightman96 (500 in chips) 
Seat 2: Mahu2021 (500 in chips) 
Seat 3: javarama1 (500 in chips) 
Mahu2021: posts small blind 10
javarama1: posts big blind 20
*** HOLE CARDS ***
Dealt to Mahu2021 [9s 5h]
DrLightman96: raises 40 to 60
Mahu2021: folds 
javarama1: folds 
Uncalled bet (40) returned to DrLightman96
DrLightman96 collected 50 from pot
DrLightman96: doesn't show hand 
*** SUMMARY ***
Total pot 50 | Rake 0 
Seat 1: DrLightman96 (button) collected (50)
Seat 2: Mahu2021 (small blind) folded before Flop
Seat 3: javarama1 (big blind) folded before Flop



PokerStars Hand #245603664377: Tournament #3636461412, $0.92+$0.08 USD Hold'em No Limit - Level I (10/20) - 2023/08/26 17:28:06 CET [2023/08/26 11:28:06 ET]
Table '3636461412 1' 3-max Seat #2 is the button
Seat 1: DrLightman96 (530 in chips) 
Seat 2: Mahu2021 (490 in chips) 
Seat 3: javarama1 (480 in chips) 
javarama1: posts small blind 10
DrLightman96: posts big blind 20
*** HOLE CARDS ***
Dealt to Mahu2021 [Ad Th]
Mahu2021: raises 20 to 40
javarama1: folds 
DrLightman96: raises 490 to 530 and is all-in
Mahu2021: calls 450 and is all-in
Uncalled bet (40) returned to DrLightman96
*** FLOP *** [Kh 8d Ts]
*** TURN *** [Kh 8d Ts] [7d]
*** RIVER *** [Kh 8d Ts 7d] [Kc]
*** SHOW DOWN ***
DrLightman96: shows [7s 7c] (a full house, Sevens full of Kings)
Mahu2021: shows [Ad Th] (two pair, Kings and Tens)
DrLightman96 collected 990 from pot
Mahu2021 finished the tournament in 3rd place
*** SUMMARY ***
Total pot 990 | Rake 0 
Board [Kh 8d Ts 7d Kc]
Seat 1: DrLightman96 (big blind) showed [7s 7c] and won (990) with a full house, Sevens full of Kings
Seat 2: Mahu2021 (button) showed [Ad Th] and lost with two pair, Kings and Tens
Seat 3: javarama1 (small blind) folded before Flop



