PokerStars Hand #242941531598: Tournament #3573565704, $0.92+$0.08 USD Hold'em No Limit - Level I (10/20) - 2023/04/07 16:04:47 CET [2023/04/07 10:04:47 ET]
Table '3573565704 1' 3-max Seat #1 is the button
Seat 1: Mahu2021 (500 in chips) 
Seat 2: streitkina (500 in chips) 
Seat 3: CristinaEnka (500 in chips) 
streitkina: posts small blind 10
CristinaEnka: posts big blind 20
*** HOLE CARDS ***
Dealt to Mahu2021 [3h 5s]
Mahu2021: folds 
streitkina: calls 10
CristinaEnka: checks 
*** FLOP *** [8s 3d Jc]
streitkina: checks 
CristinaEnka: bets 20
streitkina: folds 
Uncalled bet (20) returned to CristinaEnka
CristinaEnka collected 40 from pot
*** SUMMARY ***
Total pot 40 | Rake 0 
Board [8s 3d Jc]
Seat 1: Mahu2021 (button) folded before Flop (didn't bet)
Seat 2: streitkina (small blind) folded on the Flop
Seat 3: CristinaEnka (big blind) collected (40)



PokerStars Hand #242941534857: Tournament #3573565704, $0.92+$0.08 USD Hold'em No Limit - Level I (10/20) - 2023/04/07 16:05:00 CET [2023/04/07 10:05:00 ET]
Table '3573565704 1' 3-max Seat #2 is the button
Seat 1: Mahu2021 (500 in chips) 
Seat 2: streitkina (480 in chips) 
Seat 3: CristinaEnka (520 in chips) 
CristinaEnka: posts small blind 10
Mahu2021: posts big blind 20
*** HOLE CARDS ***
Dealt to Mahu2021 [5c Tc]
streitkina: calls 20
CristinaEnka: calls 10
Mahu2021: checks 
*** FLOP *** [5s Ac 2c]
CristinaEnka: checks 
Mahu2021: bets 60
streitkina: folds 
CristinaEnka: folds 
Uncalled bet (60) returned to Mahu2021
Mahu2021 collected 60 from pot
Mahu2021: doesn't show hand 
*** SUMMARY ***
Total pot 60 | Rake 0 
Board [5s Ac 2c]
Seat 1: Mahu2021 (big blind) collected (60)
Seat 2: streitkina (button) folded on the Flop
Seat 3: CristinaEnka (small blind) folded on the Flop



PokerStars Hand #242941541012: Tournament #3573565704, $0.92+$0.08 USD Hold'em No Limit - Level I (10/20) - 2023/04/07 16:05:22 CET [2023/04/07 10:05:22 ET]
Table '3573565704 1' 3-max Seat #3 is the button
Seat 1: Mahu2021 (540 in chips) 
Seat 2: streitkina (460 in chips) 
Seat 3: CristinaEnka (500 in chips) 
Mahu2021: posts small blind 10
streitkina: posts big blind 20
*** HOLE CARDS ***
Dealt to Mahu2021 [8d Td]
CristinaEnka: calls 20
Mahu2021: calls 10
streitkina: checks 
*** FLOP *** [Ad Jh 9h]
Mahu2021: checks 
streitkina: checks 
CristinaEnka: checks 
*** TURN *** [Ad Jh 9h] [5s]
Mahu2021: checks 
streitkina: checks 
CristinaEnka: bets 20
Mahu2021: calls 20
streitkina: folds 
*** RIVER *** [Ad Jh 9h 5s] [Ts]
Mahu2021: checks 
CristinaEnka: bets 20
Mahu2021: calls 20
*** SHOW DOWN ***
CristinaEnka: shows [Qd Jc] (a pair of Jacks)
Mahu2021: mucks hand 
CristinaEnka collected 140 from pot
*** SUMMARY ***
Total pot 140 | Rake 0 
Board [Ad Jh 9h 5s Ts]
Seat 1: Mahu2021 (small blind) mucked [8d Td]
Seat 2: streitkina (big blind) folded on the Turn
Seat 3: CristinaEnka (button) showed [Qd Jc] and won (140) with a pair of Jacks



PokerStars Hand #242941548948: Tournament #3573565704, $0.92+$0.08 USD Hold'em No Limit - Level I (10/20) - 2023/04/07 16:05:52 CET [2023/04/07 10:05:52 ET]
Table '3573565704 1' 3-max Seat #1 is the button
Seat 1: Mahu2021 (480 in chips) 
Seat 2: streitkina (440 in chips) 
Seat 3: CristinaEnka (580 in chips) 
streitkina: posts small blind 10
CristinaEnka: posts big blind 20
*** HOLE CARDS ***
Dealt to Mahu2021 [4c 3s]
Mahu2021: folds 
streitkina: calls 10
CristinaEnka: raises 20 to 40
streitkina: calls 20
*** FLOP *** [6h Qh Kd]
streitkina: checks 
CristinaEnka: bets 20
streitkina: folds 
Uncalled bet (20) returned to CristinaEnka
CristinaEnka collected 80 from pot
*** SUMMARY ***
Total pot 80 | Rake 0 
Board [6h Qh Kd]
Seat 1: Mahu2021 (button) folded before Flop (didn't bet)
Seat 2: streitkina (small blind) folded on the Flop
Seat 3: CristinaEnka (big blind) collected (80)



PokerStars Hand #242941552853: Tournament #3573565704, $0.92+$0.08 USD Hold'em No Limit - Level I (10/20) - 2023/04/07 16:06:07 CET [2023/04/07 10:06:07 ET]
Table '3573565704 1' 3-max Seat #2 is the button
Seat 1: Mahu2021 (480 in chips) 
Seat 2: streitkina (400 in chips) 
Seat 3: CristinaEnka (620 in chips) 
CristinaEnka: posts small blind 10
Mahu2021: posts big blind 20
*** HOLE CARDS ***
Dealt to Mahu2021 [Kh 6d]
streitkina: folds 
CristinaEnka: calls 10
Mahu2021: checks 
*** FLOP *** [Ts 6h 5d]
CristinaEnka: checks 
Mahu2021: bets 40
CristinaEnka: folds 
Uncalled bet (40) returned to Mahu2021
Mahu2021 collected 40 from pot
Mahu2021: doesn't show hand 
*** SUMMARY ***
Total pot 40 | Rake 0 
Board [Ts 6h 5d]
Seat 1: Mahu2021 (big blind) collected (40)
Seat 2: streitkina (button) folded before Flop (didn't bet)
Seat 3: CristinaEnka (small blind) folded on the Flop



PokerStars Hand #242941558389: Tournament #3573565704, $0.92+$0.08 USD Hold'em No Limit - Level I (10/20) - 2023/04/07 16:06:28 CET [2023/04/07 10:06:28 ET]
Table '3573565704 1' 3-max Seat #3 is the button
Seat 1: Mahu2021 (500 in chips) 
Seat 2: streitkina (400 in chips) 
Seat 3: CristinaEnka (600 in chips) 
Mahu2021: posts small blind 10
streitkina: posts big blind 20
*** HOLE CARDS ***
Dealt to Mahu2021 [Jd 3h]
CristinaEnka: calls 20
Mahu2021: calls 10
streitkina: checks 
*** FLOP *** [Ad Td 5h]
Mahu2021: checks 
streitkina: checks 
CristinaEnka: bets 20
Mahu2021: folds 
streitkina: folds 
Uncalled bet (20) returned to CristinaEnka
CristinaEnka collected 60 from pot
*** SUMMARY ***
Total pot 60 | Rake 0 
Board [Ad Td 5h]
Seat 1: Mahu2021 (small blind) folded on the Flop
Seat 2: streitkina (big blind) folded on the Flop
Seat 3: CristinaEnka (button) collected (60)



PokerStars Hand #242941562957: Tournament #3573565704, $0.92+$0.08 USD Hold'em No Limit - Level I (10/20) - 2023/04/07 16:06:46 CET [2023/04/07 10:06:46 ET]
Table '3573565704 1' 3-max Seat #1 is the button
Seat 1: Mahu2021 (480 in chips) 
Seat 2: streitkina (380 in chips) 
Seat 3: CristinaEnka (640 in chips) 
streitkina: posts small blind 10
CristinaEnka: posts big blind 20
*** HOLE CARDS ***
Dealt to Mahu2021 [Jc Qd]
Mahu2021: raises 20 to 40
streitkina: folds 
CristinaEnka: calls 20
*** FLOP *** [8d 8h 3c]
CristinaEnka: checks 
Mahu2021: checks 
*** TURN *** [8d 8h 3c] [Ac]
CristinaEnka: checks 
Mahu2021: checks 
*** RIVER *** [8d 8h 3c Ac] [4h]
CristinaEnka: bets 40
Mahu2021: folds 
Uncalled bet (40) returned to CristinaEnka
CristinaEnka collected 90 from pot
*** SUMMARY ***
Total pot 90 | Rake 0 
Board [8d 8h 3c Ac 4h]
Seat 1: Mahu2021 (button) folded on the River
Seat 2: streitkina (small blind) folded before Flop
Seat 3: CristinaEnka (big blind) collected (90)



PokerStars Hand #242941568998: Tournament #3573565704, $0.92+$0.08 USD Hold'em No Limit - Level I (10/20) - 2023/04/07 16:07:09 CET [2023/04/07 10:07:09 ET]
Table '3573565704 1' 3-max Seat #2 is the button
Seat 1: Mahu2021 (440 in chips) 
Seat 2: streitkina (370 in chips) 
Seat 3: CristinaEnka (690 in chips) 
CristinaEnka: posts small blind 10
Mahu2021: posts big blind 20
*** HOLE CARDS ***
Dealt to Mahu2021 [8d 5c]
streitkina: calls 20
CristinaEnka: calls 10
Mahu2021: checks 
*** FLOP *** [Tc 7h Ac]
CristinaEnka: bets 20
Mahu2021: folds 
streitkina: folds 
Uncalled bet (20) returned to CristinaEnka
CristinaEnka collected 60 from pot
*** SUMMARY ***
Total pot 60 | Rake 0 
Board [Tc 7h Ac]
Seat 1: Mahu2021 (big blind) folded on the Flop
Seat 2: streitkina (button) folded on the Flop
Seat 3: CristinaEnka (small blind) collected (60)



PokerStars Hand #242941572384: Tournament #3573565704, $0.92+$0.08 USD Hold'em No Limit - Level I (10/20) - 2023/04/07 16:07:22 CET [2023/04/07 10:07:22 ET]
Table '3573565704 1' 3-max Seat #3 is the button
Seat 1: Mahu2021 (420 in chips) 
Seat 2: streitkina (350 in chips) 
Seat 3: CristinaEnka (730 in chips) 
Mahu2021: posts small blind 10
streitkina: posts big blind 20
*** HOLE CARDS ***
Dealt to Mahu2021 [Qs Td]
CristinaEnka: raises 40 to 60
Mahu2021: calls 50
streitkina: calls 40
*** FLOP *** [3d Th 2d]
Mahu2021: bets 360 and is all-in
streitkina: folds 
CristinaEnka: calls 360
*** TURN *** [3d Th 2d] [3h]
*** RIVER *** [3d Th 2d 3h] [Kh]
*** SHOW DOWN ***
Mahu2021: shows [Qs Td] (two pair, Tens and Threes)
CristinaEnka: shows [Ad As] (two pair, Aces and Threes)
CristinaEnka collected 900 from pot
Mahu2021 finished the tournament in 3rd place
*** SUMMARY ***
Total pot 900 | Rake 0 
Board [3d Th 2d 3h Kh]
Seat 1: Mahu2021 (small blind) showed [Qs Td] and lost with two pair, Tens and Threes
Seat 2: streitkina (big blind) folded on the Flop
Seat 3: CristinaEnka (button) showed [Ad As] and won (900) with two pair, Aces and Threes



