PokerStars Hand #248246440728: Tournament #3700436310, $1.84+$0.16 USD Hold'em No Limit - Level I (10/20) - 2024/01/13 15:28:05 CET [2024/01/13 9:28:05 ET]
Table '3700436310 1' 3-max Seat #1 is the button
Seat 1: ursu1anr (500 in chips) 
Seat 2: Mahu2021 (500 in chips) 
Seat 3: VVFreedom (500 in chips) 
Mahu2021: posts small blind 10
VVFreedom: posts big blind 20
*** HOLE CARDS ***
Dealt to Mahu2021 [4d 3s]
ursu1anr: folds 
Mahu2021: calls 10
VVFreedom: raises 60 to 80
Mahu2021: folds 
Uncalled bet (60) returned to VVFreedom
VVFreedom collected 40 from pot
VVFreedom: doesn't show hand 
*** SUMMARY ***
Total pot 40 | Rake 0 
Seat 1: ursu1anr (button) folded before Flop (didn't bet)
Seat 2: Mahu2021 (small blind) folded before Flop
Seat 3: VVFreedom (big blind) collected (40)



PokerStars Hand #248246443250: Tournament #3700436310, $1.84+$0.16 USD Hold'em No Limit - Level I (10/20) - 2024/01/13 15:28:15 CET [2024/01/13 9:28:15 ET]
Table '3700436310 1' 3-max Seat #2 is the button
Seat 1: ursu1anr (500 in chips) 
Seat 2: Mahu2021 (480 in chips) 
Seat 3: VVFreedom (520 in chips) 
VVFreedom: posts small blind 10
ursu1anr: posts big blind 20
*** HOLE CARDS ***
Dealt to Mahu2021 [6s 5c]
Mahu2021: folds 
VVFreedom: calls 10
ursu1anr: checks 
*** FLOP *** [4c 5h 7s]
VVFreedom: bets 80
ursu1anr: calls 80
*** TURN *** [4c 5h 7s] [4h]
VVFreedom: bets 80
ursu1anr: calls 80
*** RIVER *** [4c 5h 7s 4h] [Jh]
VVFreedom: bets 120
ursu1anr: folds 
Uncalled bet (120) returned to VVFreedom
VVFreedom collected 360 from pot
VVFreedom: doesn't show hand 
*** SUMMARY ***
Total pot 360 | Rake 0 
Board [4c 5h 7s 4h Jh]
Seat 1: ursu1anr (big blind) folded on the River
Seat 2: Mahu2021 (button) folded before Flop (didn't bet)
Seat 3: VVFreedom (small blind) collected (360)



PokerStars Hand #248246449920: Tournament #3700436310, $1.84+$0.16 USD Hold'em No Limit - Level I (10/20) - 2024/01/13 15:28:42 CET [2024/01/13 9:28:42 ET]
Table '3700436310 1' 3-max Seat #3 is the button
Seat 1: ursu1anr (320 in chips) 
Seat 2: Mahu2021 (480 in chips) 
Seat 3: VVFreedom (700 in chips) 
ursu1anr: posts small blind 10
Mahu2021: posts big blind 20
*** HOLE CARDS ***
Dealt to Mahu2021 [Kc 5d]
VVFreedom: raises 40 to 60
ursu1anr: calls 50
Mahu2021: folds 
*** FLOP *** [5c Td Ts]
ursu1anr: checks 
VVFreedom: bets 60
ursu1anr: folds 
Uncalled bet (60) returned to VVFreedom
VVFreedom collected 140 from pot
VVFreedom: doesn't show hand 
*** SUMMARY ***
Total pot 140 | Rake 0 
Board [5c Td Ts]
Seat 1: ursu1anr (small blind) folded on the Flop
Seat 2: Mahu2021 (big blind) folded before Flop
Seat 3: VVFreedom (button) collected (140)



PokerStars Hand #248246454565: Tournament #3700436310, $1.84+$0.16 USD Hold'em No Limit - Level I (10/20) - 2024/01/13 15:29:01 CET [2024/01/13 9:29:01 ET]
Table '3700436310 1' 3-max Seat #1 is the button
Seat 1: ursu1anr (260 in chips) 
Seat 2: Mahu2021 (460 in chips) 
Seat 3: VVFreedom (780 in chips) 
Mahu2021: posts small blind 10
VVFreedom: posts big blind 20
*** HOLE CARDS ***
Dealt to Mahu2021 [3c Ts]
ursu1anr: folds 
Mahu2021: folds 
Uncalled bet (10) returned to VVFreedom
VVFreedom collected 20 from pot
VVFreedom: doesn't show hand 
*** SUMMARY ***
Total pot 20 | Rake 0 
Seat 1: ursu1anr (button) folded before Flop (didn't bet)
Seat 2: Mahu2021 (small blind) folded before Flop
Seat 3: VVFreedom (big blind) collected (20)



PokerStars Hand #248246455796: Tournament #3700436310, $1.84+$0.16 USD Hold'em No Limit - Level I (10/20) - 2024/01/13 15:29:06 CET [2024/01/13 9:29:06 ET]
Table '3700436310 1' 3-max Seat #2 is the button
Seat 1: ursu1anr (260 in chips) 
Seat 2: Mahu2021 (450 in chips) 
Seat 3: VVFreedom (790 in chips) 
VVFreedom: posts small blind 10
ursu1anr: posts big blind 20
*** HOLE CARDS ***
Dealt to Mahu2021 [Qs Kc]
Mahu2021: raises 40 to 60
VVFreedom: calls 50
ursu1anr: calls 40
*** FLOP *** [3c Qh Kd]
VVFreedom: bets 60
ursu1anr: calls 60
Mahu2021: raises 330 to 390 and is all-in
VVFreedom: calls 330
ursu1anr: calls 140 and is all-in
*** TURN *** [3c Qh Kd] [2d]
*** RIVER *** [3c Qh Kd 2d] [3d]
*** SHOW DOWN ***
VVFreedom: shows [8c Kh] (two pair, Kings and Threes)
Mahu2021: shows [Qs Kc] (two pair, Kings and Queens)
Mahu2021 collected 380 from side pot
ursu1anr: shows [Jh Ks] (two pair, Kings and Threes)
Mahu2021 collected 780 from main pot
ursu1anr finished the tournament in 3rd place
*** SUMMARY ***
Total pot 1160 Main pot 780. Side pot 380. | Rake 0 
Board [3c Qh Kd 2d 3d]
Seat 1: ursu1anr (big blind) showed [Jh Ks] and lost with two pair, Kings and Threes
Seat 2: Mahu2021 (button) showed [Qs Kc] and won (1160) with two pair, Kings and Queens
Seat 3: VVFreedom (small blind) showed [8c Kh] and lost with two pair, Kings and Threes



PokerStars Hand #248246463322: Tournament #3700436310, $1.84+$0.16 USD Hold'em No Limit - Level I (10/20) - 2024/01/13 15:29:36 CET [2024/01/13 9:29:36 ET]
Table '3700436310 1' 3-max Seat #3 is the button
Seat 2: Mahu2021 (1160 in chips) 
Seat 3: VVFreedom (340 in chips) 
VVFreedom: posts small blind 10
Mahu2021: posts big blind 20
*** HOLE CARDS ***
Dealt to Mahu2021 [6h Js]
VVFreedom: raises 20 to 40
Mahu2021: calls 20
*** FLOP *** [3c 9s 4s]
Mahu2021: checks 
VVFreedom: bets 80
Mahu2021: folds 
Uncalled bet (80) returned to VVFreedom
VVFreedom collected 80 from pot
VVFreedom: doesn't show hand 
*** SUMMARY ***
Total pot 80 | Rake 0 
Board [3c 9s 4s]
Seat 2: Mahu2021 (big blind) folded on the Flop
Seat 3: VVFreedom (button) (small blind) collected (80)



PokerStars Hand #248246466622: Tournament #3700436310, $1.84+$0.16 USD Hold'em No Limit - Level I (10/20) - 2024/01/13 15:29:49 CET [2024/01/13 9:29:49 ET]
Table '3700436310 1' 3-max Seat #2 is the button
Seat 2: Mahu2021 (1120 in chips) 
Seat 3: VVFreedom (380 in chips) 
Mahu2021: posts small blind 10
VVFreedom: posts big blind 20
*** HOLE CARDS ***
Dealt to Mahu2021 [3s Qd]
Mahu2021: folds 
Uncalled bet (10) returned to VVFreedom
VVFreedom collected 20 from pot
VVFreedom: doesn't show hand 
*** SUMMARY ***
Total pot 20 | Rake 0 
Seat 2: Mahu2021 (button) (small blind) folded before Flop
Seat 3: VVFreedom (big blind) collected (20)



PokerStars Hand #248246467754: Tournament #3700436310, $1.84+$0.16 USD Hold'em No Limit - Level I (10/20) - 2024/01/13 15:29:54 CET [2024/01/13 9:29:54 ET]
Table '3700436310 1' 3-max Seat #3 is the button
Seat 2: Mahu2021 (1110 in chips) 
Seat 3: VVFreedom (390 in chips) 
VVFreedom: posts small blind 10
Mahu2021: posts big blind 20
*** HOLE CARDS ***
Dealt to Mahu2021 [Ts 4c]
VVFreedom: raises 20 to 40
Mahu2021: folds 
Uncalled bet (20) returned to VVFreedom
VVFreedom collected 40 from pot
VVFreedom: doesn't show hand 
*** SUMMARY ***
Total pot 40 | Rake 0 
Seat 2: Mahu2021 (big blind) folded before Flop
Seat 3: VVFreedom (button) (small blind) collected (40)



PokerStars Hand #248246469721: Tournament #3700436310, $1.84+$0.16 USD Hold'em No Limit - Level I (10/20) - 2024/01/13 15:30:02 CET [2024/01/13 9:30:02 ET]
Table '3700436310 1' 3-max Seat #2 is the button
Seat 2: Mahu2021 (1090 in chips) 
Seat 3: VVFreedom (410 in chips) 
Mahu2021: posts small blind 10
VVFreedom: posts big blind 20
*** HOLE CARDS ***
Dealt to Mahu2021 [Jh 8h]
Mahu2021: raises 40 to 60
VVFreedom: folds 
Uncalled bet (40) returned to Mahu2021
Mahu2021 collected 40 from pot
Mahu2021: doesn't show hand 
*** SUMMARY ***
Total pot 40 | Rake 0 
Seat 2: Mahu2021 (button) (small blind) collected (40)
Seat 3: VVFreedom (big blind) folded before Flop



PokerStars Hand #248246471711: Tournament #3700436310, $1.84+$0.16 USD Hold'em No Limit - Level I (10/20) - 2024/01/13 15:30:09 CET [2024/01/13 9:30:09 ET]
Table '3700436310 1' 3-max Seat #3 is the button
Seat 2: Mahu2021 (1110 in chips) 
Seat 3: VVFreedom (390 in chips) 
VVFreedom: posts small blind 10
Mahu2021: posts big blind 20
*** HOLE CARDS ***
Dealt to Mahu2021 [6c 3h]
VVFreedom: folds 
Uncalled bet (10) returned to Mahu2021
Mahu2021 collected 20 from pot
Mahu2021: doesn't show hand 
*** SUMMARY ***
Total pot 20 | Rake 0 
Seat 2: Mahu2021 (big blind) collected (20)
Seat 3: VVFreedom (button) (small blind) folded before Flop



PokerStars Hand #248246474105: Tournament #3700436310, $1.84+$0.16 USD Hold'em No Limit - Level I (10/20) - 2024/01/13 15:30:18 CET [2024/01/13 9:30:18 ET]
Table '3700436310 1' 3-max Seat #2 is the button
Seat 2: Mahu2021 (1120 in chips) 
Seat 3: VVFreedom (380 in chips) 
Mahu2021: posts small blind 10
VVFreedom: posts big blind 20
*** HOLE CARDS ***
Dealt to Mahu2021 [2d 3s]
Mahu2021: folds 
Uncalled bet (10) returned to VVFreedom
VVFreedom collected 20 from pot
VVFreedom: doesn't show hand 
*** SUMMARY ***
Total pot 20 | Rake 0 
Seat 2: Mahu2021 (button) (small blind) folded before Flop
Seat 3: VVFreedom (big blind) collected (20)



PokerStars Hand #248246475258: Tournament #3700436310, $1.84+$0.16 USD Hold'em No Limit - Level I (10/20) - 2024/01/13 15:30:23 CET [2024/01/13 9:30:23 ET]
Table '3700436310 1' 3-max Seat #3 is the button
Seat 2: Mahu2021 (1110 in chips) 
Seat 3: VVFreedom (390 in chips) 
VVFreedom: posts small blind 10
Mahu2021: posts big blind 20
*** HOLE CARDS ***
Dealt to Mahu2021 [2d As]
VVFreedom: raises 20 to 40
Mahu2021: raises 1070 to 1110 and is all-in
VVFreedom: folds 
Uncalled bet (1070) returned to Mahu2021
Mahu2021 collected 80 from pot
Mahu2021: doesn't show hand 
*** SUMMARY ***
Total pot 80 | Rake 0 
Seat 2: Mahu2021 (big blind) collected (80)
Seat 3: VVFreedom (button) (small blind) folded before Flop



PokerStars Hand #248246477890: Tournament #3700436310, $1.84+$0.16 USD Hold'em No Limit - Level I (10/20) - 2024/01/13 15:30:33 CET [2024/01/13 9:30:33 ET]
Table '3700436310 1' 3-max Seat #2 is the button
Seat 2: Mahu2021 (1150 in chips) 
Seat 3: VVFreedom (350 in chips) 
Mahu2021: posts small blind 10
VVFreedom: posts big blind 20
*** HOLE CARDS ***
Dealt to Mahu2021 [5c Qs]
Mahu2021: folds 
Uncalled bet (10) returned to VVFreedom
VVFreedom collected 20 from pot
VVFreedom: doesn't show hand 
*** SUMMARY ***
Total pot 20 | Rake 0 
Seat 2: Mahu2021 (button) (small blind) folded before Flop
Seat 3: VVFreedom (big blind) collected (20)



PokerStars Hand #248246479079: Tournament #3700436310, $1.84+$0.16 USD Hold'em No Limit - Level I (10/20) - 2024/01/13 15:30:38 CET [2024/01/13 9:30:38 ET]
Table '3700436310 1' 3-max Seat #3 is the button
Seat 2: Mahu2021 (1140 in chips) 
Seat 3: VVFreedom (360 in chips) 
VVFreedom: posts small blind 10
Mahu2021: posts big blind 20
*** HOLE CARDS ***
Dealt to Mahu2021 [Kh 2s]
VVFreedom: raises 60 to 80
Mahu2021: folds 
Uncalled bet (60) returned to VVFreedom
VVFreedom collected 40 from pot
VVFreedom: doesn't show hand 
*** SUMMARY ***
Total pot 40 | Rake 0 
Seat 2: Mahu2021 (big blind) folded before Flop
Seat 3: VVFreedom (button) (small blind) collected (40)



PokerStars Hand #248246481796: Tournament #3700436310, $1.84+$0.16 USD Hold'em No Limit - Level I (10/20) - 2024/01/13 15:30:49 CET [2024/01/13 9:30:49 ET]
Table '3700436310 1' 3-max Seat #2 is the button
Seat 2: Mahu2021 (1120 in chips) 
Seat 3: VVFreedom (380 in chips) 
Mahu2021: posts small blind 10
VVFreedom: posts big blind 20
*** HOLE CARDS ***
Dealt to Mahu2021 [4c 8c]
Mahu2021: folds 
Uncalled bet (10) returned to VVFreedom
VVFreedom collected 20 from pot
VVFreedom: doesn't show hand 
*** SUMMARY ***
Total pot 20 | Rake 0 
Seat 2: Mahu2021 (button) (small blind) folded before Flop
Seat 3: VVFreedom (big blind) collected (20)



PokerStars Hand #248246482990: Tournament #3700436310, $1.84+$0.16 USD Hold'em No Limit - Level I (10/20) - 2024/01/13 15:30:53 CET [2024/01/13 9:30:53 ET]
Table '3700436310 1' 3-max Seat #3 is the button
Seat 2: Mahu2021 (1110 in chips) 
Seat 3: VVFreedom (390 in chips) 
VVFreedom: posts small blind 10
Mahu2021: posts big blind 20
*** HOLE CARDS ***
Dealt to Mahu2021 [8h Qs]
VVFreedom: calls 10
Mahu2021: checks 
*** FLOP *** [Ah 9d Kh]
Mahu2021: checks 
VVFreedom: bets 60
Mahu2021: folds 
Uncalled bet (60) returned to VVFreedom
VVFreedom collected 40 from pot
VVFreedom: doesn't show hand 
*** SUMMARY ***
Total pot 40 | Rake 0 
Board [Ah 9d Kh]
Seat 2: Mahu2021 (big blind) folded on the Flop
Seat 3: VVFreedom (button) (small blind) collected (40)



PokerStars Hand #248246487539: Tournament #3700436310, $1.84+$0.16 USD Hold'em No Limit - Level II (15/30) - 2024/01/13 15:31:11 CET [2024/01/13 9:31:11 ET]
Table '3700436310 1' 3-max Seat #2 is the button
Seat 2: Mahu2021 (1090 in chips) 
Seat 3: VVFreedom (410 in chips) 
Mahu2021: posts small blind 15
VVFreedom: posts big blind 30
*** HOLE CARDS ***
Dealt to Mahu2021 [5c 2h]
Mahu2021: folds 
Uncalled bet (15) returned to VVFreedom
VVFreedom collected 30 from pot
VVFreedom: doesn't show hand 
*** SUMMARY ***
Total pot 30 | Rake 0 
Seat 2: Mahu2021 (button) (small blind) folded before Flop
Seat 3: VVFreedom (big blind) collected (30)



PokerStars Hand #248246488705: Tournament #3700436310, $1.84+$0.16 USD Hold'em No Limit - Level II (15/30) - 2024/01/13 15:31:15 CET [2024/01/13 9:31:15 ET]
Table '3700436310 1' 3-max Seat #3 is the button
Seat 2: Mahu2021 (1075 in chips) 
Seat 3: VVFreedom (425 in chips) 
VVFreedom: posts small blind 15
Mahu2021: posts big blind 30
*** HOLE CARDS ***
Dealt to Mahu2021 [Kd 4h]
VVFreedom: folds 
Uncalled bet (15) returned to Mahu2021
Mahu2021 collected 30 from pot
Mahu2021: doesn't show hand 
*** SUMMARY ***
Total pot 30 | Rake 0 
Seat 2: Mahu2021 (big blind) collected (30)
Seat 3: VVFreedom (button) (small blind) folded before Flop



PokerStars Hand #248246490624: Tournament #3700436310, $1.84+$0.16 USD Hold'em No Limit - Level II (15/30) - 2024/01/13 15:31:23 CET [2024/01/13 9:31:23 ET]
Table '3700436310 1' 3-max Seat #2 is the button
Seat 2: Mahu2021 (1090 in chips) 
Seat 3: VVFreedom (410 in chips) 
Mahu2021: posts small blind 15
VVFreedom: posts big blind 30
*** HOLE CARDS ***
Dealt to Mahu2021 [Ah Kh]
Mahu2021: calls 15
VVFreedom: checks 
*** FLOP *** [9s 2s 5c]
VVFreedom: bets 60
Mahu2021: folds 
Uncalled bet (60) returned to VVFreedom
VVFreedom collected 60 from pot
VVFreedom: doesn't show hand 
*** SUMMARY ***
Total pot 60 | Rake 0 
Board [9s 2s 5c]
Seat 2: Mahu2021 (button) (small blind) folded on the Flop
Seat 3: VVFreedom (big blind) collected (60)



PokerStars Hand #248246493611: Tournament #3700436310, $1.84+$0.16 USD Hold'em No Limit - Level II (15/30) - 2024/01/13 15:31:35 CET [2024/01/13 9:31:35 ET]
Table '3700436310 1' 3-max Seat #3 is the button
Seat 2: Mahu2021 (1060 in chips) 
Seat 3: VVFreedom (440 in chips) 
VVFreedom: posts small blind 15
Mahu2021: posts big blind 30
*** HOLE CARDS ***
Dealt to Mahu2021 [7h 8c]
VVFreedom: folds 
Uncalled bet (15) returned to Mahu2021
Mahu2021 collected 30 from pot
Mahu2021: doesn't show hand 
*** SUMMARY ***
Total pot 30 | Rake 0 
Seat 2: Mahu2021 (big blind) collected (30)
Seat 3: VVFreedom (button) (small blind) folded before Flop



PokerStars Hand #248246494829: Tournament #3700436310, $1.84+$0.16 USD Hold'em No Limit - Level II (15/30) - 2024/01/13 15:31:40 CET [2024/01/13 9:31:40 ET]
Table '3700436310 1' 3-max Seat #2 is the button
Seat 2: Mahu2021 (1075 in chips) 
Seat 3: VVFreedom (425 in chips) 
Mahu2021: posts small blind 15
VVFreedom: posts big blind 30
*** HOLE CARDS ***
Dealt to Mahu2021 [5h Qs]
Mahu2021: folds 
Uncalled bet (15) returned to VVFreedom
VVFreedom collected 30 from pot
VVFreedom: doesn't show hand 
*** SUMMARY ***
Total pot 30 | Rake 0 
Seat 2: Mahu2021 (button) (small blind) folded before Flop
Seat 3: VVFreedom (big blind) collected (30)



PokerStars Hand #248246495990: Tournament #3700436310, $1.84+$0.16 USD Hold'em No Limit - Level II (15/30) - 2024/01/13 15:31:45 CET [2024/01/13 9:31:45 ET]
Table '3700436310 1' 3-max Seat #3 is the button
Seat 2: Mahu2021 (1060 in chips) 
Seat 3: VVFreedom (440 in chips) 
VVFreedom: posts small blind 15
Mahu2021: posts big blind 30
*** HOLE CARDS ***
Dealt to Mahu2021 [Jc 6d]
VVFreedom: raises 30 to 60
Mahu2021: calls 30
*** FLOP *** [9s 9d 9h]
Mahu2021: checks 
VVFreedom: bets 90
Mahu2021: folds 
Uncalled bet (90) returned to VVFreedom
VVFreedom collected 120 from pot
VVFreedom: doesn't show hand 
*** SUMMARY ***
Total pot 120 | Rake 0 
Board [9s 9d 9h]
Seat 2: Mahu2021 (big blind) folded on the Flop
Seat 3: VVFreedom (button) (small blind) collected (120)



PokerStars Hand #248246499160: Tournament #3700436310, $1.84+$0.16 USD Hold'em No Limit - Level II (15/30) - 2024/01/13 15:31:57 CET [2024/01/13 9:31:57 ET]
Table '3700436310 1' 3-max Seat #2 is the button
Seat 2: Mahu2021 (1000 in chips) 
Seat 3: VVFreedom (500 in chips) 
Mahu2021: posts small blind 15
VVFreedom: posts big blind 30
*** HOLE CARDS ***
Dealt to Mahu2021 [2h 3c]
Mahu2021: folds 
Uncalled bet (15) returned to VVFreedom
VVFreedom collected 30 from pot
VVFreedom: doesn't show hand 
*** SUMMARY ***
Total pot 30 | Rake 0 
Seat 2: Mahu2021 (button) (small blind) folded before Flop
Seat 3: VVFreedom (big blind) collected (30)



PokerStars Hand #248246500330: Tournament #3700436310, $1.84+$0.16 USD Hold'em No Limit - Level II (15/30) - 2024/01/13 15:32:01 CET [2024/01/13 9:32:01 ET]
Table '3700436310 1' 3-max Seat #3 is the button
Seat 2: Mahu2021 (985 in chips) 
Seat 3: VVFreedom (515 in chips) 
VVFreedom: posts small blind 15
Mahu2021: posts big blind 30
*** HOLE CARDS ***
Dealt to Mahu2021 [5h 9d]
VVFreedom: raises 60 to 90
Mahu2021: folds 
Uncalled bet (60) returned to VVFreedom
VVFreedom collected 60 from pot
VVFreedom: doesn't show hand 
*** SUMMARY ***
Total pot 60 | Rake 0 
Seat 2: Mahu2021 (big blind) folded before Flop
Seat 3: VVFreedom (button) (small blind) collected (60)



PokerStars Hand #248246502028: Tournament #3700436310, $1.84+$0.16 USD Hold'em No Limit - Level II (15/30) - 2024/01/13 15:32:08 CET [2024/01/13 9:32:08 ET]
Table '3700436310 1' 3-max Seat #2 is the button
Seat 2: Mahu2021 (955 in chips) 
Seat 3: VVFreedom (545 in chips) 
Mahu2021: posts small blind 15
VVFreedom: posts big blind 30
*** HOLE CARDS ***
Dealt to Mahu2021 [Kd 5h]
Mahu2021: folds 
Uncalled bet (15) returned to VVFreedom
VVFreedom collected 30 from pot
VVFreedom: doesn't show hand 
*** SUMMARY ***
Total pot 30 | Rake 0 
Seat 2: Mahu2021 (button) (small blind) folded before Flop
Seat 3: VVFreedom (big blind) collected (30)



PokerStars Hand #248246503246: Tournament #3700436310, $1.84+$0.16 USD Hold'em No Limit - Level II (15/30) - 2024/01/13 15:32:13 CET [2024/01/13 9:32:13 ET]
Table '3700436310 1' 3-max Seat #3 is the button
Seat 2: Mahu2021 (940 in chips) 
Seat 3: VVFreedom (560 in chips) 
VVFreedom: posts small blind 15
Mahu2021: posts big blind 30
*** HOLE CARDS ***
Dealt to Mahu2021 [3s 3d]
VVFreedom: raises 30 to 60
Mahu2021: raises 880 to 940 and is all-in
VVFreedom: folds 
Uncalled bet (880) returned to Mahu2021
Mahu2021 collected 120 from pot
Mahu2021: doesn't show hand 
*** SUMMARY ***
Total pot 120 | Rake 0 
Seat 2: Mahu2021 (big blind) collected (120)
Seat 3: VVFreedom (button) (small blind) folded before Flop



PokerStars Hand #248246505565: Tournament #3700436310, $1.84+$0.16 USD Hold'em No Limit - Level II (15/30) - 2024/01/13 15:32:22 CET [2024/01/13 9:32:22 ET]
Table '3700436310 1' 3-max Seat #2 is the button
Seat 2: Mahu2021 (1000 in chips) 
Seat 3: VVFreedom (500 in chips) 
Mahu2021: posts small blind 15
VVFreedom: posts big blind 30
*** HOLE CARDS ***
Dealt to Mahu2021 [Qs 3s]
Mahu2021: raises 30 to 60
VVFreedom: calls 30
*** FLOP *** [6h 9d Ks]
VVFreedom: checks 
Mahu2021: bets 90
VVFreedom: calls 90
*** TURN *** [6h 9d Ks] [Jh]
VVFreedom: checks 
Mahu2021: bets 850 and is all-in
VVFreedom: calls 350 and is all-in
Uncalled bet (500) returned to Mahu2021
*** RIVER *** [6h 9d Ks Jh] [Qc]
*** SHOW DOWN ***
VVFreedom: shows [Jd 9s] (two pair, Jacks and Nines)
Mahu2021: shows [Qs 3s] (a pair of Queens)
VVFreedom collected 1000 from pot
*** SUMMARY ***
Total pot 1000 | Rake 0 
Board [6h 9d Ks Jh Qc]
Seat 2: Mahu2021 (button) (small blind) showed [Qs 3s] and lost with a pair of Queens
Seat 3: VVFreedom (big blind) showed [Jd 9s] and won (1000) with two pair, Jacks and Nines



PokerStars Hand #248246511381: Tournament #3700436310, $1.84+$0.16 USD Hold'em No Limit - Level II (15/30) - 2024/01/13 15:32:45 CET [2024/01/13 9:32:45 ET]
Table '3700436310 1' 3-max Seat #3 is the button
Seat 2: Mahu2021 (500 in chips) 
Seat 3: VVFreedom (1000 in chips) 
VVFreedom: posts small blind 15
Mahu2021: posts big blind 30
*** HOLE CARDS ***
Dealt to Mahu2021 [2d 7s]
VVFreedom: raises 30 to 60
Mahu2021: folds 
Uncalled bet (30) returned to VVFreedom
VVFreedom collected 60 from pot
VVFreedom: doesn't show hand 
*** SUMMARY ***
Total pot 60 | Rake 0 
Seat 2: Mahu2021 (big blind) folded before Flop
Seat 3: VVFreedom (button) (small blind) collected (60)



PokerStars Hand #248246512626: Tournament #3700436310, $1.84+$0.16 USD Hold'em No Limit - Level II (15/30) - 2024/01/13 15:32:50 CET [2024/01/13 9:32:50 ET]
Table '3700436310 1' 3-max Seat #2 is the button
Seat 2: Mahu2021 (470 in chips) 
Seat 3: VVFreedom (1030 in chips) 
Mahu2021: posts small blind 15
VVFreedom: posts big blind 30
*** HOLE CARDS ***
Dealt to Mahu2021 [8c Ah]
Mahu2021: raises 30 to 60
VVFreedom: calls 30
*** FLOP *** [4c 6h Kh]
VVFreedom: bets 60
Mahu2021: folds 
Uncalled bet (60) returned to VVFreedom
VVFreedom collected 120 from pot
VVFreedom: doesn't show hand 
*** SUMMARY ***
Total pot 120 | Rake 0 
Board [4c 6h Kh]
Seat 2: Mahu2021 (button) (small blind) folded on the Flop
Seat 3: VVFreedom (big blind) collected (120)



PokerStars Hand #248246516200: Tournament #3700436310, $1.84+$0.16 USD Hold'em No Limit - Level II (15/30) - 2024/01/13 15:33:04 CET [2024/01/13 9:33:04 ET]
Table '3700436310 1' 3-max Seat #3 is the button
Seat 2: Mahu2021 (410 in chips) 
Seat 3: VVFreedom (1090 in chips) 
VVFreedom: posts small blind 15
Mahu2021: posts big blind 30
*** HOLE CARDS ***
Dealt to Mahu2021 [Js Kh]
VVFreedom: raises 30 to 60
Mahu2021: raises 350 to 410 and is all-in
VVFreedom: folds 
Uncalled bet (350) returned to Mahu2021
Mahu2021 collected 120 from pot
Mahu2021: doesn't show hand 
*** SUMMARY ***
Total pot 120 | Rake 0 
Seat 2: Mahu2021 (big blind) collected (120)
Seat 3: VVFreedom (button) (small blind) folded before Flop



PokerStars Hand #248246518751: Tournament #3700436310, $1.84+$0.16 USD Hold'em No Limit - Level II (15/30) - 2024/01/13 15:33:14 CET [2024/01/13 9:33:14 ET]
Table '3700436310 1' 3-max Seat #2 is the button
Seat 2: Mahu2021 (470 in chips) 
Seat 3: VVFreedom (1030 in chips) 
Mahu2021: posts small blind 15
VVFreedom: posts big blind 30
*** HOLE CARDS ***
Dealt to Mahu2021 [2c Ah]
Mahu2021: raises 30 to 60
VVFreedom: calls 30
*** FLOP *** [7h 2h Ac]
VVFreedom: bets 60
Mahu2021: calls 60
*** TURN *** [7h 2h Ac] [7d]
VVFreedom: checks 
Mahu2021: checks 
*** RIVER *** [7h 2h Ac 7d] [8s]
VVFreedom: bets 90
Mahu2021: calls 90
*** SHOW DOWN ***
VVFreedom: shows [6s 8d] (two pair, Eights and Sevens)
Mahu2021: shows [2c Ah] (two pair, Aces and Sevens)
Mahu2021 collected 420 from pot
*** SUMMARY ***
Total pot 420 | Rake 0 
Board [7h 2h Ac 7d 8s]
Seat 2: Mahu2021 (button) (small blind) showed [2c Ah] and won (420) with two pair, Aces and Sevens
Seat 3: VVFreedom (big blind) showed [6s 8d] and lost with two pair, Eights and Sevens



PokerStars Hand #248246524143: Tournament #3700436310, $1.84+$0.16 USD Hold'em No Limit - Level II (15/30) - 2024/01/13 15:33:35 CET [2024/01/13 9:33:35 ET]
Table '3700436310 1' 3-max Seat #3 is the button
Seat 2: Mahu2021 (680 in chips) 
Seat 3: VVFreedom (820 in chips) 
VVFreedom: posts small blind 15
Mahu2021: posts big blind 30
*** HOLE CARDS ***
Dealt to Mahu2021 [2s Kd]
VVFreedom: raises 30 to 60
Mahu2021: folds 
Uncalled bet (30) returned to VVFreedom
VVFreedom collected 60 from pot
VVFreedom: doesn't show hand 
*** SUMMARY ***
Total pot 60 | Rake 0 
Seat 2: Mahu2021 (big blind) folded before Flop
Seat 3: VVFreedom (button) (small blind) collected (60)



PokerStars Hand #248246525515: Tournament #3700436310, $1.84+$0.16 USD Hold'em No Limit - Level II (15/30) - 2024/01/13 15:33:41 CET [2024/01/13 9:33:41 ET]
Table '3700436310 1' 3-max Seat #2 is the button
Seat 2: Mahu2021 (650 in chips) 
Seat 3: VVFreedom (850 in chips) 
Mahu2021: posts small blind 15
VVFreedom: posts big blind 30
*** HOLE CARDS ***
Dealt to Mahu2021 [Ac 3h]
Mahu2021: raises 30 to 60
VVFreedom: calls 30
*** FLOP *** [6c 4h 4s]
VVFreedom: checks 
Mahu2021: bets 60
VVFreedom: calls 60
*** TURN *** [6c 4h 4s] [4d]
VVFreedom: checks 
Mahu2021: bets 530 and is all-in
VVFreedom: folds 
Uncalled bet (530) returned to Mahu2021
Mahu2021 collected 240 from pot
Mahu2021: doesn't show hand 
*** SUMMARY ***
Total pot 240 | Rake 0 
Board [6c 4h 4s 4d]
Seat 2: Mahu2021 (button) (small blind) collected (240)
Seat 3: VVFreedom (big blind) folded on the Turn



PokerStars Hand #248246530347: Tournament #3700436310, $1.84+$0.16 USD Hold'em No Limit - Level II (15/30) - 2024/01/13 15:34:00 CET [2024/01/13 9:34:00 ET]
Table '3700436310 1' 3-max Seat #3 is the button
Seat 2: Mahu2021 (770 in chips) 
Seat 3: VVFreedom (730 in chips) 
VVFreedom: posts small blind 15
Mahu2021: posts big blind 30
*** HOLE CARDS ***
Dealt to Mahu2021 [6c 7c]
VVFreedom: folds 
Uncalled bet (15) returned to Mahu2021
Mahu2021 collected 30 from pot
Mahu2021: doesn't show hand 
*** SUMMARY ***
Total pot 30 | Rake 0 
Seat 2: Mahu2021 (big blind) collected (30)
Seat 3: VVFreedom (button) (small blind) folded before Flop



PokerStars Hand #248246531773: Tournament #3700436310, $1.84+$0.16 USD Hold'em No Limit - Level II (15/30) - 2024/01/13 15:34:06 CET [2024/01/13 9:34:06 ET]
Table '3700436310 1' 3-max Seat #2 is the button
Seat 2: Mahu2021 (785 in chips) 
Seat 3: VVFreedom (715 in chips) 
Mahu2021: posts small blind 15
VVFreedom: posts big blind 30
*** HOLE CARDS ***
Dealt to Mahu2021 [5d 2s]
Mahu2021: folds 
Uncalled bet (15) returned to VVFreedom
VVFreedom collected 30 from pot
VVFreedom: doesn't show hand 
*** SUMMARY ***
Total pot 30 | Rake 0 
Seat 2: Mahu2021 (button) (small blind) folded before Flop
Seat 3: VVFreedom (big blind) collected (30)



PokerStars Hand #248246533686: Tournament #3700436310, $1.84+$0.16 USD Hold'em No Limit - Level III (20/40) - 2024/01/13 15:34:13 CET [2024/01/13 9:34:13 ET]
Table '3700436310 1' 3-max Seat #3 is the button
Seat 2: Mahu2021 (770 in chips) 
Seat 3: VVFreedom (730 in chips) 
VVFreedom: posts small blind 20
Mahu2021: posts big blind 40
*** HOLE CARDS ***
Dealt to Mahu2021 [Kd 7c]
VVFreedom: raises 40 to 80
Mahu2021: calls 40
*** FLOP *** [8d Jd Tc]
Mahu2021: checks 
VVFreedom: bets 120
Mahu2021: calls 120
*** TURN *** [8d Jd Tc] [4h]
Mahu2021: checks 
VVFreedom: bets 160
Mahu2021: calls 160
*** RIVER *** [8d Jd Tc 4h] [Ts]
Mahu2021: bets 410 and is all-in
VVFreedom: calls 370 and is all-in
Uncalled bet (40) returned to Mahu2021
*** SHOW DOWN ***
Mahu2021: shows [Kd 7c] (a pair of Tens)
VVFreedom: shows [8s Th] (a full house, Tens full of Eights)
VVFreedom collected 1460 from pot
*** SUMMARY ***
Total pot 1460 | Rake 0 
Board [8d Jd Tc 4h Ts]
Seat 2: Mahu2021 (big blind) showed [Kd 7c] and lost with a pair of Tens
Seat 3: VVFreedom (button) (small blind) showed [8s Th] and won (1460) with a full house, Tens full of Eights



PokerStars Hand #248246539206: Tournament #3700436310, $1.84+$0.16 USD Hold'em No Limit - Level III (20/40) - 2024/01/13 15:34:35 CET [2024/01/13 9:34:35 ET]
Table '3700436310 1' 3-max Seat #2 is the button
Seat 2: Mahu2021 (40 in chips) 
Seat 3: VVFreedom (1460 in chips) 
Mahu2021: posts small blind 20
VVFreedom: posts big blind 40
*** HOLE CARDS ***
Dealt to Mahu2021 [As Qh]
Mahu2021: calls 20 and is all-in
*** FLOP *** [Jd 5s 2s]
*** TURN *** [Jd 5s 2s] [Qd]
*** RIVER *** [Jd 5s 2s Qd] [Qs]
*** SHOW DOWN ***
VVFreedom: shows [6s 5d] (two pair, Queens and Fives)
Mahu2021: shows [As Qh] (three of a kind, Queens)
Mahu2021 collected 80 from pot
*** SUMMARY ***
Total pot 80 | Rake 0 
Board [Jd 5s 2s Qd Qs]
Seat 2: Mahu2021 (button) (small blind) showed [As Qh] and won (80) with three of a kind, Queens
Seat 3: VVFreedom (big blind) showed [6s 5d] and lost with two pair, Queens and Fives



PokerStars Hand #248246542131: Tournament #3700436310, $1.84+$0.16 USD Hold'em No Limit - Level III (20/40) - 2024/01/13 15:34:46 CET [2024/01/13 9:34:46 ET]
Table '3700436310 1' 3-max Seat #3 is the button
Seat 2: Mahu2021 (80 in chips) 
Seat 3: VVFreedom (1420 in chips) 
VVFreedom: posts small blind 20
Mahu2021: posts big blind 40
*** HOLE CARDS ***
Dealt to Mahu2021 [8c 2c]
VVFreedom: calls 20
Mahu2021: raises 40 to 80 and is all-in
VVFreedom: calls 40
*** FLOP *** [9s 8h Jd]
*** TURN *** [9s 8h Jd] [9c]
*** RIVER *** [9s 8h Jd 9c] [2h]
*** SHOW DOWN ***
Mahu2021: shows [8c 2c] (two pair, Nines and Eights)
VVFreedom: shows [Td 6c] (a pair of Nines)
Mahu2021 collected 160 from pot
*** SUMMARY ***
Total pot 160 | Rake 0 
Board [9s 8h Jd 9c 2h]
Seat 2: Mahu2021 (big blind) showed [8c 2c] and won (160) with two pair, Nines and Eights
Seat 3: VVFreedom (button) (small blind) showed [Td 6c] and lost with a pair of Nines



PokerStars Hand #248246545688: Tournament #3700436310, $1.84+$0.16 USD Hold'em No Limit - Level III (20/40) - 2024/01/13 15:35:00 CET [2024/01/13 9:35:00 ET]
Table '3700436310 1' 3-max Seat #2 is the button
Seat 2: Mahu2021 (160 in chips) 
Seat 3: VVFreedom (1340 in chips) 
Mahu2021: posts small blind 20
VVFreedom: posts big blind 40
*** HOLE CARDS ***
Dealt to Mahu2021 [6h 4s]
Mahu2021: raises 40 to 80
VVFreedom: calls 40
*** FLOP *** [Ad 8d 2d]
VVFreedom: bets 80
Mahu2021: calls 80 and is all-in
*** TURN *** [Ad 8d 2d] [Js]
*** RIVER *** [Ad 8d 2d Js] [Qc]
*** SHOW DOWN ***
VVFreedom: shows [Ks 8s] (a pair of Eights)
Mahu2021: shows [6h 4s] (high card Ace)
VVFreedom collected 320 from pot
Mahu2021 finished the tournament in 2nd place
VVFreedom wins the tournament and receives $8.00 - congratulations!
*** SUMMARY ***
Total pot 320 | Rake 0 
Board [Ad 8d 2d Js Qc]
Seat 2: Mahu2021 (button) (small blind) showed [6h 4s] and lost with high card Ace
Seat 3: VVFreedom (big blind) showed [Ks 8s] and won (320) with a pair of Eights



