PokerStars Hand #249326739889: Tournament #3726633637, $1.84+$0.16 USD Hold'em No Limit - Level I (10/20) - 2024/03/09 18:57:53 CET [2024/03/09 12:57:53 ET]
Table '3726633637 1' 3-max Seat #1 is the button
Seat 1: makisgr63 (500 in chips) 
Seat 2: Mahu2021 (500 in chips) 
Seat 3: sptri (500 in chips) 
Mahu2021: posts small blind 10
sptri: posts big blind 20
*** HOLE CARDS ***
Dealt to Mahu2021 [8s 7d]
makisgr63: folds 
Mahu2021: calls 10
sptri: checks 
*** FLOP *** [Kh 5d 3s]
Mahu2021: checks 
sptri: checks 
*** TURN *** [Kh 5d 3s] [7c]
Mahu2021: bets 20
sptri: folds 
Uncalled bet (20) returned to Mahu2021
Mahu2021 collected 40 from pot
Mahu2021: doesn't show hand 
*** SUMMARY ***
Total pot 40 | Rake 0 
Board [Kh 5d 3s 7c]
Seat 1: makisgr63 (button) folded before Flop (didn't bet)
Seat 2: Mahu2021 (small blind) collected (40)
Seat 3: sptri (big blind) folded on the Turn



PokerStars Hand #249326744225: Tournament #3726633637, $1.84+$0.16 USD Hold'em No Limit - Level I (10/20) - 2024/03/09 18:58:13 CET [2024/03/09 12:58:13 ET]
Table '3726633637 1' 3-max Seat #2 is the button
Seat 1: makisgr63 (500 in chips) 
Seat 2: Mahu2021 (520 in chips) 
Seat 3: sptri (480 in chips) 
sptri: posts small blind 10
makisgr63: posts big blind 20
*** HOLE CARDS ***
Dealt to Mahu2021 [9c 2h]
Mahu2021: folds 
sptri: calls 10
makisgr63: checks 
*** FLOP *** [As 8c Qd]
sptri: checks 
makisgr63: bets 40
sptri: folds 
Uncalled bet (40) returned to makisgr63
makisgr63 collected 40 from pot
*** SUMMARY ***
Total pot 40 | Rake 0 
Board [As 8c Qd]
Seat 1: makisgr63 (big blind) collected (40)
Seat 2: Mahu2021 (button) folded before Flop (didn't bet)
Seat 3: sptri (small blind) folded on the Flop



PokerStars Hand #249326747912: Tournament #3726633637, $1.84+$0.16 USD Hold'em No Limit - Level I (10/20) - 2024/03/09 18:58:30 CET [2024/03/09 12:58:30 ET]
Table '3726633637 1' 3-max Seat #3 is the button
Seat 1: makisgr63 (520 in chips) 
Seat 2: Mahu2021 (520 in chips) 
Seat 3: sptri (460 in chips) 
makisgr63: posts small blind 10
Mahu2021: posts big blind 20
*** HOLE CARDS ***
Dealt to Mahu2021 [4c 8s]
sptri: folds 
makisgr63: folds 
Uncalled bet (10) returned to Mahu2021
Mahu2021 collected 20 from pot
Mahu2021: doesn't show hand 
*** SUMMARY ***
Total pot 20 | Rake 0 
Seat 1: makisgr63 (small blind) folded before Flop
Seat 2: Mahu2021 (big blind) collected (20)
Seat 3: sptri (button) folded before Flop (didn't bet)



PokerStars Hand #249326748941: Tournament #3726633637, $1.84+$0.16 USD Hold'em No Limit - Level I (10/20) - 2024/03/09 18:58:34 CET [2024/03/09 12:58:34 ET]
Table '3726633637 1' 3-max Seat #1 is the button
Seat 1: makisgr63 (510 in chips) 
Seat 2: Mahu2021 (530 in chips) 
Seat 3: sptri (460 in chips) 
Mahu2021: posts small blind 10
sptri: posts big blind 20
*** HOLE CARDS ***
Dealt to Mahu2021 [5d 6c]
makisgr63: folds 
Mahu2021: calls 10
sptri: raises 20 to 40
Mahu2021: calls 20
*** FLOP *** [9c 7s 5c]
Mahu2021: checks 
sptri: checks 
*** TURN *** [9c 7s 5c] [7c]
Mahu2021: bets 40
sptri: folds 
Uncalled bet (40) returned to Mahu2021
Mahu2021 collected 80 from pot
Mahu2021: doesn't show hand 
*** SUMMARY ***
Total pot 80 | Rake 0 
Board [9c 7s 5c 7c]
Seat 1: makisgr63 (button) folded before Flop (didn't bet)
Seat 2: Mahu2021 (small blind) collected (80)
Seat 3: sptri (big blind) folded on the Turn



PokerStars Hand #249326753050: Tournament #3726633637, $1.84+$0.16 USD Hold'em No Limit - Level I (10/20) - 2024/03/09 18:58:53 CET [2024/03/09 12:58:53 ET]
Table '3726633637 1' 3-max Seat #2 is the button
Seat 1: makisgr63 (510 in chips) 
Seat 2: Mahu2021 (570 in chips) 
Seat 3: sptri (420 in chips) 
sptri: posts small blind 10
makisgr63: posts big blind 20
*** HOLE CARDS ***
Dealt to Mahu2021 [Ks Ac]
Mahu2021: raises 20 to 40
sptri: calls 30
makisgr63: calls 20
*** FLOP *** [Jd 6s 8h]
sptri: checks 
makisgr63: bets 120
Mahu2021: folds 
sptri: calls 120
*** TURN *** [Jd 6s 8h] [Jc]
sptri: checks 
makisgr63: bets 350 and is all-in
sptri: folds 
Uncalled bet (350) returned to makisgr63
makisgr63 collected 360 from pot
*** SUMMARY ***
Total pot 360 | Rake 0 
Board [Jd 6s 8h Jc]
Seat 1: makisgr63 (big blind) collected (360)
Seat 2: Mahu2021 (button) folded on the Flop
Seat 3: sptri (small blind) folded on the Turn



PokerStars Hand #249326760274: Tournament #3726633637, $1.84+$0.16 USD Hold'em No Limit - Level I (10/20) - 2024/03/09 18:59:25 CET [2024/03/09 12:59:25 ET]
Table '3726633637 1' 3-max Seat #3 is the button
Seat 1: makisgr63 (710 in chips) 
Seat 2: Mahu2021 (530 in chips) 
Seat 3: sptri (260 in chips) 
makisgr63: posts small blind 10
Mahu2021: posts big blind 20
*** HOLE CARDS ***
Dealt to Mahu2021 [Kh 7c]
sptri: folds 
makisgr63: folds 
Uncalled bet (10) returned to Mahu2021
Mahu2021 collected 20 from pot
Mahu2021: doesn't show hand 
*** SUMMARY ***
Total pot 20 | Rake 0 
Seat 1: makisgr63 (small blind) folded before Flop
Seat 2: Mahu2021 (big blind) collected (20)
Seat 3: sptri (button) folded before Flop (didn't bet)



PokerStars Hand #249326761316: Tournament #3726633637, $1.84+$0.16 USD Hold'em No Limit - Level I (10/20) - 2024/03/09 18:59:30 CET [2024/03/09 12:59:30 ET]
Table '3726633637 1' 3-max Seat #1 is the button
Seat 1: makisgr63 (700 in chips) 
Seat 2: Mahu2021 (540 in chips) 
Seat 3: sptri (260 in chips) 
Mahu2021: posts small blind 10
sptri: posts big blind 20
*** HOLE CARDS ***
Dealt to Mahu2021 [Qh Td]
makisgr63: calls 20
Mahu2021: calls 10
sptri: raises 240 to 260 and is all-in
makisgr63: folds 
Mahu2021: folds 
Uncalled bet (240) returned to sptri
sptri collected 60 from pot
*** SUMMARY ***
Total pot 60 | Rake 0 
Seat 1: makisgr63 (button) folded before Flop
Seat 2: Mahu2021 (small blind) folded before Flop
Seat 3: sptri (big blind) collected (60)



PokerStars Hand #249326764278: Tournament #3726633637, $1.84+$0.16 USD Hold'em No Limit - Level I (10/20) - 2024/03/09 18:59:44 CET [2024/03/09 12:59:44 ET]
Table '3726633637 1' 3-max Seat #2 is the button
Seat 1: makisgr63 (680 in chips) 
Seat 2: Mahu2021 (520 in chips) 
Seat 3: sptri (300 in chips) 
sptri: posts small blind 10
makisgr63: posts big blind 20
*** HOLE CARDS ***
Dealt to Mahu2021 [Ah Qc]
Mahu2021: raises 20 to 40
sptri: folds 
makisgr63: folds 
Uncalled bet (20) returned to Mahu2021
Mahu2021 collected 50 from pot
Mahu2021: doesn't show hand 
*** SUMMARY ***
Total pot 50 | Rake 0 
Seat 1: makisgr63 (big blind) folded before Flop
Seat 2: Mahu2021 (button) collected (50)
Seat 3: sptri (small blind) folded before Flop



PokerStars Hand #249326765978: Tournament #3726633637, $1.84+$0.16 USD Hold'em No Limit - Level I (10/20) - 2024/03/09 18:59:51 CET [2024/03/09 12:59:51 ET]
Table '3726633637 1' 3-max Seat #3 is the button
Seat 1: makisgr63 (660 in chips) 
Seat 2: Mahu2021 (550 in chips) 
Seat 3: sptri (290 in chips) 
makisgr63: posts small blind 10
Mahu2021: posts big blind 20
*** HOLE CARDS ***
Dealt to Mahu2021 [4h 6c]
sptri: folds 
makisgr63: folds 
Uncalled bet (10) returned to Mahu2021
Mahu2021 collected 20 from pot
Mahu2021: doesn't show hand 
*** SUMMARY ***
Total pot 20 | Rake 0 
Seat 1: makisgr63 (small blind) folded before Flop
Seat 2: Mahu2021 (big blind) collected (20)
Seat 3: sptri (button) folded before Flop (didn't bet)



PokerStars Hand #249326768263: Tournament #3726633637, $1.84+$0.16 USD Hold'em No Limit - Level II (15/30) - 2024/03/09 19:00:02 CET [2024/03/09 13:00:02 ET]
Table '3726633637 1' 3-max Seat #1 is the button
Seat 1: makisgr63 (650 in chips) 
Seat 2: Mahu2021 (560 in chips) 
Seat 3: sptri (290 in chips) 
Mahu2021: posts small blind 15
sptri: posts big blind 30
*** HOLE CARDS ***
Dealt to Mahu2021 [Ts Qh]
makisgr63: raises 620 to 650 and is all-in
Mahu2021: folds 
sptri: folds 
Uncalled bet (620) returned to makisgr63
makisgr63 collected 75 from pot
*** SUMMARY ***
Total pot 75 | Rake 0 
Seat 1: makisgr63 (button) collected (75)
Seat 2: Mahu2021 (small blind) folded before Flop
Seat 3: sptri (big blind) folded before Flop



PokerStars Hand #249326769818: Tournament #3726633637, $1.84+$0.16 USD Hold'em No Limit - Level II (15/30) - 2024/03/09 19:00:09 CET [2024/03/09 13:00:09 ET]
Table '3726633637 1' 3-max Seat #2 is the button
Seat 1: makisgr63 (695 in chips) 
Seat 2: Mahu2021 (545 in chips) 
Seat 3: sptri (260 in chips) 
sptri: posts small blind 15
makisgr63: posts big blind 30
*** HOLE CARDS ***
Dealt to Mahu2021 [As 8h]
Mahu2021: raises 30 to 60
sptri: folds 
makisgr63: folds 
Uncalled bet (30) returned to Mahu2021
Mahu2021 collected 75 from pot
Mahu2021: doesn't show hand 
*** SUMMARY ***
Total pot 75 | Rake 0 
Seat 1: makisgr63 (big blind) folded before Flop
Seat 2: Mahu2021 (button) collected (75)
Seat 3: sptri (small blind) folded before Flop



PokerStars Hand #249326771636: Tournament #3726633637, $1.84+$0.16 USD Hold'em No Limit - Level II (15/30) - 2024/03/09 19:00:16 CET [2024/03/09 13:00:16 ET]
Table '3726633637 1' 3-max Seat #3 is the button
Seat 1: makisgr63 (665 in chips) 
Seat 2: Mahu2021 (590 in chips) 
Seat 3: sptri (245 in chips) 
makisgr63: posts small blind 15
Mahu2021: posts big blind 30
*** HOLE CARDS ***
Dealt to Mahu2021 [Qc 9c]
sptri: folds 
makisgr63: folds 
Uncalled bet (15) returned to Mahu2021
Mahu2021 collected 30 from pot
Mahu2021: doesn't show hand 
*** SUMMARY ***
Total pot 30 | Rake 0 
Seat 1: makisgr63 (small blind) folded before Flop
Seat 2: Mahu2021 (big blind) collected (30)
Seat 3: sptri (button) folded before Flop (didn't bet)



PokerStars Hand #249326777214: Tournament #3726633637, $1.84+$0.16 USD Hold'em No Limit - Level II (15/30) - 2024/03/09 19:00:41 CET [2024/03/09 13:00:41 ET]
Table '3726633637 1' 3-max Seat #1 is the button
Seat 1: makisgr63 (650 in chips) 
Seat 2: Mahu2021 (605 in chips) 
Seat 3: sptri (245 in chips) 
Mahu2021: posts small blind 15
sptri: posts big blind 30
*** HOLE CARDS ***
Dealt to Mahu2021 [9h Kd]
makisgr63: folds 
Mahu2021: calls 15
sptri: checks 
*** FLOP *** [3c 3s Qh]
Mahu2021: checks 
sptri: checks 
*** TURN *** [3c 3s Qh] [2h]
Mahu2021: checks 
sptri: bets 30
Mahu2021: calls 30
*** RIVER *** [3c 3s Qh 2h] [8d]
Mahu2021: checks 
sptri: checks 
*** SHOW DOWN ***
Mahu2021: shows [9h Kd] (a pair of Threes)
sptri: shows [7c 2s] (two pair, Threes and Deuces)
sptri collected 120 from pot
*** SUMMARY ***
Total pot 120 | Rake 0 
Board [3c 3s Qh 2h 8d]
Seat 1: makisgr63 (button) folded before Flop (didn't bet)
Seat 2: Mahu2021 (small blind) showed [9h Kd] and lost with a pair of Threes
Seat 3: sptri (big blind) showed [7c 2s] and won (120) with two pair, Threes and Deuces



PokerStars Hand #249326782323: Tournament #3726633637, $1.84+$0.16 USD Hold'em No Limit - Level II (15/30) - 2024/03/09 19:01:02 CET [2024/03/09 13:01:02 ET]
Table '3726633637 1' 3-max Seat #2 is the button
Seat 1: makisgr63 (650 in chips) 
Seat 2: Mahu2021 (545 in chips) 
Seat 3: sptri (305 in chips) 
sptri: posts small blind 15
makisgr63: posts big blind 30
*** HOLE CARDS ***
Dealt to Mahu2021 [2c 6c]
Mahu2021: folds 
sptri: calls 15
makisgr63: checks 
*** FLOP *** [4d Qd 2h]
sptri: checks 
makisgr63: bets 620 and is all-in
sptri: folds 
Uncalled bet (620) returned to makisgr63
makisgr63 collected 60 from pot
*** SUMMARY ***
Total pot 60 | Rake 0 
Board [4d Qd 2h]
Seat 1: makisgr63 (big blind) collected (60)
Seat 2: Mahu2021 (button) folded before Flop (didn't bet)
Seat 3: sptri (small blind) folded on the Flop



PokerStars Hand #249326787482: Tournament #3726633637, $1.84+$0.16 USD Hold'em No Limit - Level II (15/30) - 2024/03/09 19:01:21 CET [2024/03/09 13:01:21 ET]
Table '3726633637 1' 3-max Seat #3 is the button
Seat 1: makisgr63 (680 in chips) 
Seat 2: Mahu2021 (545 in chips) 
Seat 3: sptri (275 in chips) 
makisgr63: posts small blind 15
Mahu2021: posts big blind 30
*** HOLE CARDS ***
Dealt to Mahu2021 [8s Ac]
sptri: folds 
makisgr63: folds 
Uncalled bet (15) returned to Mahu2021
Mahu2021 collected 30 from pot
Mahu2021: doesn't show hand 
*** SUMMARY ***
Total pot 30 | Rake 0 
Seat 1: makisgr63 (small blind) folded before Flop
Seat 2: Mahu2021 (big blind) collected (30)
Seat 3: sptri (button) folded before Flop (didn't bet)



PokerStars Hand #249326789499: Tournament #3726633637, $1.84+$0.16 USD Hold'em No Limit - Level II (15/30) - 2024/03/09 19:01:29 CET [2024/03/09 13:01:29 ET]
Table '3726633637 1' 3-max Seat #1 is the button
Seat 1: makisgr63 (665 in chips) 
Seat 2: Mahu2021 (560 in chips) 
Seat 3: sptri (275 in chips) 
Mahu2021: posts small blind 15
sptri: posts big blind 30
*** HOLE CARDS ***
Dealt to Mahu2021 [Tc Qs]
makisgr63: folds 
Mahu2021: calls 15
sptri: raises 245 to 275 and is all-in
Mahu2021: folds 
Uncalled bet (245) returned to sptri
sptri collected 60 from pot
*** SUMMARY ***
Total pot 60 | Rake 0 
Seat 1: makisgr63 (button) folded before Flop (didn't bet)
Seat 2: Mahu2021 (small blind) folded before Flop
Seat 3: sptri (big blind) collected (60)



PokerStars Hand #249326792062: Tournament #3726633637, $1.84+$0.16 USD Hold'em No Limit - Level II (15/30) - 2024/03/09 19:01:39 CET [2024/03/09 13:01:39 ET]
Table '3726633637 1' 3-max Seat #2 is the button
Seat 1: makisgr63 (665 in chips) 
Seat 2: Mahu2021 (530 in chips) 
Seat 3: sptri (305 in chips) 
sptri: posts small blind 15
makisgr63: posts big blind 30
*** HOLE CARDS ***
Dealt to Mahu2021 [9d Ks]
Mahu2021: calls 30
sptri: calls 15
makisgr63: checks 
*** FLOP *** [9s Jh 2d]
sptri: bets 60
makisgr63: folds 
Mahu2021: calls 60
*** TURN *** [9s Jh 2d] [Qd]
sptri: checks 
Mahu2021: checks 
*** RIVER *** [9s Jh 2d Qd] [4c]
sptri: checks 
Mahu2021: bets 60
sptri: calls 60
*** SHOW DOWN ***
Mahu2021: shows [9d Ks] (a pair of Nines)
sptri: mucks hand 
Mahu2021 collected 330 from pot
*** SUMMARY ***
Total pot 330 | Rake 0 
Board [9s Jh 2d Qd 4c]
Seat 1: makisgr63 (big blind) folded on the Flop
Seat 2: Mahu2021 (button) showed [9d Ks] and won (330) with a pair of Nines
Seat 3: sptri (small blind) mucked [9h 5c]



PokerStars Hand #249326800865: Tournament #3726633637, $1.84+$0.16 USD Hold'em No Limit - Level III (20/40) - 2024/03/09 19:02:11 CET [2024/03/09 13:02:11 ET]
Table '3726633637 1' 3-max Seat #3 is the button
Seat 1: makisgr63 (635 in chips) 
Seat 2: Mahu2021 (710 in chips) 
Seat 3: sptri (155 in chips) 
makisgr63: posts small blind 20
Mahu2021: posts big blind 40
*** HOLE CARDS ***
Dealt to Mahu2021 [Tc Qh]
sptri: raises 115 to 155 and is all-in
makisgr63: raises 480 to 635 and is all-in
Mahu2021: folds 
Uncalled bet (480) returned to makisgr63
*** FLOP *** [2d Ts 2s]
*** TURN *** [2d Ts 2s] [6c]
*** RIVER *** [2d Ts 2s 6c] [9h]
*** SHOW DOWN ***
makisgr63: shows [Jd Ah] (a pair of Deuces)
sptri: shows [Ac 9c] (two pair, Nines and Deuces)
sptri collected 350 from pot
*** SUMMARY ***
Total pot 350 | Rake 0 
Board [2d Ts 2s 6c 9h]
Seat 1: makisgr63 (small blind) showed [Jd Ah] and lost with a pair of Deuces
Seat 2: Mahu2021 (big blind) folded before Flop
Seat 3: sptri (button) showed [Ac 9c] and won (350) with two pair, Nines and Deuces



PokerStars Hand #249326805659: Tournament #3726633637, $1.84+$0.16 USD Hold'em No Limit - Level III (20/40) - 2024/03/09 19:02:27 CET [2024/03/09 13:02:27 ET]
Table '3726633637 1' 3-max Seat #1 is the button
Seat 1: makisgr63 (480 in chips) 
Seat 2: Mahu2021 (670 in chips) 
Seat 3: sptri (350 in chips) 
Mahu2021: posts small blind 20
sptri: posts big blind 40
*** HOLE CARDS ***
Dealt to Mahu2021 [6h 6c]
makisgr63: folds 
Mahu2021: calls 20
sptri: checks 
*** FLOP *** [2d 3s Js]
Mahu2021: bets 40
sptri: folds 
Uncalled bet (40) returned to Mahu2021
Mahu2021 collected 80 from pot
Mahu2021: doesn't show hand 
*** SUMMARY ***
Total pot 80 | Rake 0 
Board [2d 3s Js]
Seat 1: makisgr63 (button) folded before Flop (didn't bet)
Seat 2: Mahu2021 (small blind) collected (80)
Seat 3: sptri (big blind) folded on the Flop



PokerStars Hand #249326811223: Tournament #3726633637, $1.84+$0.16 USD Hold'em No Limit - Level III (20/40) - 2024/03/09 19:02:46 CET [2024/03/09 13:02:46 ET]
Table '3726633637 1' 3-max Seat #2 is the button
Seat 1: makisgr63 (480 in chips) 
Seat 2: Mahu2021 (710 in chips) 
Seat 3: sptri (310 in chips) 
sptri: posts small blind 20
makisgr63: posts big blind 40
*** HOLE CARDS ***
Dealt to Mahu2021 [2h 8h]
Mahu2021: folds 
sptri: calls 20
makisgr63: checks 
*** FLOP *** [Qs 8s 7d]
sptri: checks 
makisgr63: checks 
*** TURN *** [Qs 8s 7d] [Ts]
sptri: checks 
makisgr63: checks 
*** RIVER *** [Qs 8s 7d Ts] [2c]
sptri: checks 
makisgr63: checks 
*** SHOW DOWN ***
sptri: shows [7h Js] (a pair of Sevens)
makisgr63: shows [Td 3d] (a pair of Tens)
makisgr63 collected 80 from pot
*** SUMMARY ***
Total pot 80 | Rake 0 
Board [Qs 8s 7d Ts 2c]
Seat 1: makisgr63 (big blind) showed [Td 3d] and won (80) with a pair of Tens
Seat 2: Mahu2021 (button) folded before Flop (didn't bet)
Seat 3: sptri (small blind) showed [7h Js] and lost with a pair of Sevens



PokerStars Hand #249326818141: Tournament #3726633637, $1.84+$0.16 USD Hold'em No Limit - Level III (20/40) - 2024/03/09 19:03:09 CET [2024/03/09 13:03:09 ET]
Table '3726633637 1' 3-max Seat #3 is the button
Seat 1: makisgr63 (520 in chips) 
Seat 2: Mahu2021 (710 in chips) 
Seat 3: sptri (270 in chips) 
makisgr63: posts small blind 20
Mahu2021: posts big blind 40
*** HOLE CARDS ***
Dealt to Mahu2021 [Kh 2d]
sptri: raises 40 to 80
makisgr63: folds 
Mahu2021: calls 40
*** FLOP *** [9h Th Kc]
Mahu2021: bets 630 and is all-in
sptri: folds 
Uncalled bet (630) returned to Mahu2021
Mahu2021 collected 180 from pot
Mahu2021: doesn't show hand 
*** SUMMARY ***
Total pot 180 | Rake 0 
Board [9h Th Kc]
Seat 1: makisgr63 (small blind) folded before Flop
Seat 2: Mahu2021 (big blind) collected (180)
Seat 3: sptri (button) folded on the Flop



PokerStars Hand #249326823896: Tournament #3726633637, $1.84+$0.16 USD Hold'em No Limit - Level III (20/40) - 2024/03/09 19:03:28 CET [2024/03/09 13:03:28 ET]
Table '3726633637 1' 3-max Seat #1 is the button
Seat 1: makisgr63 (500 in chips) 
Seat 2: Mahu2021 (810 in chips) 
Seat 3: sptri (190 in chips) 
Mahu2021: posts small blind 20
sptri: posts big blind 40
*** HOLE CARDS ***
Dealt to Mahu2021 [Ts 7c]
makisgr63: folds 
Mahu2021: folds 
Uncalled bet (20) returned to sptri
sptri collected 40 from pot
*** SUMMARY ***
Total pot 40 | Rake 0 
Seat 1: makisgr63 (button) folded before Flop (didn't bet)
Seat 2: Mahu2021 (small blind) folded before Flop
Seat 3: sptri (big blind) collected (40)



PokerStars Hand #249326825464: Tournament #3726633637, $1.84+$0.16 USD Hold'em No Limit - Level III (20/40) - 2024/03/09 19:03:33 CET [2024/03/09 13:03:33 ET]
Table '3726633637 1' 3-max Seat #2 is the button
Seat 1: makisgr63 (500 in chips) 
Seat 2: Mahu2021 (790 in chips) 
Seat 3: sptri (210 in chips) 
sptri: posts small blind 20
makisgr63: posts big blind 40
*** HOLE CARDS ***
Dealt to Mahu2021 [Qs 8h]
Mahu2021: calls 40
sptri: calls 20
makisgr63: checks 
*** FLOP *** [Ad Ac Ks]
sptri: bets 170 and is all-in
makisgr63: raises 290 to 460 and is all-in
Mahu2021: folds 
Uncalled bet (290) returned to makisgr63
*** TURN *** [Ad Ac Ks] [3c]
*** RIVER *** [Ad Ac Ks 3c] [7c]
*** SHOW DOWN ***
sptri: shows [Kc 8d] (two pair, Aces and Kings)
makisgr63: shows [5h As] (three of a kind, Aces)
makisgr63 collected 460 from pot
sptri finished the tournament in 3rd place
*** SUMMARY ***
Total pot 460 | Rake 0 
Board [Ad Ac Ks 3c 7c]
Seat 1: makisgr63 (big blind) showed [5h As] and won (460) with three of a kind, Aces
Seat 2: Mahu2021 (button) folded on the Flop
Seat 3: sptri (small blind) showed [Kc 8d] and lost with two pair, Aces and Kings



PokerStars Hand #249326832775: Tournament #3726633637, $1.84+$0.16 USD Hold'em No Limit - Level IV (30/60) - 2024/03/09 19:03:58 CET [2024/03/09 13:03:58 ET]
Table '3726633637 1' 3-max Seat #1 is the button
Seat 1: makisgr63 (750 in chips) 
Seat 2: Mahu2021 (750 in chips) 
makisgr63: posts small blind 30
Mahu2021: posts big blind 60
*** HOLE CARDS ***
Dealt to Mahu2021 [2c As]
makisgr63: calls 30
Mahu2021: checks 
*** FLOP *** [3c Ad 3d]
Mahu2021: bets 60
makisgr63: folds 
Uncalled bet (60) returned to Mahu2021
Mahu2021 collected 120 from pot
Mahu2021: doesn't show hand 
*** SUMMARY ***
Total pot 120 | Rake 0 
Board [3c Ad 3d]
Seat 1: makisgr63 (button) (small blind) folded on the Flop
Seat 2: Mahu2021 (big blind) collected (120)



PokerStars Hand #249326835679: Tournament #3726633637, $1.84+$0.16 USD Hold'em No Limit - Level IV (30/60) - 2024/03/09 19:04:08 CET [2024/03/09 13:04:08 ET]
Table '3726633637 1' 3-max Seat #2 is the button
Seat 1: makisgr63 (690 in chips) 
Seat 2: Mahu2021 (810 in chips) 
Mahu2021: posts small blind 30
makisgr63: posts big blind 60
*** HOLE CARDS ***
Dealt to Mahu2021 [Jh 5s]
Mahu2021: calls 30
makisgr63: checks 
*** FLOP *** [6c 5d 4c]
makisgr63: bets 630 and is all-in
Mahu2021: folds 
Uncalled bet (630) returned to makisgr63
makisgr63 collected 120 from pot
*** SUMMARY ***
Total pot 120 | Rake 0 
Board [6c 5d 4c]
Seat 1: makisgr63 (big blind) collected (120)
Seat 2: Mahu2021 (button) (small blind) folded on the Flop



PokerStars Hand #249326839410: Tournament #3726633637, $1.84+$0.16 USD Hold'em No Limit - Level IV (30/60) - 2024/03/09 19:04:21 CET [2024/03/09 13:04:21 ET]
Table '3726633637 1' 3-max Seat #1 is the button
Seat 1: makisgr63 (750 in chips) 
Seat 2: Mahu2021 (750 in chips) 
makisgr63: posts small blind 30
Mahu2021: posts big blind 60
*** HOLE CARDS ***
Dealt to Mahu2021 [2d 9c]
makisgr63: calls 30
Mahu2021: checks 
*** FLOP *** [2c Ts Qd]
Mahu2021: checks 
makisgr63: bets 690 and is all-in
Mahu2021: folds 
Uncalled bet (690) returned to makisgr63
makisgr63 collected 120 from pot
*** SUMMARY ***
Total pot 120 | Rake 0 
Board [2c Ts Qd]
Seat 1: makisgr63 (button) (small blind) collected (120)
Seat 2: Mahu2021 (big blind) folded on the Flop



PokerStars Hand #249326843066: Tournament #3726633637, $1.84+$0.16 USD Hold'em No Limit - Level IV (30/60) - 2024/03/09 19:04:33 CET [2024/03/09 13:04:33 ET]
Table '3726633637 1' 3-max Seat #2 is the button
Seat 1: makisgr63 (810 in chips) 
Seat 2: Mahu2021 (690 in chips) 
Mahu2021: posts small blind 30
makisgr63: posts big blind 60
*** HOLE CARDS ***
Dealt to Mahu2021 [8h 2d]
Mahu2021: folds 
Uncalled bet (30) returned to makisgr63
makisgr63 collected 60 from pot
*** SUMMARY ***
Total pot 60 | Rake 0 
Seat 1: makisgr63 (big blind) collected (60)
Seat 2: Mahu2021 (button) (small blind) folded before Flop



PokerStars Hand #249326844410: Tournament #3726633637, $1.84+$0.16 USD Hold'em No Limit - Level IV (30/60) - 2024/03/09 19:04:37 CET [2024/03/09 13:04:37 ET]
Table '3726633637 1' 3-max Seat #1 is the button
Seat 1: makisgr63 (840 in chips) 
Seat 2: Mahu2021 (660 in chips) 
makisgr63: posts small blind 30
Mahu2021: posts big blind 60
*** HOLE CARDS ***
Dealt to Mahu2021 [9s 4h]
makisgr63: folds 
Uncalled bet (30) returned to Mahu2021
Mahu2021 collected 60 from pot
Mahu2021: doesn't show hand 
*** SUMMARY ***
Total pot 60 | Rake 0 
Seat 1: makisgr63 (button) (small blind) folded before Flop
Seat 2: Mahu2021 (big blind) collected (60)



PokerStars Hand #249326845524: Tournament #3726633637, $1.84+$0.16 USD Hold'em No Limit - Level IV (30/60) - 2024/03/09 19:04:41 CET [2024/03/09 13:04:41 ET]
Table '3726633637 1' 3-max Seat #2 is the button
Seat 1: makisgr63 (810 in chips) 
Seat 2: Mahu2021 (690 in chips) 
Mahu2021: posts small blind 30
makisgr63: posts big blind 60
*** HOLE CARDS ***
Dealt to Mahu2021 [Ks Ah]
Mahu2021: calls 30
makisgr63: checks 
*** FLOP *** [2d Js Kd]
makisgr63: checks 
Mahu2021: bets 60
makisgr63: folds 
Uncalled bet (60) returned to Mahu2021
Mahu2021 collected 120 from pot
Mahu2021: doesn't show hand 
*** SUMMARY ***
Total pot 120 | Rake 0 
Board [2d Js Kd]
Seat 1: makisgr63 (big blind) folded on the Flop
Seat 2: Mahu2021 (button) (small blind) collected (120)



PokerStars Hand #249326849235: Tournament #3726633637, $1.84+$0.16 USD Hold'em No Limit - Level IV (30/60) - 2024/03/09 19:04:53 CET [2024/03/09 13:04:53 ET]
Table '3726633637 1' 3-max Seat #1 is the button
Seat 1: makisgr63 (750 in chips) 
Seat 2: Mahu2021 (750 in chips) 
makisgr63: posts small blind 30
Mahu2021: posts big blind 60
*** HOLE CARDS ***
Dealt to Mahu2021 [2d Ad]
makisgr63: raises 690 to 750 and is all-in
Mahu2021: folds 
Uncalled bet (690) returned to makisgr63
makisgr63 collected 120 from pot
*** SUMMARY ***
Total pot 120 | Rake 0 
Seat 1: makisgr63 (button) (small blind) collected (120)
Seat 2: Mahu2021 (big blind) folded before Flop



PokerStars Hand #249326851758: Tournament #3726633637, $1.84+$0.16 USD Hold'em No Limit - Level IV (30/60) - 2024/03/09 19:05:01 CET [2024/03/09 13:05:01 ET]
Table '3726633637 1' 3-max Seat #2 is the button
Seat 1: makisgr63 (810 in chips) 
Seat 2: Mahu2021 (690 in chips) 
Mahu2021: posts small blind 30
makisgr63: posts big blind 60
*** HOLE CARDS ***
Dealt to Mahu2021 [2d Ah]
Mahu2021: calls 30
makisgr63: checks 
*** FLOP *** [8s Js 9s]
makisgr63: checks 
Mahu2021: bets 60
makisgr63: folds 
Uncalled bet (60) returned to Mahu2021
Mahu2021 collected 120 from pot
Mahu2021: doesn't show hand 
*** SUMMARY ***
Total pot 120 | Rake 0 
Board [8s Js 9s]
Seat 1: makisgr63 (big blind) folded on the Flop
Seat 2: Mahu2021 (button) (small blind) collected (120)



PokerStars Hand #249326855254: Tournament #3726633637, $1.84+$0.16 USD Hold'em No Limit - Level IV (30/60) - 2024/03/09 19:05:13 CET [2024/03/09 13:05:13 ET]
Table '3726633637 1' 3-max Seat #1 is the button
Seat 1: makisgr63 (750 in chips) 
Seat 2: Mahu2021 (750 in chips) 
makisgr63: posts small blind 30
Mahu2021: posts big blind 60
*** HOLE CARDS ***
Dealt to Mahu2021 [Ac 7d]
makisgr63: folds 
Uncalled bet (30) returned to Mahu2021
Mahu2021 collected 60 from pot
Mahu2021: doesn't show hand 
*** SUMMARY ***
Total pot 60 | Rake 0 
Seat 1: makisgr63 (button) (small blind) folded before Flop
Seat 2: Mahu2021 (big blind) collected (60)



PokerStars Hand #249326857847: Tournament #3726633637, $1.84+$0.16 USD Hold'em No Limit - Level IV (30/60) - 2024/03/09 19:05:21 CET [2024/03/09 13:05:21 ET]
Table '3726633637 1' 3-max Seat #2 is the button
Seat 1: makisgr63 (720 in chips) 
Seat 2: Mahu2021 (780 in chips) 
Mahu2021: posts small blind 30
makisgr63: posts big blind 60
*** HOLE CARDS ***
Dealt to Mahu2021 [Qh 8c]
Mahu2021: calls 30
makisgr63: raises 660 to 720 and is all-in
Mahu2021: folds 
Uncalled bet (660) returned to makisgr63
makisgr63 collected 120 from pot
*** SUMMARY ***
Total pot 120 | Rake 0 
Seat 1: makisgr63 (big blind) collected (120)
Seat 2: Mahu2021 (button) (small blind) folded before Flop



PokerStars Hand #249326860095: Tournament #3726633637, $1.84+$0.16 USD Hold'em No Limit - Level IV (30/60) - 2024/03/09 19:05:28 CET [2024/03/09 13:05:28 ET]
Table '3726633637 1' 3-max Seat #1 is the button
Seat 1: makisgr63 (780 in chips) 
Seat 2: Mahu2021 (720 in chips) 
makisgr63: posts small blind 30
Mahu2021: posts big blind 60
*** HOLE CARDS ***
Dealt to Mahu2021 [Kh 9h]
makisgr63: folds 
Uncalled bet (30) returned to Mahu2021
Mahu2021 collected 60 from pot
Mahu2021: doesn't show hand 
*** SUMMARY ***
Total pot 60 | Rake 0 
Seat 1: makisgr63 (button) (small blind) folded before Flop
Seat 2: Mahu2021 (big blind) collected (60)



PokerStars Hand #249326861489: Tournament #3726633637, $1.84+$0.16 USD Hold'em No Limit - Level IV (30/60) - 2024/03/09 19:05:33 CET [2024/03/09 13:05:33 ET]
Table '3726633637 1' 3-max Seat #2 is the button
Seat 1: makisgr63 (750 in chips) 
Seat 2: Mahu2021 (750 in chips) 
Mahu2021: posts small blind 30
makisgr63: posts big blind 60
*** HOLE CARDS ***
Dealt to Mahu2021 [2h 5h]
Mahu2021: calls 30
makisgr63: checks 
*** FLOP *** [8c 7d 9s]
makisgr63: bets 690 and is all-in
Mahu2021: folds 
Uncalled bet (690) returned to makisgr63
makisgr63 collected 120 from pot
*** SUMMARY ***
Total pot 120 | Rake 0 
Board [8c 7d 9s]
Seat 1: makisgr63 (big blind) collected (120)
Seat 2: Mahu2021 (button) (small blind) folded on the Flop



PokerStars Hand #249326864369: Tournament #3726633637, $1.84+$0.16 USD Hold'em No Limit - Level IV (30/60) - 2024/03/09 19:05:42 CET [2024/03/09 13:05:42 ET]
Table '3726633637 1' 3-max Seat #1 is the button
Seat 1: makisgr63 (810 in chips) 
Seat 2: Mahu2021 (690 in chips) 
makisgr63: posts small blind 30
Mahu2021: posts big blind 60
*** HOLE CARDS ***
Dealt to Mahu2021 [2c Js]
makisgr63: calls 30
Mahu2021: checks 
*** FLOP *** [9d 7h Td]
Mahu2021: checks 
makisgr63: checks 
*** TURN *** [9d 7h Td] [3d]
Mahu2021: checks 
makisgr63: checks 
*** RIVER *** [9d 7h Td 3d] [Th]
Mahu2021: checks 
makisgr63: checks 
*** SHOW DOWN ***
Mahu2021: shows [2c Js] (a pair of Tens)
makisgr63: shows [Ac 5s] (a pair of Tens - Ace kicker)
makisgr63 collected 120 from pot
*** SUMMARY ***
Total pot 120 | Rake 0 
Board [9d 7h Td 3d Th]
Seat 1: makisgr63 (button) (small blind) showed [Ac 5s] and won (120) with a pair of Tens
Seat 2: Mahu2021 (big blind) showed [2c Js] and lost with a pair of Tens



PokerStars Hand #249326869416: Tournament #3726633637, $1.84+$0.16 USD Hold'em No Limit - Level V (40/80) - 2024/03/09 19:05:58 CET [2024/03/09 13:05:58 ET]
Table '3726633637 1' 3-max Seat #2 is the button
Seat 1: makisgr63 (870 in chips) 
Seat 2: Mahu2021 (630 in chips) 
Mahu2021: posts small blind 40
makisgr63: posts big blind 80
*** HOLE CARDS ***
Dealt to Mahu2021 [Qh 9d]
Mahu2021: calls 40
makisgr63: checks 
*** FLOP *** [Kc 2s 6h]
makisgr63: checks 
Mahu2021: checks 
*** TURN *** [Kc 2s 6h] [7s]
makisgr63: checks 
Mahu2021: checks 
*** RIVER *** [Kc 2s 6h 7s] [5s]
makisgr63: checks 
Mahu2021: checks 
*** SHOW DOWN ***
makisgr63: shows [5h Ts] (a pair of Fives)
Mahu2021: mucks hand 
makisgr63 collected 160 from pot
*** SUMMARY ***
Total pot 160 | Rake 0 
Board [Kc 2s 6h 7s 5s]
Seat 1: makisgr63 (big blind) showed [5h Ts] and won (160) with a pair of Fives
Seat 2: Mahu2021 (button) (small blind) mucked [Qh 9d]



PokerStars Hand #249326873134: Tournament #3726633637, $1.84+$0.16 USD Hold'em No Limit - Level V (40/80) - 2024/03/09 19:06:11 CET [2024/03/09 13:06:11 ET]
Table '3726633637 1' 3-max Seat #1 is the button
Seat 1: makisgr63 (950 in chips) 
Seat 2: Mahu2021 (550 in chips) 
makisgr63: posts small blind 40
Mahu2021: posts big blind 80
*** HOLE CARDS ***
Dealt to Mahu2021 [3s Td]
makisgr63: raises 870 to 950 and is all-in
Mahu2021: folds 
Uncalled bet (870) returned to makisgr63
makisgr63 collected 160 from pot
*** SUMMARY ***
Total pot 160 | Rake 0 
Seat 1: makisgr63 (button) (small blind) collected (160)
Seat 2: Mahu2021 (big blind) folded before Flop



PokerStars Hand #249326874793: Tournament #3726633637, $1.84+$0.16 USD Hold'em No Limit - Level V (40/80) - 2024/03/09 19:06:16 CET [2024/03/09 13:06:16 ET]
Table '3726633637 1' 3-max Seat #2 is the button
Seat 1: makisgr63 (1030 in chips) 
Seat 2: Mahu2021 (470 in chips) 
Mahu2021: posts small blind 40
makisgr63: posts big blind 80
*** HOLE CARDS ***
Dealt to Mahu2021 [Th Td]
Mahu2021: raises 390 to 470 and is all-in
makisgr63: folds 
Uncalled bet (390) returned to Mahu2021
Mahu2021 collected 160 from pot
Mahu2021: doesn't show hand 
*** SUMMARY ***
Total pot 160 | Rake 0 
Seat 1: makisgr63 (big blind) folded before Flop
Seat 2: Mahu2021 (button) (small blind) collected (160)



PokerStars Hand #249326876835: Tournament #3726633637, $1.84+$0.16 USD Hold'em No Limit - Level V (40/80) - 2024/03/09 19:06:23 CET [2024/03/09 13:06:23 ET]
Table '3726633637 1' 3-max Seat #1 is the button
Seat 1: makisgr63 (950 in chips) 
Seat 2: Mahu2021 (550 in chips) 
makisgr63: posts small blind 40
Mahu2021: posts big blind 80
*** HOLE CARDS ***
Dealt to Mahu2021 [Ah 5s]
makisgr63: raises 870 to 950 and is all-in
Mahu2021: calls 470 and is all-in
Uncalled bet (400) returned to makisgr63
*** FLOP *** [3d 2c 3h]
*** TURN *** [3d 2c 3h] [Qs]
*** RIVER *** [3d 2c 3h Qs] [Qh]
*** SHOW DOWN ***
Mahu2021: shows [Ah 5s] (two pair, Queens and Threes)
makisgr63: shows [Jc Kh] (two pair, Queens and Threes - lower kicker)
Mahu2021 collected 1100 from pot
*** SUMMARY ***
Total pot 1100 | Rake 0 
Board [3d 2c 3h Qs Qh]
Seat 1: makisgr63 (button) (small blind) showed [Jc Kh] and lost with two pair, Queens and Threes
Seat 2: Mahu2021 (big blind) showed [Ah 5s] and won (1100) with two pair, Queens and Threes



PokerStars Hand #249326880521: Tournament #3726633637, $1.84+$0.16 USD Hold'em No Limit - Level V (40/80) - 2024/03/09 19:06:35 CET [2024/03/09 13:06:35 ET]
Table '3726633637 1' 3-max Seat #2 is the button
Seat 1: makisgr63 (400 in chips) 
Seat 2: Mahu2021 (1100 in chips) 
Mahu2021: posts small blind 40
makisgr63: posts big blind 80
*** HOLE CARDS ***
Dealt to Mahu2021 [As 5s]
Mahu2021: raises 1020 to 1100 and is all-in
makisgr63: calls 320 and is all-in
Uncalled bet (700) returned to Mahu2021
*** FLOP *** [9d Th Tc]
*** TURN *** [9d Th Tc] [2c]
*** RIVER *** [9d Th Tc 2c] [9s]
*** SHOW DOWN ***
makisgr63: shows [3c 4d] (two pair, Tens and Nines)
Mahu2021: shows [As 5s] (two pair, Tens and Nines - Ace kicker)
Mahu2021 collected 800 from pot
makisgr63 finished the tournament in 2nd place
Mahu2021 wins the tournament and receives $4.00 - congratulations!
*** SUMMARY ***
Total pot 800 | Rake 0 
Board [9d Th Tc 2c 9s]
Seat 1: makisgr63 (big blind) showed [3c 4d] and lost with two pair, Tens and Nines
Seat 2: Mahu2021 (button) (small blind) showed [As 5s] and won (800) with two pair, Tens and Nines



