PokerStars Hand #250041894131: Tournament #3743447913, $1.84+$0.16 USD Hold'em No Limit - Level I (10/20) - 2024/04/18 19:53:11 CET [2024/04/18 13:53:11 ET]
Table '3743447913 1' 3-max Seat #1 is the button
Seat 1: BonyOne (500 in chips) 
Seat 2: Mahu2021 (500 in chips) 
Seat 3: Sergey_Pit (500 in chips) 
Mahu2021: posts small blind 10
Sergey_Pit: posts big blind 20
*** HOLE CARDS ***
Dealt to Mahu2021 [Ah Qs]
BonyOne: calls 20
Mahu2021: calls 10
Sergey_Pit: checks 
*** FLOP *** [7h 2d 7d]
Mahu2021: checks 
Sergey_Pit: checks 
BonyOne: checks 
*** TURN *** [7h 2d 7d] [4d]
Mahu2021: checks 
Sergey_Pit: checks 
BonyOne: checks 
*** RIVER *** [7h 2d 7d 4d] [6d]
Mahu2021: checks 
Sergey_Pit: checks 
BonyOne: checks 
*** SHOW DOWN ***
Mahu2021: shows [Ah Qs] (a pair of Sevens)
Sergey_Pit: shows [6s 9c] (two pair, Sevens and Sixes)
BonyOne: shows [Jh 3d] (a flush, Seven high)
BonyOne collected 60 from pot
*** SUMMARY ***
Total pot 60 | Rake 0 
Board [7h 2d 7d 4d 6d]
Seat 1: BonyOne (button) showed [Jh 3d] and won (60) with a flush, Seven high
Seat 2: Mahu2021 (small blind) showed [Ah Qs] and lost with a pair of Sevens
Seat 3: Sergey_Pit (big blind) showed [6s 9c] and lost with two pair, Sevens and Sixes



PokerStars Hand #250041903870: Tournament #3743447913, $1.84+$0.16 USD Hold'em No Limit - Level I (10/20) - 2024/04/18 19:53:45 CET [2024/04/18 13:53:45 ET]
Table '3743447913 1' 3-max Seat #2 is the button
Seat 1: BonyOne (540 in chips) 
Seat 2: Mahu2021 (480 in chips) 
Seat 3: Sergey_Pit (480 in chips) 
Sergey_Pit: posts small blind 10
BonyOne: posts big blind 20
*** HOLE CARDS ***
Dealt to Mahu2021 [Jd Kd]
Mahu2021: raises 20 to 40
Sergey_Pit: folds 
BonyOne: folds 
Uncalled bet (20) returned to Mahu2021
Mahu2021 collected 50 from pot
Mahu2021: doesn't show hand 
*** SUMMARY ***
Total pot 50 | Rake 0 
Seat 1: BonyOne (big blind) folded before Flop
Seat 2: Mahu2021 (button) collected (50)
Seat 3: Sergey_Pit (small blind) folded before Flop



PokerStars Hand #250041906585: Tournament #3743447913, $1.84+$0.16 USD Hold'em No Limit - Level I (10/20) - 2024/04/18 19:53:53 CET [2024/04/18 13:53:53 ET]
Table '3743447913 1' 3-max Seat #3 is the button
Seat 1: BonyOne (520 in chips) 
Seat 2: Mahu2021 (510 in chips) 
Seat 3: Sergey_Pit (470 in chips) 
BonyOne: posts small blind 10
Mahu2021: posts big blind 20
*** HOLE CARDS ***
Dealt to Mahu2021 [Jc 8h]
Sergey_Pit: raises 20 to 40
BonyOne: folds 
Mahu2021: calls 20
*** FLOP *** [9d 7h 5h]
Mahu2021: checks 
Sergey_Pit: checks 
*** TURN *** [9d 7h 5h] [Td]
Mahu2021: checks 
Sergey_Pit: bets 68
Mahu2021: raises 152 to 220
Sergey_Pit: folds 
Uncalled bet (152) returned to Mahu2021
Mahu2021 collected 226 from pot
Mahu2021: doesn't show hand 
*** SUMMARY ***
Total pot 226 | Rake 0 
Board [9d 7h 5h Td]
Seat 1: BonyOne (small blind) folded before Flop
Seat 2: Mahu2021 (big blind) collected (226)
Seat 3: Sergey_Pit (button) folded on the Turn



PokerStars Hand #250041917440: Tournament #3743447913, $1.84+$0.16 USD Hold'em No Limit - Level I (10/20) - 2024/04/18 19:54:30 CET [2024/04/18 13:54:30 ET]
Table '3743447913 1' 3-max Seat #1 is the button
Seat 1: BonyOne (510 in chips) 
Seat 2: Mahu2021 (628 in chips) 
Seat 3: Sergey_Pit (362 in chips) 
Mahu2021: posts small blind 10
Sergey_Pit: posts big blind 20
*** HOLE CARDS ***
Dealt to Mahu2021 [Ad Ts]
BonyOne: calls 20
Mahu2021: calls 10
Sergey_Pit: checks 
*** FLOP *** [Jd 8s 3d]
Mahu2021: checks 
Sergey_Pit: checks 
BonyOne: checks 
*** TURN *** [Jd 8s 3d] [Jc]
Mahu2021: checks 
Sergey_Pit: bets 45
BonyOne: calls 45
Mahu2021: folds 
*** RIVER *** [Jd 8s 3d Jc] [4s]
Sergey_Pit: bets 113
BonyOne: folds 
Uncalled bet (113) returned to Sergey_Pit
Sergey_Pit collected 150 from pot
Sergey_Pit: doesn't show hand 
*** SUMMARY ***
Total pot 150 | Rake 0 
Board [Jd 8s 3d Jc 4s]
Seat 1: BonyOne (button) folded on the River
Seat 2: Mahu2021 (small blind) folded on the Turn
Seat 3: Sergey_Pit (big blind) collected (150)



PokerStars Hand #250041926171: Tournament #3743447913, $1.84+$0.16 USD Hold'em No Limit - Level I (10/20) - 2024/04/18 19:55:00 CET [2024/04/18 13:55:00 ET]
Table '3743447913 1' 3-max Seat #2 is the button
Seat 1: BonyOne (445 in chips) 
Seat 2: Mahu2021 (608 in chips) 
Seat 3: Sergey_Pit (447 in chips) 
Sergey_Pit: posts small blind 10
BonyOne: posts big blind 20
*** HOLE CARDS ***
Dealt to Mahu2021 [9h 4h]
Mahu2021: folds 
Sergey_Pit: folds 
Uncalled bet (10) returned to BonyOne
BonyOne collected 20 from pot
BonyOne: doesn't show hand 
*** SUMMARY ***
Total pot 20 | Rake 0 
Seat 1: BonyOne (big blind) collected (20)
Seat 2: Mahu2021 (button) folded before Flop (didn't bet)
Seat 3: Sergey_Pit (small blind) folded before Flop



PokerStars Hand #250041927574: Tournament #3743447913, $1.84+$0.16 USD Hold'em No Limit - Level I (10/20) - 2024/04/18 19:55:06 CET [2024/04/18 13:55:06 ET]
Table '3743447913 1' 3-max Seat #3 is the button
Seat 1: BonyOne (455 in chips) 
Seat 2: Mahu2021 (608 in chips) 
Seat 3: Sergey_Pit (437 in chips) 
BonyOne: posts small blind 10
Mahu2021: posts big blind 20
*** HOLE CARDS ***
Dealt to Mahu2021 [9d 8s]
Sergey_Pit: folds 
BonyOne: calls 10
Mahu2021: checks 
*** FLOP *** [3s Ad Qc]
BonyOne: checks 
Mahu2021: checks 
*** TURN *** [3s Ad Qc] [5s]
BonyOne: checks 
Mahu2021: checks 
*** RIVER *** [3s Ad Qc 5s] [8h]
BonyOne: checks 
Mahu2021: bets 20
BonyOne: calls 20
*** SHOW DOWN ***
Mahu2021: shows [9d 8s] (a pair of Eights)
BonyOne: mucks hand 
Mahu2021 collected 80 from pot
*** SUMMARY ***
Total pot 80 | Rake 0 
Board [3s Ad Qc 5s 8h]
Seat 1: BonyOne (small blind) mucked [5h Ks]
Seat 2: Mahu2021 (big blind) showed [9d 8s] and won (80) with a pair of Eights
Seat 3: Sergey_Pit (button) folded before Flop (didn't bet)



PokerStars Hand #250041931538: Tournament #3743447913, $1.84+$0.16 USD Hold'em No Limit - Level I (10/20) - 2024/04/18 19:55:25 CET [2024/04/18 13:55:25 ET]
Table '3743447913 1' 3-max Seat #1 is the button
Seat 1: BonyOne (415 in chips) 
Seat 2: Mahu2021 (648 in chips) 
Seat 3: Sergey_Pit (437 in chips) 
Mahu2021: posts small blind 10
Sergey_Pit: posts big blind 20
*** HOLE CARDS ***
Dealt to Mahu2021 [Td 5c]
BonyOne: calls 20
Mahu2021: folds 
Sergey_Pit: checks 
*** FLOP *** [5h Kh 7d]
Sergey_Pit: checks 
BonyOne: bets 40
Sergey_Pit: folds 
Uncalled bet (40) returned to BonyOne
BonyOne collected 50 from pot
BonyOne: doesn't show hand 
*** SUMMARY ***
Total pot 50 | Rake 0 
Board [5h Kh 7d]
Seat 1: BonyOne (button) collected (50)
Seat 2: Mahu2021 (small blind) folded before Flop
Seat 3: Sergey_Pit (big blind) folded on the Flop



PokerStars Hand #250041934825: Tournament #3743447913, $1.84+$0.16 USD Hold'em No Limit - Level I (10/20) - 2024/04/18 19:55:41 CET [2024/04/18 13:55:41 ET]
Table '3743447913 1' 3-max Seat #2 is the button
Seat 1: BonyOne (445 in chips) 
Seat 2: Mahu2021 (638 in chips) 
Seat 3: Sergey_Pit (417 in chips) 
Sergey_Pit: posts small blind 10
BonyOne: posts big blind 20
*** HOLE CARDS ***
Dealt to Mahu2021 [6s 6d]
Mahu2021: calls 20
Sergey_Pit: raises 397 to 417 and is all-in
BonyOne: folds 
Mahu2021: folds 
Uncalled bet (397) returned to Sergey_Pit
Sergey_Pit collected 60 from pot
Sergey_Pit: doesn't show hand 
*** SUMMARY ***
Total pot 60 | Rake 0 
Seat 1: BonyOne (big blind) folded before Flop
Seat 2: Mahu2021 (button) folded before Flop
Seat 3: Sergey_Pit (small blind) collected (60)



PokerStars Hand #250041937272: Tournament #3743447913, $1.84+$0.16 USD Hold'em No Limit - Level I (10/20) - 2024/04/18 19:55:52 CET [2024/04/18 13:55:52 ET]
Table '3743447913 1' 3-max Seat #3 is the button
Seat 1: BonyOne (425 in chips) 
Seat 2: Mahu2021 (618 in chips) 
Seat 3: Sergey_Pit (457 in chips) 
BonyOne: posts small blind 10
Mahu2021: posts big blind 20
*** HOLE CARDS ***
Dealt to Mahu2021 [Qh 9c]
Sergey_Pit: raises 20 to 40
BonyOne: calls 30
Mahu2021: calls 20
*** FLOP *** [7s 4c Qd]
BonyOne: bets 20
Mahu2021: calls 20
Sergey_Pit: folds 
*** TURN *** [7s 4c Qd] [5h]
BonyOne: bets 20
Mahu2021: calls 20
*** RIVER *** [7s 4c Qd 5h] [Th]
BonyOne: checks 
Mahu2021: checks 
*** SHOW DOWN ***
BonyOne: shows [Ac 4s] (a pair of Fours)
Mahu2021: shows [Qh 9c] (a pair of Queens)
Mahu2021 collected 200 from pot
*** SUMMARY ***
Total pot 200 | Rake 0 
Board [7s 4c Qd 5h Th]
Seat 1: BonyOne (small blind) showed [Ac 4s] and lost with a pair of Fours
Seat 2: Mahu2021 (big blind) showed [Qh 9c] and won (200) with a pair of Queens
Seat 3: Sergey_Pit (button) folded on the Flop



PokerStars Hand #250041941306: Tournament #3743447913, $1.84+$0.16 USD Hold'em No Limit - Level I (10/20) - 2024/04/18 19:56:11 CET [2024/04/18 13:56:11 ET]
Table '3743447913 1' 3-max Seat #1 is the button
Seat 1: BonyOne (345 in chips) 
Seat 2: Mahu2021 (738 in chips) 
Seat 3: Sergey_Pit (417 in chips) 
Mahu2021: posts small blind 10
Sergey_Pit: posts big blind 20
*** HOLE CARDS ***
Dealt to Mahu2021 [Td 8d]
BonyOne: raises 20 to 40
Mahu2021: calls 30
Sergey_Pit: calls 20
*** FLOP *** [Ac 9d 3d]
Mahu2021: checks 
Sergey_Pit: checks 
BonyOne: checks 
*** TURN *** [Ac 9d 3d] [7h]
Mahu2021: checks 
Sergey_Pit: checks 
BonyOne: checks 
*** RIVER *** [Ac 9d 3d 7h] [Kh]
Mahu2021: checks 
Sergey_Pit: checks 
BonyOne: checks 
*** SHOW DOWN ***
Mahu2021: shows [Td 8d] (high card Ace)
Sergey_Pit: shows [7s Ts] (a pair of Sevens)
BonyOne: mucks hand 
Sergey_Pit collected 120 from pot
*** SUMMARY ***
Total pot 120 | Rake 0 
Board [Ac 9d 3d 7h Kh]
Seat 1: BonyOne (button) mucked [Tc Qh]
Seat 2: Mahu2021 (small blind) showed [Td 8d] and lost with high card Ace
Seat 3: Sergey_Pit (big blind) showed [7s Ts] and won (120) with a pair of Sevens



PokerStars Hand #250041947485: Tournament #3743447913, $1.84+$0.16 USD Hold'em No Limit - Level II (15/30) - 2024/04/18 19:56:40 CET [2024/04/18 13:56:40 ET]
Table '3743447913 1' 3-max Seat #2 is the button
Seat 1: BonyOne (305 in chips) 
Seat 2: Mahu2021 (698 in chips) 
Seat 3: Sergey_Pit (497 in chips) 
Sergey_Pit: posts small blind 15
BonyOne: posts big blind 30
*** HOLE CARDS ***
Dealt to Mahu2021 [8c Jh]
Mahu2021: calls 30
Sergey_Pit: folds 
BonyOne: checks 
*** FLOP *** [5h 8d 2c]
BonyOne: checks 
Mahu2021: bets 668 and is all-in
BonyOne: folds 
Uncalled bet (668) returned to Mahu2021
Mahu2021 collected 75 from pot
Mahu2021: doesn't show hand 
*** SUMMARY ***
Total pot 75 | Rake 0 
Board [5h 8d 2c]
Seat 1: BonyOne (big blind) folded on the Flop
Seat 2: Mahu2021 (button) collected (75)
Seat 3: Sergey_Pit (small blind) folded before Flop



PokerStars Hand #250041951035: Tournament #3743447913, $1.84+$0.16 USD Hold'em No Limit - Level II (15/30) - 2024/04/18 19:56:56 CET [2024/04/18 13:56:56 ET]
Table '3743447913 1' 3-max Seat #3 is the button
Seat 1: BonyOne (275 in chips) 
Seat 2: Mahu2021 (743 in chips) 
Seat 3: Sergey_Pit (482 in chips) 
BonyOne: posts small blind 15
Mahu2021: posts big blind 30
*** HOLE CARDS ***
Dealt to Mahu2021 [4d 3s]
Sergey_Pit: raises 30 to 60
BonyOne: calls 45
Mahu2021: calls 30
*** FLOP *** [Tc Jd 2c]
BonyOne: bets 215 and is all-in
Mahu2021: folds 
Sergey_Pit: folds 
Uncalled bet (215) returned to BonyOne
BonyOne collected 180 from pot
BonyOne: doesn't show hand 
*** SUMMARY ***
Total pot 180 | Rake 0 
Board [Tc Jd 2c]
Seat 1: BonyOne (small blind) collected (180)
Seat 2: Mahu2021 (big blind) folded on the Flop
Seat 3: Sergey_Pit (button) folded on the Flop



PokerStars Hand #250041954658: Tournament #3743447913, $1.84+$0.16 USD Hold'em No Limit - Level II (15/30) - 2024/04/18 19:57:13 CET [2024/04/18 13:57:13 ET]
Table '3743447913 1' 3-max Seat #1 is the button
Seat 1: BonyOne (395 in chips) 
Seat 2: Mahu2021 (683 in chips) 
Seat 3: Sergey_Pit (422 in chips) 
Mahu2021: posts small blind 15
Sergey_Pit: posts big blind 30
*** HOLE CARDS ***
Dealt to Mahu2021 [6h Js]
BonyOne: raises 365 to 395 and is all-in
Mahu2021: folds 
Sergey_Pit: folds 
Uncalled bet (365) returned to BonyOne
BonyOne collected 75 from pot
BonyOne: doesn't show hand 
*** SUMMARY ***
Total pot 75 | Rake 0 
Seat 1: BonyOne (button) collected (75)
Seat 2: Mahu2021 (small blind) folded before Flop
Seat 3: Sergey_Pit (big blind) folded before Flop



PokerStars Hand #250041956292: Tournament #3743447913, $1.84+$0.16 USD Hold'em No Limit - Level II (15/30) - 2024/04/18 19:57:20 CET [2024/04/18 13:57:20 ET]
Table '3743447913 1' 3-max Seat #2 is the button
Seat 1: BonyOne (440 in chips) 
Seat 2: Mahu2021 (668 in chips) 
Seat 3: Sergey_Pit (392 in chips) 
Sergey_Pit: posts small blind 15
BonyOne: posts big blind 30
*** HOLE CARDS ***
Dealt to Mahu2021 [Kd 7h]
Mahu2021: calls 30
Sergey_Pit: folds 
BonyOne: checks 
*** FLOP *** [5h 8h 4d]
BonyOne: bets 30
Mahu2021: calls 30
*** TURN *** [5h 8h 4d] [9c]
BonyOne: bets 30
Mahu2021: calls 30
*** RIVER *** [5h 8h 4d 9c] [Kc]
BonyOne: bets 30
Mahu2021: calls 30
*** SHOW DOWN ***
BonyOne: shows [Qh 5c] (a pair of Fives)
Mahu2021: shows [Kd 7h] (a pair of Kings)
Mahu2021 collected 255 from pot
*** SUMMARY ***
Total pot 255 | Rake 0 
Board [5h 8h 4d 9c Kc]
Seat 1: BonyOne (big blind) showed [Qh 5c] and lost with a pair of Fives
Seat 2: Mahu2021 (button) showed [Kd 7h] and won (255) with a pair of Kings
Seat 3: Sergey_Pit (small blind) folded before Flop



PokerStars Hand #250041959930: Tournament #3743447913, $1.84+$0.16 USD Hold'em No Limit - Level II (15/30) - 2024/04/18 19:57:37 CET [2024/04/18 13:57:37 ET]
Table '3743447913 1' 3-max Seat #3 is the button
Seat 1: BonyOne (320 in chips) 
Seat 2: Mahu2021 (803 in chips) 
Seat 3: Sergey_Pit (377 in chips) 
BonyOne: posts small blind 15
Mahu2021: posts big blind 30
*** HOLE CARDS ***
Dealt to Mahu2021 [7c Kd]
Sergey_Pit: folds 
BonyOne: calls 15
Mahu2021: checks 
*** FLOP *** [Ah Th 5c]
BonyOne: bets 60
Mahu2021: folds 
Uncalled bet (60) returned to BonyOne
BonyOne collected 60 from pot
BonyOne: doesn't show hand 
*** SUMMARY ***
Total pot 60 | Rake 0 
Board [Ah Th 5c]
Seat 1: BonyOne (small blind) collected (60)
Seat 2: Mahu2021 (big blind) folded on the Flop
Seat 3: Sergey_Pit (button) folded before Flop (didn't bet)



PokerStars Hand #250041962464: Tournament #3743447913, $1.84+$0.16 USD Hold'em No Limit - Level II (15/30) - 2024/04/18 19:57:49 CET [2024/04/18 13:57:49 ET]
Table '3743447913 1' 3-max Seat #1 is the button
Seat 1: BonyOne (350 in chips) 
Seat 2: Mahu2021 (773 in chips) 
Seat 3: Sergey_Pit (377 in chips) 
Mahu2021: posts small blind 15
Sergey_Pit: posts big blind 30
*** HOLE CARDS ***
Dealt to Mahu2021 [5h 3s]
BonyOne: calls 30
Mahu2021: calls 15
Sergey_Pit: checks 
*** FLOP *** [6s Qc 3d]
Mahu2021: checks 
Sergey_Pit: checks 
BonyOne: bets 30
Mahu2021: calls 30
Sergey_Pit: folds 
*** TURN *** [6s Qc 3d] [Qd]
Mahu2021: checks 
BonyOne: bets 30
Mahu2021: calls 30
*** RIVER *** [6s Qc 3d Qd] [Js]
Mahu2021: checks 
BonyOne: bets 60
Mahu2021: calls 60
*** SHOW DOWN ***
BonyOne: shows [Jh 3c] (two pair, Queens and Jacks)
Mahu2021: mucks hand 
BonyOne collected 330 from pot
*** SUMMARY ***
Total pot 330 | Rake 0 
Board [6s Qc 3d Qd Js]
Seat 1: BonyOne (button) showed [Jh 3c] and won (330) with two pair, Queens and Jacks
Seat 2: Mahu2021 (small blind) mucked [5h 3s]
Seat 3: Sergey_Pit (big blind) folded on the Flop



PokerStars Hand #250041968292: Tournament #3743447913, $1.84+$0.16 USD Hold'em No Limit - Level II (15/30) - 2024/04/18 19:58:16 CET [2024/04/18 13:58:16 ET]
Table '3743447913 1' 3-max Seat #2 is the button
Seat 1: BonyOne (530 in chips) 
Seat 2: Mahu2021 (623 in chips) 
Seat 3: Sergey_Pit (347 in chips) 
Sergey_Pit: posts small blind 15
BonyOne: posts big blind 30
*** HOLE CARDS ***
Dealt to Mahu2021 [Ts 7c]
Mahu2021: folds 
Sergey_Pit: folds 
Uncalled bet (15) returned to BonyOne
BonyOne collected 30 from pot
BonyOne: doesn't show hand 
*** SUMMARY ***
Total pot 30 | Rake 0 
Seat 1: BonyOne (big blind) collected (30)
Seat 2: Mahu2021 (button) folded before Flop (didn't bet)
Seat 3: Sergey_Pit (small blind) folded before Flop



PokerStars Hand #250041969684: Tournament #3743447913, $1.84+$0.16 USD Hold'em No Limit - Level II (15/30) - 2024/04/18 19:58:22 CET [2024/04/18 13:58:22 ET]
Table '3743447913 1' 3-max Seat #3 is the button
Seat 1: BonyOne (545 in chips) 
Seat 2: Mahu2021 (623 in chips) 
Seat 3: Sergey_Pit (332 in chips) 
BonyOne: posts small blind 15
Mahu2021: posts big blind 30
*** HOLE CARDS ***
Dealt to Mahu2021 [3d Td]
Sergey_Pit: folds 
BonyOne: calls 15
Mahu2021: checks 
*** FLOP *** [2h Kd 5h]
BonyOne: bets 60
Mahu2021: folds 
Uncalled bet (60) returned to BonyOne
BonyOne collected 60 from pot
BonyOne: doesn't show hand 
*** SUMMARY ***
Total pot 60 | Rake 0 
Board [2h Kd 5h]
Seat 1: BonyOne (small blind) collected (60)
Seat 2: Mahu2021 (big blind) folded on the Flop
Seat 3: Sergey_Pit (button) folded before Flop (didn't bet)



PokerStars Hand #250041971738: Tournament #3743447913, $1.84+$0.16 USD Hold'em No Limit - Level II (15/30) - 2024/04/18 19:58:32 CET [2024/04/18 13:58:32 ET]
Table '3743447913 1' 3-max Seat #1 is the button
Seat 1: BonyOne (575 in chips) 
Seat 2: Mahu2021 (593 in chips) 
Seat 3: Sergey_Pit (332 in chips) 
Mahu2021: posts small blind 15
Sergey_Pit: posts big blind 30
*** HOLE CARDS ***
Dealt to Mahu2021 [8d 3d]
BonyOne: raises 30 to 60
Mahu2021: folds 
Sergey_Pit: raises 272 to 332 and is all-in
BonyOne: calls 272
*** FLOP *** [4c 6h Td]
*** TURN *** [4c 6h Td] [8s]
*** RIVER *** [4c 6h Td 8s] [9s]
*** SHOW DOWN ***
Sergey_Pit: shows [Ad Js] (high card Ace)
BonyOne: shows [4s 4d] (three of a kind, Fours)
BonyOne collected 679 from pot
Sergey_Pit finished the tournament in 3rd place
*** SUMMARY ***
Total pot 679 | Rake 0 
Board [4c 6h Td 8s 9s]
Seat 1: BonyOne (button) showed [4s 4d] and won (679) with three of a kind, Fours
Seat 2: Mahu2021 (small blind) folded before Flop
Seat 3: Sergey_Pit (big blind) showed [Ad Js] and lost with high card Ace



PokerStars Hand #250041976801: Tournament #3743447913, $1.84+$0.16 USD Hold'em No Limit - Level II (15/30) - 2024/04/18 19:58:55 CET [2024/04/18 13:58:55 ET]
Table '3743447913 1' 3-max Seat #2 is the button
Seat 1: BonyOne (922 in chips) 
Seat 2: Mahu2021 (578 in chips) 
Mahu2021: posts small blind 15
BonyOne: posts big blind 30
*** HOLE CARDS ***
Dealt to Mahu2021 [Kh Th]
Mahu2021: raises 30 to 60
BonyOne: calls 30
*** FLOP *** [8c 5h 7s]
BonyOne: checks 
Mahu2021: checks 
*** TURN *** [8c 5h 7s] [Ac]
BonyOne: checks 
Mahu2021: bets 60
BonyOne: folds 
Uncalled bet (60) returned to Mahu2021
Mahu2021 collected 120 from pot
Mahu2021: doesn't show hand 
*** SUMMARY ***
Total pot 120 | Rake 0 
Board [8c 5h 7s Ac]
Seat 1: BonyOne (big blind) folded on the Turn
Seat 2: Mahu2021 (button) (small blind) collected (120)



PokerStars Hand #250041979676: Tournament #3743447913, $1.84+$0.16 USD Hold'em No Limit - Level II (15/30) - 2024/04/18 19:59:08 CET [2024/04/18 13:59:08 ET]
Table '3743447913 1' 3-max Seat #1 is the button
Seat 1: BonyOne (862 in chips) 
Seat 2: Mahu2021 (638 in chips) 
BonyOne: posts small blind 15
Mahu2021: posts big blind 30
*** HOLE CARDS ***
Dealt to Mahu2021 [Jh As]
BonyOne: calls 15
Mahu2021: raises 90 to 120
BonyOne: folds 
Uncalled bet (90) returned to Mahu2021
Mahu2021 collected 60 from pot
Mahu2021: doesn't show hand 
*** SUMMARY ***
Total pot 60 | Rake 0 
Seat 1: BonyOne (button) (small blind) folded before Flop
Seat 2: Mahu2021 (big blind) collected (60)



PokerStars Hand #250041982014: Tournament #3743447913, $1.84+$0.16 USD Hold'em No Limit - Level III (20/40) - 2024/04/18 19:59:18 CET [2024/04/18 13:59:18 ET]
Table '3743447913 1' 3-max Seat #2 is the button
Seat 1: BonyOne (832 in chips) 
Seat 2: Mahu2021 (668 in chips) 
Mahu2021: posts small blind 20
BonyOne: posts big blind 40
*** HOLE CARDS ***
Dealt to Mahu2021 [Qc Ts]
Mahu2021: raises 40 to 80
BonyOne: folds 
Uncalled bet (40) returned to Mahu2021
Mahu2021 collected 80 from pot
Mahu2021: doesn't show hand 
*** SUMMARY ***
Total pot 80 | Rake 0 
Seat 1: BonyOne (big blind) folded before Flop
Seat 2: Mahu2021 (button) (small blind) collected (80)



PokerStars Hand #250041983475: Tournament #3743447913, $1.84+$0.16 USD Hold'em No Limit - Level III (20/40) - 2024/04/18 19:59:25 CET [2024/04/18 13:59:25 ET]
Table '3743447913 1' 3-max Seat #1 is the button
Seat 1: BonyOne (792 in chips) 
Seat 2: Mahu2021 (708 in chips) 
BonyOne: posts small blind 20
Mahu2021: posts big blind 40
*** HOLE CARDS ***
Dealt to Mahu2021 [Kd 2d]
BonyOne: calls 20
Mahu2021: checks 
*** FLOP *** [Ac 4c Kh]
Mahu2021: checks 
BonyOne: bets 40
Mahu2021: calls 40
*** TURN *** [Ac 4c Kh] [7c]
Mahu2021: checks 
BonyOne: bets 40
Mahu2021: calls 40
*** RIVER *** [Ac 4c Kh 7c] [6h]
Mahu2021: checks 
BonyOne: checks 
*** SHOW DOWN ***
Mahu2021: shows [Kd 2d] (a pair of Kings)
BonyOne: mucks hand 
Mahu2021 collected 240 from pot
*** SUMMARY ***
Total pot 240 | Rake 0 
Board [Ac 4c Kh 7c 6h]
Seat 1: BonyOne (button) (small blind) mucked [Jc Qd]
Seat 2: Mahu2021 (big blind) showed [Kd 2d] and won (240) with a pair of Kings



PokerStars Hand #250041987025: Tournament #3743447913, $1.84+$0.16 USD Hold'em No Limit - Level III (20/40) - 2024/04/18 19:59:41 CET [2024/04/18 13:59:41 ET]
Table '3743447913 1' 3-max Seat #2 is the button
Seat 1: BonyOne (672 in chips) 
Seat 2: Mahu2021 (828 in chips) 
Mahu2021: posts small blind 20
BonyOne: posts big blind 40
*** HOLE CARDS ***
Dealt to Mahu2021 [8s 4s]
Mahu2021: calls 20
BonyOne: checks 
*** FLOP *** [Ts 4d Kh]
BonyOne: checks 
Mahu2021: bets 40
BonyOne: calls 40
*** TURN *** [Ts 4d Kh] [5c]
BonyOne: checks 
Mahu2021: bets 160
BonyOne: folds 
Uncalled bet (160) returned to Mahu2021
Mahu2021 collected 160 from pot
Mahu2021: doesn't show hand 
*** SUMMARY ***
Total pot 160 | Rake 0 
Board [Ts 4d Kh 5c]
Seat 1: BonyOne (big blind) folded on the Turn
Seat 2: Mahu2021 (button) (small blind) collected (160)



PokerStars Hand #250041990372: Tournament #3743447913, $1.84+$0.16 USD Hold'em No Limit - Level III (20/40) - 2024/04/18 19:59:56 CET [2024/04/18 13:59:56 ET]
Table '3743447913 1' 3-max Seat #1 is the button
Seat 1: BonyOne (592 in chips) 
Seat 2: Mahu2021 (908 in chips) 
BonyOne: posts small blind 20
Mahu2021: posts big blind 40
*** HOLE CARDS ***
Dealt to Mahu2021 [4s Js]
BonyOne: calls 20
Mahu2021: checks 
*** FLOP *** [Ks 5d 6c]
Mahu2021: checks 
BonyOne: bets 40
Mahu2021: folds 
Uncalled bet (40) returned to BonyOne
BonyOne collected 80 from pot
BonyOne: doesn't show hand 
*** SUMMARY ***
Total pot 80 | Rake 0 
Board [Ks 5d 6c]
Seat 1: BonyOne (button) (small blind) collected (80)
Seat 2: Mahu2021 (big blind) folded on the Flop



PokerStars Hand #250041992626: Tournament #3743447913, $1.84+$0.16 USD Hold'em No Limit - Level III (20/40) - 2024/04/18 20:00:06 CET [2024/04/18 14:00:06 ET]
Table '3743447913 1' 3-max Seat #2 is the button
Seat 1: BonyOne (632 in chips) 
Seat 2: Mahu2021 (868 in chips) 
Mahu2021: posts small blind 20
BonyOne: posts big blind 40
*** HOLE CARDS ***
Dealt to Mahu2021 [Td 5c]
Mahu2021: folds 
Uncalled bet (20) returned to BonyOne
BonyOne collected 40 from pot
BonyOne: doesn't show hand 
*** SUMMARY ***
Total pot 40 | Rake 0 
Seat 1: BonyOne (big blind) collected (40)
Seat 2: Mahu2021 (button) (small blind) folded before Flop



PokerStars Hand #250041993588: Tournament #3743447913, $1.84+$0.16 USD Hold'em No Limit - Level III (20/40) - 2024/04/18 20:00:10 CET [2024/04/18 14:00:10 ET]
Table '3743447913 1' 3-max Seat #1 is the button
Seat 1: BonyOne (652 in chips) 
Seat 2: Mahu2021 (848 in chips) 
BonyOne: posts small blind 20
Mahu2021: posts big blind 40
*** HOLE CARDS ***
Dealt to Mahu2021 [Qd Jc]
BonyOne: calls 20
Mahu2021: raises 80 to 120
BonyOne: calls 80
*** FLOP *** [8h 5d 3d]
Mahu2021: checks 
BonyOne: bets 40
Mahu2021: calls 40
*** TURN *** [8h 5d 3d] [Kc]
Mahu2021: checks 
BonyOne: bets 40
Mahu2021: raises 648 to 688 and is all-in
BonyOne: folds 
Uncalled bet (648) returned to Mahu2021
Mahu2021 collected 400 from pot
Mahu2021: doesn't show hand 
*** SUMMARY ***
Total pot 400 | Rake 0 
Board [8h 5d 3d Kc]
Seat 1: BonyOne (button) (small blind) folded on the Turn
Seat 2: Mahu2021 (big blind) collected (400)



PokerStars Hand #250042000287: Tournament #3743447913, $1.84+$0.16 USD Hold'em No Limit - Level III (20/40) - 2024/04/18 20:00:38 CET [2024/04/18 14:00:38 ET]
Table '3743447913 1' 3-max Seat #2 is the button
Seat 1: BonyOne (452 in chips) 
Seat 2: Mahu2021 (1048 in chips) 
Mahu2021: posts small blind 20
BonyOne: posts big blind 40
*** HOLE CARDS ***
Dealt to Mahu2021 [9h Kc]
Mahu2021: calls 20
BonyOne: raises 40 to 80
Mahu2021: calls 40
*** FLOP *** [2c 4h Ks]
BonyOne: bets 40
Mahu2021: calls 40
*** TURN *** [2c 4h Ks] [6s]
BonyOne: bets 40
Mahu2021: calls 40
*** RIVER *** [2c 4h Ks 6s] [Qs]
BonyOne: bets 40
Mahu2021: raises 848 to 888 and is all-in
BonyOne: folds 
Uncalled bet (848) returned to Mahu2021
Mahu2021 collected 400 from pot
Mahu2021: doesn't show hand 
*** SUMMARY ***
Total pot 400 | Rake 0 
Board [2c 4h Ks 6s Qs]
Seat 1: BonyOne (big blind) folded on the River
Seat 2: Mahu2021 (button) (small blind) collected (400)



PokerStars Hand #250042005489: Tournament #3743447913, $1.84+$0.16 USD Hold'em No Limit - Level III (20/40) - 2024/04/18 20:00:59 CET [2024/04/18 14:00:59 ET]
Table '3743447913 1' 3-max Seat #1 is the button
Seat 1: BonyOne (252 in chips) 
Seat 2: Mahu2021 (1248 in chips) 
BonyOne: posts small blind 20
Mahu2021: posts big blind 40
*** HOLE CARDS ***
Dealt to Mahu2021 [Jh 4s]
BonyOne: folds 
Uncalled bet (20) returned to Mahu2021
Mahu2021 collected 40 from pot
Mahu2021: doesn't show hand 
*** SUMMARY ***
Total pot 40 | Rake 0 
Seat 1: BonyOne (button) (small blind) folded before Flop
Seat 2: Mahu2021 (big blind) collected (40)



PokerStars Hand #250042006736: Tournament #3743447913, $1.84+$0.16 USD Hold'em No Limit - Level III (20/40) - 2024/04/18 20:01:03 CET [2024/04/18 14:01:03 ET]
Table '3743447913 1' 3-max Seat #2 is the button
Seat 1: BonyOne (232 in chips) 
Seat 2: Mahu2021 (1268 in chips) 
Mahu2021: posts small blind 20
BonyOne: posts big blind 40
*** HOLE CARDS ***
Dealt to Mahu2021 [5d 6s]
Mahu2021: calls 20
BonyOne: raises 192 to 232 and is all-in
Mahu2021: folds 
Uncalled bet (192) returned to BonyOne
BonyOne collected 80 from pot
BonyOne: doesn't show hand 
*** SUMMARY ***
Total pot 80 | Rake 0 
Seat 1: BonyOne (big blind) collected (80)
Seat 2: Mahu2021 (button) (small blind) folded before Flop



PokerStars Hand #250042008778: Tournament #3743447913, $1.84+$0.16 USD Hold'em No Limit - Level III (20/40) - 2024/04/18 20:01:11 CET [2024/04/18 14:01:11 ET]
Table '3743447913 1' 3-max Seat #1 is the button
Seat 1: BonyOne (272 in chips) 
Seat 2: Mahu2021 (1228 in chips) 
BonyOne: posts small blind 20
Mahu2021: posts big blind 40
*** HOLE CARDS ***
Dealt to Mahu2021 [Ac Td]
BonyOne: calls 20
Mahu2021: raises 80 to 120
BonyOne: folds 
Uncalled bet (80) returned to Mahu2021
Mahu2021 collected 80 from pot
Mahu2021: doesn't show hand 
*** SUMMARY ***
Total pot 80 | Rake 0 
Seat 1: BonyOne (button) (small blind) folded before Flop
Seat 2: Mahu2021 (big blind) collected (80)



PokerStars Hand #250042011102: Tournament #3743447913, $1.84+$0.16 USD Hold'em No Limit - Level III (20/40) - 2024/04/18 20:01:20 CET [2024/04/18 14:01:20 ET]
Table '3743447913 1' 3-max Seat #2 is the button
Seat 1: BonyOne (232 in chips) 
Seat 2: Mahu2021 (1268 in chips) 
Mahu2021: posts small blind 20
BonyOne: posts big blind 40
*** HOLE CARDS ***
Dealt to Mahu2021 [9h Ac]
Mahu2021: raises 40 to 80
BonyOne: calls 40
*** FLOP *** [7s 6c Qs]
BonyOne: bets 152 and is all-in
Mahu2021: calls 152
*** TURN *** [7s 6c Qs] [8c]
*** RIVER *** [7s 6c Qs 8c] [Kc]
*** SHOW DOWN ***
BonyOne: shows [8d 2d] (a pair of Eights)
Mahu2021: shows [9h Ac] (high card Ace)
BonyOne collected 464 from pot
*** SUMMARY ***
Total pot 464 | Rake 0 
Board [7s 6c Qs 8c Kc]
Seat 1: BonyOne (big blind) showed [8d 2d] and won (464) with a pair of Eights
Seat 2: Mahu2021 (button) (small blind) showed [9h Ac] and lost with high card Ace



PokerStars Hand #250042015491: Tournament #3743447913, $1.84+$0.16 USD Hold'em No Limit - Level III (20/40) - 2024/04/18 20:01:36 CET [2024/04/18 14:01:36 ET]
Table '3743447913 1' 3-max Seat #1 is the button
Seat 1: BonyOne (464 in chips) 
Seat 2: Mahu2021 (1036 in chips) 
BonyOne: posts small blind 20
Mahu2021: posts big blind 40
*** HOLE CARDS ***
Dealt to Mahu2021 [6h Kc]
BonyOne: calls 20
Mahu2021: checks 
*** FLOP *** [5h Jh 6c]
Mahu2021: bets 40
BonyOne: calls 40
*** TURN *** [5h Jh 6c] [Ad]
Mahu2021: bets 40
BonyOne: calls 40
*** RIVER *** [5h Jh 6c Ad] [Js]
Mahu2021: bets 40
BonyOne: folds 
Uncalled bet (40) returned to Mahu2021
Mahu2021 collected 240 from pot
Mahu2021: doesn't show hand 
*** SUMMARY ***
Total pot 240 | Rake 0 
Board [5h Jh 6c Ad Js]
Seat 1: BonyOne (button) (small blind) folded on the River
Seat 2: Mahu2021 (big blind) collected (240)



PokerStars Hand #250042021733: Tournament #3743447913, $1.84+$0.16 USD Hold'em No Limit - Level III (20/40) - 2024/04/18 20:01:58 CET [2024/04/18 14:01:58 ET]
Table '3743447913 1' 3-max Seat #2 is the button
Seat 1: BonyOne (344 in chips) 
Seat 2: Mahu2021 (1156 in chips) 
Mahu2021: posts small blind 20
BonyOne: posts big blind 40
*** HOLE CARDS ***
Dealt to Mahu2021 [3h 5c]
Mahu2021: calls 20
BonyOne: checks 
*** FLOP *** [Qs Js 8s]
BonyOne: checks 
Mahu2021: checks 
*** TURN *** [Qs Js 8s] [2h]
BonyOne: bets 40
Mahu2021: folds 
Uncalled bet (40) returned to BonyOne
BonyOne collected 80 from pot
BonyOne: doesn't show hand 
*** SUMMARY ***
Total pot 80 | Rake 0 
Board [Qs Js 8s 2h]
Seat 1: BonyOne (big blind) collected (80)
Seat 2: Mahu2021 (button) (small blind) folded on the Turn



PokerStars Hand #250042024802: Tournament #3743447913, $1.84+$0.16 USD Hold'em No Limit - Level III (20/40) - 2024/04/18 20:02:09 CET [2024/04/18 14:02:09 ET]
Table '3743447913 1' 3-max Seat #1 is the button
Seat 1: BonyOne (384 in chips) 
Seat 2: Mahu2021 (1116 in chips) 
BonyOne: posts small blind 20
Mahu2021: posts big blind 40
*** HOLE CARDS ***
Dealt to Mahu2021 [4s 5h]
BonyOne: calls 20
Mahu2021: checks 
*** FLOP *** [6s 7h Ac]
Mahu2021: checks 
BonyOne: checks 
*** TURN *** [6s 7h Ac] [7s]
Mahu2021: checks 
BonyOne: bets 40
Mahu2021: calls 40
*** RIVER *** [6s 7h Ac 7s] [Tc]
Mahu2021: checks 
BonyOne: bets 304 and is all-in
Mahu2021: folds 
Uncalled bet (304) returned to BonyOne
BonyOne collected 160 from pot
BonyOne: doesn't show hand 
*** SUMMARY ***
Total pot 160 | Rake 0 
Board [6s 7h Ac 7s Tc]
Seat 1: BonyOne (button) (small blind) collected (160)
Seat 2: Mahu2021 (big blind) folded on the River



PokerStars Hand #250042031449: Tournament #3743447913, $1.84+$0.16 USD Hold'em No Limit - Level IV (30/60) - 2024/04/18 20:02:29 CET [2024/04/18 14:02:29 ET]
Table '3743447913 1' 3-max Seat #2 is the button
Seat 1: BonyOne (464 in chips) 
Seat 2: Mahu2021 (1036 in chips) 
Mahu2021: posts small blind 30
BonyOne: posts big blind 60
*** HOLE CARDS ***
Dealt to Mahu2021 [9h 6h]
Mahu2021: calls 30
BonyOne: checks 
*** FLOP *** [6c 3s Ks]
BonyOne: checks 
Mahu2021: bets 60
BonyOne: calls 60
*** TURN *** [6c 3s Ks] [Ac]
BonyOne: checks 
Mahu2021: bets 60
BonyOne: folds 
Uncalled bet (60) returned to Mahu2021
Mahu2021 collected 240 from pot
Mahu2021: doesn't show hand 
*** SUMMARY ***
Total pot 240 | Rake 0 
Board [6c 3s Ks Ac]
Seat 1: BonyOne (big blind) folded on the Turn
Seat 2: Mahu2021 (button) (small blind) collected (240)



PokerStars Hand #250042038681: Tournament #3743447913, $1.84+$0.16 USD Hold'em No Limit - Level IV (30/60) - 2024/04/18 20:02:56 CET [2024/04/18 14:02:56 ET]
Table '3743447913 1' 3-max Seat #1 is the button
Seat 1: BonyOne (344 in chips) 
Seat 2: Mahu2021 (1156 in chips) 
BonyOne: posts small blind 30
Mahu2021: posts big blind 60
*** HOLE CARDS ***
Dealt to Mahu2021 [8h 4s]
BonyOne: calls 30
Mahu2021: checks 
*** FLOP *** [Td Qd 7h]
Mahu2021: checks 
BonyOne: bets 60
Mahu2021: folds 
Uncalled bet (60) returned to BonyOne
BonyOne collected 120 from pot
BonyOne: doesn't show hand 
*** SUMMARY ***
Total pot 120 | Rake 0 
Board [Td Qd 7h]
Seat 1: BonyOne (button) (small blind) collected (120)
Seat 2: Mahu2021 (big blind) folded on the Flop



PokerStars Hand #250042041905: Tournament #3743447913, $1.84+$0.16 USD Hold'em No Limit - Level IV (30/60) - 2024/04/18 20:03:06 CET [2024/04/18 14:03:06 ET]
Table '3743447913 1' 3-max Seat #2 is the button
Seat 1: BonyOne (404 in chips) 
Seat 2: Mahu2021 (1096 in chips) 
Mahu2021: posts small blind 30
BonyOne: posts big blind 60
*** HOLE CARDS ***
Dealt to Mahu2021 [9h 8h]
Mahu2021: calls 30
BonyOne: checks 
*** FLOP *** [3h Qh 8s]
BonyOne: bets 60
Mahu2021: raises 120 to 180
BonyOne: calls 120
*** TURN *** [3h Qh 8s] [Ks]
BonyOne: checks 
Mahu2021: bets 180
BonyOne: calls 164 and is all-in
Uncalled bet (16) returned to Mahu2021
*** RIVER *** [3h Qh 8s Ks] [2c]
*** SHOW DOWN ***
BonyOne: shows [Kd Js] (a pair of Kings)
Mahu2021: shows [9h 8h] (a pair of Eights)
BonyOne collected 808 from pot
*** SUMMARY ***
Total pot 808 | Rake 0 
Board [3h Qh 8s Ks 2c]
Seat 1: BonyOne (big blind) showed [Kd Js] and won (808) with a pair of Kings
Seat 2: Mahu2021 (button) (small blind) showed [9h 8h] and lost with a pair of Eights



PokerStars Hand #250042048156: Tournament #3743447913, $1.84+$0.16 USD Hold'em No Limit - Level IV (30/60) - 2024/04/18 20:03:27 CET [2024/04/18 14:03:27 ET]
Table '3743447913 1' 3-max Seat #1 is the button
Seat 1: BonyOne (808 in chips) 
Seat 2: Mahu2021 (692 in chips) 
BonyOne: posts small blind 30
Mahu2021: posts big blind 60
*** HOLE CARDS ***
Dealt to Mahu2021 [9c Th]
BonyOne: calls 30
Mahu2021: checks 
*** FLOP *** [3d Qc 7s]
Mahu2021: checks 
BonyOne: checks 
*** TURN *** [3d Qc 7s] [6c]
Mahu2021: checks 
BonyOne: bets 60
Mahu2021: calls 60
*** RIVER *** [3d Qc 7s 6c] [8c]
Mahu2021: bets 572 and is all-in
BonyOne: folds 
Uncalled bet (572) returned to Mahu2021
Mahu2021 collected 240 from pot
Mahu2021: doesn't show hand 
*** SUMMARY ***
Total pot 240 | Rake 0 
Board [3d Qc 7s 6c 8c]
Seat 1: BonyOne (button) (small blind) folded on the River
Seat 2: Mahu2021 (big blind) collected (240)



PokerStars Hand #250042053224: Tournament #3743447913, $1.84+$0.16 USD Hold'em No Limit - Level IV (30/60) - 2024/04/18 20:03:44 CET [2024/04/18 14:03:44 ET]
Table '3743447913 1' 3-max Seat #2 is the button
Seat 1: BonyOne (688 in chips) 
Seat 2: Mahu2021 (812 in chips) 
Mahu2021: posts small blind 30
BonyOne: posts big blind 60
*** HOLE CARDS ***
Dealt to Mahu2021 [Jc Kd]
Mahu2021: raises 752 to 812 and is all-in
BonyOne: folds 
Uncalled bet (752) returned to Mahu2021
Mahu2021 collected 120 from pot
Mahu2021: doesn't show hand 
*** SUMMARY ***
Total pot 120 | Rake 0 
Seat 1: BonyOne (big blind) folded before Flop
Seat 2: Mahu2021 (button) (small blind) collected (120)



PokerStars Hand #250042055226: Tournament #3743447913, $1.84+$0.16 USD Hold'em No Limit - Level IV (30/60) - 2024/04/18 20:03:51 CET [2024/04/18 14:03:51 ET]
Table '3743447913 1' 3-max Seat #1 is the button
Seat 1: BonyOne (628 in chips) 
Seat 2: Mahu2021 (872 in chips) 
BonyOne: posts small blind 30
Mahu2021: posts big blind 60
*** HOLE CARDS ***
Dealt to Mahu2021 [Tc Ad]
BonyOne: calls 30
Mahu2021: raises 812 to 872 and is all-in
BonyOne: folds 
Uncalled bet (812) returned to Mahu2021
Mahu2021 collected 120 from pot
Mahu2021: doesn't show hand 
*** SUMMARY ***
Total pot 120 | Rake 0 
Seat 1: BonyOne (button) (small blind) folded before Flop
Seat 2: Mahu2021 (big blind) collected (120)



PokerStars Hand #250042057610: Tournament #3743447913, $1.84+$0.16 USD Hold'em No Limit - Level IV (30/60) - 2024/04/18 20:03:58 CET [2024/04/18 14:03:58 ET]
Table '3743447913 1' 3-max Seat #2 is the button
Seat 1: BonyOne (568 in chips) 
Seat 2: Mahu2021 (932 in chips) 
Mahu2021: posts small blind 30
BonyOne: posts big blind 60
*** HOLE CARDS ***
Dealt to Mahu2021 [3d Qd]
Mahu2021: calls 30
BonyOne: checks 
*** FLOP *** [Th Td 8c]
BonyOne: checks 
Mahu2021: bets 60
BonyOne: calls 60
*** TURN *** [Th Td 8c] [9d]
BonyOne: checks 
Mahu2021: bets 812 and is all-in
BonyOne: folds 
Uncalled bet (812) returned to Mahu2021
Mahu2021 collected 240 from pot
Mahu2021: doesn't show hand 
*** SUMMARY ***
Total pot 240 | Rake 0 
Board [Th Td 8c 9d]
Seat 1: BonyOne (big blind) folded on the Turn
Seat 2: Mahu2021 (button) (small blind) collected (240)



PokerStars Hand #250042063179: Tournament #3743447913, $1.84+$0.16 USD Hold'em No Limit - Level IV (30/60) - 2024/04/18 20:04:17 CET [2024/04/18 14:04:17 ET]
Table '3743447913 1' 3-max Seat #1 is the button
Seat 1: BonyOne (448 in chips) 
Seat 2: Mahu2021 (1052 in chips) 
BonyOne: posts small blind 30
Mahu2021: posts big blind 60
*** HOLE CARDS ***
Dealt to Mahu2021 [Qc 2h]
BonyOne: calls 30
Mahu2021: checks 
*** FLOP *** [3c Qs Jc]
Mahu2021: checks 
BonyOne: checks 
*** TURN *** [3c Qs Jc] [2d]
Mahu2021: checks 
BonyOne: checks 
*** RIVER *** [3c Qs Jc 2d] [Ac]
Mahu2021: bets 180
BonyOne: folds 
Uncalled bet (180) returned to Mahu2021
Mahu2021 collected 120 from pot
Mahu2021: doesn't show hand 
*** SUMMARY ***
Total pot 120 | Rake 0 
Board [3c Qs Jc 2d Ac]
Seat 1: BonyOne (button) (small blind) folded on the River
Seat 2: Mahu2021 (big blind) collected (120)



PokerStars Hand #250042067426: Tournament #3743447913, $1.84+$0.16 USD Hold'em No Limit - Level IV (30/60) - 2024/04/18 20:04:32 CET [2024/04/18 14:04:32 ET]
Table '3743447913 1' 3-max Seat #2 is the button
Seat 1: BonyOne (388 in chips) 
Seat 2: Mahu2021 (1112 in chips) 
Mahu2021: posts small blind 30
BonyOne: posts big blind 60
*** HOLE CARDS ***
Dealt to Mahu2021 [5h Ah]
Mahu2021: raises 60 to 120
BonyOne: calls 60
*** FLOP *** [Jc Ad Td]
BonyOne: checks 
Mahu2021: bets 60
BonyOne: raises 208 to 268 and is all-in
Mahu2021: calls 208
*** TURN *** [Jc Ad Td] [7d]
*** RIVER *** [Jc Ad Td 7d] [8c]
*** SHOW DOWN ***
BonyOne: shows [8d Tc] (two pair, Tens and Eights)
Mahu2021: shows [5h Ah] (a pair of Aces)
BonyOne collected 776 from pot
*** SUMMARY ***
Total pot 776 | Rake 0 
Board [Jc Ad Td 7d 8c]
Seat 1: BonyOne (big blind) showed [8d Tc] and won (776) with two pair, Tens and Eights
Seat 2: Mahu2021 (button) (small blind) showed [5h Ah] and lost with a pair of Aces



PokerStars Hand #250042072334: Tournament #3743447913, $1.84+$0.16 USD Hold'em No Limit - Level IV (30/60) - 2024/04/18 20:04:48 CET [2024/04/18 14:04:48 ET]
Table '3743447913 1' 3-max Seat #1 is the button
Seat 1: BonyOne (776 in chips) 
Seat 2: Mahu2021 (724 in chips) 
BonyOne: posts small blind 30
Mahu2021: posts big blind 60
*** HOLE CARDS ***
Dealt to Mahu2021 [8d 7d]
BonyOne: raises 60 to 120
Mahu2021: calls 60
*** FLOP *** [2d 4d 6d]
Mahu2021: checks 
BonyOne: bets 656 and is all-in
Mahu2021: calls 604 and is all-in
Uncalled bet (52) returned to BonyOne
*** TURN *** [2d 4d 6d] [9h]
*** RIVER *** [2d 4d 6d 9h] [Ah]
*** SHOW DOWN ***
Mahu2021: shows [8d 7d] (a flush, Eight high)
BonyOne: shows [6h Th] (a pair of Sixes)
Mahu2021 collected 1448 from pot
*** SUMMARY ***
Total pot 1448 | Rake 0 
Board [2d 4d 6d 9h Ah]
Seat 1: BonyOne (button) (small blind) showed [6h Th] and lost with a pair of Sixes
Seat 2: Mahu2021 (big blind) showed [8d 7d] and won (1448) with a flush, Eight high



PokerStars Hand #250042077256: Tournament #3743447913, $1.84+$0.16 USD Hold'em No Limit - Level IV (30/60) - 2024/04/18 20:05:04 CET [2024/04/18 14:05:04 ET]
Table '3743447913 1' 3-max Seat #2 is the button
Seat 1: BonyOne (52 in chips) 
Seat 2: Mahu2021 (1448 in chips) 
Mahu2021: posts small blind 30
BonyOne: posts big blind 52 and is all-in
*** HOLE CARDS ***
Dealt to Mahu2021 [9s 9c]
Mahu2021: calls 22
*** FLOP *** [3d 3c Tc]
*** TURN *** [3d 3c Tc] [6d]
*** RIVER *** [3d 3c Tc 6d] [4h]
*** SHOW DOWN ***
BonyOne: shows [6s 7d] (two pair, Sixes and Threes)
Mahu2021: shows [9s 9c] (two pair, Nines and Threes)
Mahu2021 collected 104 from pot
BonyOne finished the tournament in 2nd place
Mahu2021 wins the tournament and receives $6.00 - congratulations!
*** SUMMARY ***
Total pot 104 | Rake 0 
Board [3d 3c Tc 6d 4h]
Seat 1: BonyOne (big blind) showed [6s 7d] and lost with two pair, Sixes and Threes
Seat 2: Mahu2021 (button) (small blind) showed [9s 9c] and won (104) with two pair, Nines and Threes



