PokerStars Hand #253358148798: Tournament #3822473338, $4.60+$0.40 USD Hold'em No Limit - Level I (10/20) - 2024/11/11 16:26:17 CET [2024/11/11 10:26:17 ET]
Table '3822473338 1' 3-max Seat #1 is the button
Seat 1: Mahu2021 (500 in chips) 
Seat 2: barbalei500 (500 in chips) 
Seat 3: maju1406 (500 in chips) 
barbalei500: posts small blind 10
maju1406: posts big blind 20
*** HOLE CARDS ***
Dealt to Mahu2021 [9s Qd]
Mahu2021: folds 
barbalei500: raises 20 to 40
maju1406: calls 20
*** FLOP *** [6s 7d 2h]
barbalei500: bets 40
maju1406: folds 
Uncalled bet (40) returned to barbalei500
barbalei500 collected 80 from pot
*** SUMMARY ***
Total pot 80 | Rake 0 
Board [6s 7d 2h]
Seat 1: Mahu2021 (button) folded before Flop (didn't bet)
Seat 2: barbalei500 (small blind) collected (80)
Seat 3: maju1406 (big blind) folded on the Flop



PokerStars Hand #253358153481: Tournament #3822473338, $4.60+$0.40 USD Hold'em No Limit - Level I (10/20) - 2024/11/11 16:26:40 CET [2024/11/11 10:26:40 ET]
Table '3822473338 1' 3-max Seat #2 is the button
Seat 1: Mahu2021 (500 in chips) 
Seat 2: barbalei500 (540 in chips) 
Seat 3: maju1406 (460 in chips) 
maju1406: posts small blind 10
Mahu2021: posts big blind 20
*** HOLE CARDS ***
Dealt to Mahu2021 [3c Jc]
barbalei500: raises 20 to 40
maju1406: folds 
Mahu2021: calls 20
*** FLOP *** [Td 8s 2c]
Mahu2021: checks 
barbalei500: bets 40
Mahu2021: calls 40
*** TURN *** [Td 8s 2c] [As]
Mahu2021: checks 
barbalei500: bets 125
Mahu2021: folds 
Uncalled bet (125) returned to barbalei500
barbalei500 collected 170 from pot
*** SUMMARY ***
Total pot 170 | Rake 0 
Board [Td 8s 2c As]
Seat 1: Mahu2021 (big blind) folded on the Turn
Seat 2: barbalei500 (button) collected (170)
Seat 3: maju1406 (small blind) folded before Flop



PokerStars Hand #253358157198: Tournament #3822473338, $4.60+$0.40 USD Hold'em No Limit - Level I (10/20) - 2024/11/11 16:26:58 CET [2024/11/11 10:26:58 ET]
Table '3822473338 1' 3-max Seat #3 is the button
Seat 1: Mahu2021 (420 in chips) 
Seat 2: barbalei500 (630 in chips) 
Seat 3: maju1406 (450 in chips) 
Mahu2021: posts small blind 10
barbalei500: posts big blind 20
*** HOLE CARDS ***
Dealt to Mahu2021 [6c Qs]
maju1406: raises 20 to 40
Mahu2021: folds 
barbalei500: folds 
Uncalled bet (20) returned to maju1406
maju1406 collected 50 from pot
maju1406: doesn't show hand 
*** SUMMARY ***
Total pot 50 | Rake 0 
Seat 1: Mahu2021 (small blind) folded before Flop
Seat 2: barbalei500 (big blind) folded before Flop
Seat 3: maju1406 (button) collected (50)



PokerStars Hand #253358159700: Tournament #3822473338, $4.60+$0.40 USD Hold'em No Limit - Level I (10/20) - 2024/11/11 16:27:10 CET [2024/11/11 10:27:10 ET]
Table '3822473338 1' 3-max Seat #1 is the button
Seat 1: Mahu2021 (410 in chips) 
Seat 2: barbalei500 (610 in chips) 
Seat 3: maju1406 (480 in chips) 
barbalei500: posts small blind 10
maju1406: posts big blind 20
*** HOLE CARDS ***
Dealt to Mahu2021 [7c 8h]
Mahu2021: folds 
barbalei500: folds 
Uncalled bet (10) returned to maju1406
maju1406 collected 20 from pot
maju1406: doesn't show hand 
*** SUMMARY ***
Total pot 20 | Rake 0 
Seat 1: Mahu2021 (button) folded before Flop (didn't bet)
Seat 2: barbalei500 (small blind) folded before Flop
Seat 3: maju1406 (big blind) collected (20)



PokerStars Hand #253358160608: Tournament #3822473338, $4.60+$0.40 USD Hold'em No Limit - Level I (10/20) - 2024/11/11 16:27:15 CET [2024/11/11 10:27:15 ET]
Table '3822473338 1' 3-max Seat #2 is the button
Seat 1: Mahu2021 (410 in chips) 
Seat 2: barbalei500 (600 in chips) 
Seat 3: maju1406 (490 in chips) 
maju1406: posts small blind 10
Mahu2021: posts big blind 20
*** HOLE CARDS ***
Dealt to Mahu2021 [4c 3h]
barbalei500: folds 
maju1406: raises 30 to 50
Mahu2021: folds 
Uncalled bet (30) returned to maju1406
maju1406 collected 40 from pot
maju1406: doesn't show hand 
*** SUMMARY ***
Total pot 40 | Rake 0 
Seat 1: Mahu2021 (big blind) folded before Flop
Seat 2: barbalei500 (button) folded before Flop (didn't bet)
Seat 3: maju1406 (small blind) collected (40)



PokerStars Hand #253358162268: Tournament #3822473338, $4.60+$0.40 USD Hold'em No Limit - Level I (10/20) - 2024/11/11 16:27:23 CET [2024/11/11 10:27:23 ET]
Table '3822473338 1' 3-max Seat #3 is the button
Seat 1: Mahu2021 (390 in chips) 
Seat 2: barbalei500 (600 in chips) 
Seat 3: maju1406 (510 in chips) 
Mahu2021: posts small blind 10
barbalei500: posts big blind 20
*** HOLE CARDS ***
Dealt to Mahu2021 [9d 8d]
maju1406: raises 20 to 40
Mahu2021: calls 30
barbalei500: calls 20
*** FLOP *** [Ks Ac Jd]
Mahu2021: checks 
barbalei500: checks 
maju1406: bets 30
Mahu2021: folds 
barbalei500: raises 90 to 120
maju1406: folds 
Uncalled bet (90) returned to barbalei500
barbalei500 collected 180 from pot
*** SUMMARY ***
Total pot 180 | Rake 0 
Board [Ks Ac Jd]
Seat 1: Mahu2021 (small blind) folded on the Flop
Seat 2: barbalei500 (big blind) collected (180)
Seat 3: maju1406 (button) folded on the Flop



PokerStars Hand #253358167431: Tournament #3822473338, $4.60+$0.40 USD Hold'em No Limit - Level I (10/20) - 2024/11/11 16:27:48 CET [2024/11/11 10:27:48 ET]
Table '3822473338 1' 3-max Seat #1 is the button
Seat 1: Mahu2021 (350 in chips) 
Seat 2: barbalei500 (710 in chips) 
Seat 3: maju1406 (440 in chips) 
barbalei500: posts small blind 10
maju1406: posts big blind 20
*** HOLE CARDS ***
Dealt to Mahu2021 [Th Tc]
Mahu2021: raises 60 to 80
barbalei500: folds 
maju1406: folds 
Uncalled bet (60) returned to Mahu2021
Mahu2021 collected 50 from pot
Mahu2021: doesn't show hand 
*** SUMMARY ***
Total pot 50 | Rake 0 
Seat 1: Mahu2021 (button) collected (50)
Seat 2: barbalei500 (small blind) folded before Flop
Seat 3: maju1406 (big blind) folded before Flop



PokerStars Hand #253358169070: Tournament #3822473338, $4.60+$0.40 USD Hold'em No Limit - Level I (10/20) - 2024/11/11 16:27:56 CET [2024/11/11 10:27:56 ET]
Table '3822473338 1' 3-max Seat #2 is the button
Seat 1: Mahu2021 (380 in chips) 
Seat 2: barbalei500 (700 in chips) 
Seat 3: maju1406 (420 in chips) 
maju1406: posts small blind 10
Mahu2021: posts big blind 20
*** HOLE CARDS ***
Dealt to Mahu2021 [3h 5s]
barbalei500: raises 20 to 40
maju1406: raises 380 to 420 and is all-in
Mahu2021: folds 
barbalei500: folds 
Uncalled bet (380) returned to maju1406
maju1406 collected 100 from pot
maju1406: doesn't show hand 
*** SUMMARY ***
Total pot 100 | Rake 0 
Seat 1: Mahu2021 (big blind) folded before Flop
Seat 2: barbalei500 (button) folded before Flop
Seat 3: maju1406 (small blind) collected (100)



PokerStars Hand #253358173120: Tournament #3822473338, $4.60+$0.40 USD Hold'em No Limit - Level I (10/20) - 2024/11/11 16:28:16 CET [2024/11/11 10:28:16 ET]
Table '3822473338 1' 3-max Seat #3 is the button
Seat 1: Mahu2021 (360 in chips) 
Seat 2: barbalei500 (660 in chips) 
Seat 3: maju1406 (480 in chips) 
Mahu2021: posts small blind 10
barbalei500: posts big blind 20
*** HOLE CARDS ***
Dealt to Mahu2021 [9s Kd]
maju1406: folds 
Mahu2021: raises 40 to 60
barbalei500: raises 600 to 660 and is all-in
Mahu2021: calls 300 and is all-in
Uncalled bet (300) returned to barbalei500
*** FLOP *** [Jc 2h 2s]
*** TURN *** [Jc 2h 2s] [8c]
*** RIVER *** [Jc 2h 2s 8c] [Td]
*** SHOW DOWN ***
Mahu2021: shows [9s Kd] (a pair of Deuces)
barbalei500: shows [3h 3s] (two pair, Threes and Deuces)
barbalei500 collected 720 from pot
Mahu2021 finished the tournament in 3rd place
*** SUMMARY ***
Total pot 720 | Rake 0 
Board [Jc 2h 2s 8c Td]
Seat 1: Mahu2021 (small blind) showed [9s Kd] and lost with a pair of Deuces
Seat 2: barbalei500 (big blind) showed [3h 3s] and won (720) with two pair, Threes and Deuces
Seat 3: maju1406 (button) folded before Flop (didn't bet)



