PokerStars Hand #247077138142: Tournament #3672444809, $1.84+$0.16 USD Hold'em No Limit - Level I (10/20) - 2023/11/12 23:37:35 CET [2023/11/12 17:37:35 ET]
Table '3672444809 1' 3-max Seat #1 is the button
Seat 1: Simplybeliev (500 in chips) 
Seat 2: Mahu2021 (500 in chips) 
Seat 3: kick tire (500 in chips) 
Mahu2021: posts small blind 10
kick tire: posts big blind 20
*** HOLE CARDS ***
Dealt to Mahu2021 [7d Qc]
Simplybeliev: folds 
Mahu2021: folds 
Uncalled bet (10) returned to kick tire
kick tire collected 20 from pot
*** SUMMARY ***
Total pot 20 | Rake 0 
Seat 1: Simplybeliev (button) folded before Flop (didn't bet)
Seat 2: Mahu2021 (small blind) folded before Flop
Seat 3: kick tire (big blind) collected (20)



PokerStars Hand #247077141427: Tournament #3672444809, $1.84+$0.16 USD Hold'em No Limit - Level I (10/20) - 2023/11/12 23:37:44 CET [2023/11/12 17:37:44 ET]
Table '3672444809 1' 3-max Seat #2 is the button
Seat 1: Simplybeliev (500 in chips) 
Seat 2: Mahu2021 (490 in chips) 
Seat 3: kick tire (510 in chips) 
kick tire: posts small blind 10
Simplybeliev: posts big blind 20
*** HOLE CARDS ***
Dealt to Mahu2021 [Kd Jd]
Mahu2021: raises 20 to 40
kick tire: folds 
Simplybeliev: raises 460 to 500 and is all-in
Mahu2021: calls 450 and is all-in
Uncalled bet (10) returned to Simplybeliev
*** FLOP *** [8h 5h Ks]
*** TURN *** [8h 5h Ks] [6c]
*** RIVER *** [8h 5h Ks 6c] [Ad]
*** SHOW DOWN ***
Simplybeliev: shows [8d 8c] (three of a kind, Eights)
Mahu2021: shows [Kd Jd] (a pair of Kings)
Simplybeliev collected 990 from pot
Mahu2021 finished the tournament in 3rd place
*** SUMMARY ***
Total pot 990 | Rake 0 
Board [8h 5h Ks 6c Ad]
Seat 1: Simplybeliev (big blind) showed [8d 8c] and won (990) with three of a kind, Eights
Seat 2: Mahu2021 (button) showed [Kd Jd] and lost with a pair of Kings
Seat 3: kick tire (small blind) folded before Flop



