PokerStars Hand #242813673464: Tournament #3570603921, $0.92+$0.08 USD Hold'em No Limit - Level I (10/20) - 2023/04/01 12:26:10 CET [2023/04/01 6:26:10 ET]
Table '3570603921 1' 3-max Seat #1 is the button
Seat 1: FERASHOWWW (500 in chips) 
Seat 2: Mahu2021 (500 in chips) 
Seat 3: Jamal-Khan88 (500 in chips) 
Mahu2021: posts small blind 10
Jamal-Khan88: posts big blind 20
*** HOLE CARDS ***
Dealt to Mahu2021 [Ah 5s]
FERASHOWWW: raises 20 to 40
Mahu2021: calls 30
Jamal-Khan88: raises 120 to 160
FERASHOWWW: calls 120
Mahu2021: folds 
*** FLOP *** [3d 8d 2s]
Jamal-Khan88: checks 
FERASHOWWW: checks 
*** TURN *** [3d 8d 2s] [2d]
Jamal-Khan88: checks 
FERASHOWWW: checks 
*** RIVER *** [3d 8d 2s 2d] [Ac]
Jamal-Khan88: bets 340 and is all-in
FERASHOWWW: folds 
Uncalled bet (340) returned to Jamal-Khan88
Jamal-Khan88 collected 360 from pot
*** SUMMARY ***
Total pot 360 | Rake 0 
Board [3d 8d 2s 2d Ac]
Seat 1: FERASHOWWW (button) folded on the River
Seat 2: Mahu2021 (small blind) folded before Flop
Seat 3: Jamal-Khan88 (big blind) collected (360)



PokerStars Hand #242813679079: Tournament #3570603921, $0.92+$0.08 USD Hold'em No Limit - Level I (10/20) - 2023/04/01 12:26:44 CET [2023/04/01 6:26:44 ET]
Table '3570603921 1' 3-max Seat #2 is the button
Seat 1: FERASHOWWW (340 in chips) 
Seat 2: Mahu2021 (460 in chips) 
Seat 3: Jamal-Khan88 (700 in chips) 
Jamal-Khan88: posts small blind 10
FERASHOWWW: posts big blind 20
*** HOLE CARDS ***
Dealt to Mahu2021 [6c Td]
Mahu2021: folds 
Jamal-Khan88: calls 10
FERASHOWWW: raises 320 to 340 and is all-in
Jamal-Khan88: folds 
Uncalled bet (320) returned to FERASHOWWW
FERASHOWWW collected 40 from pot
FERASHOWWW: doesn't show hand 
*** SUMMARY ***
Total pot 40 | Rake 0 
Seat 1: FERASHOWWW (big blind) collected (40)
Seat 2: Mahu2021 (button) folded before Flop (didn't bet)
Seat 3: Jamal-Khan88 (small blind) folded before Flop



PokerStars Hand #242813681141: Tournament #3570603921, $0.92+$0.08 USD Hold'em No Limit - Level I (10/20) - 2023/04/01 12:26:57 CET [2023/04/01 6:26:57 ET]
Table '3570603921 1' 3-max Seat #3 is the button
Seat 1: FERASHOWWW (360 in chips) 
Seat 2: Mahu2021 (460 in chips) 
Seat 3: Jamal-Khan88 (680 in chips) 
FERASHOWWW: posts small blind 10
Mahu2021: posts big blind 20
*** HOLE CARDS ***
Dealt to Mahu2021 [Ks 8c]
Jamal-Khan88: raises 660 to 680 and is all-in
FERASHOWWW: calls 350 and is all-in
Mahu2021: folds 
Uncalled bet (320) returned to Jamal-Khan88
*** FLOP *** [3d 5d 8d]
*** TURN *** [3d 5d 8d] [Kh]
*** RIVER *** [3d 5d 8d Kh] [4h]
*** SHOW DOWN ***
FERASHOWWW: shows [Ah 9h] (high card Ace)
Jamal-Khan88: shows [Qc 2d] (high card King)
FERASHOWWW collected 740 from pot
*** SUMMARY ***
Total pot 740 | Rake 0 
Board [3d 5d 8d Kh 4h]
Seat 1: FERASHOWWW (small blind) showed [Ah 9h] and won (740) with high card Ace
Seat 2: Mahu2021 (big blind) folded before Flop
Seat 3: Jamal-Khan88 (button) showed [Qc 2d] and lost with high card King



PokerStars Hand #242813683509: Tournament #3570603921, $0.92+$0.08 USD Hold'em No Limit - Level I (10/20) - 2023/04/01 12:27:11 CET [2023/04/01 6:27:11 ET]
Table '3570603921 1' 3-max Seat #1 is the button
Seat 1: FERASHOWWW (740 in chips) 
Seat 2: Mahu2021 (440 in chips) 
Seat 3: Jamal-Khan88 (320 in chips) 
Mahu2021: posts small blind 10
Jamal-Khan88: posts big blind 20
*** HOLE CARDS ***
Dealt to Mahu2021 [6s Jc]
FERASHOWWW: folds 
Mahu2021: folds 
Uncalled bet (10) returned to Jamal-Khan88
Jamal-Khan88 collected 20 from pot
*** SUMMARY ***
Total pot 20 | Rake 0 
Seat 1: FERASHOWWW (button) folded before Flop (didn't bet)
Seat 2: Mahu2021 (small blind) folded before Flop
Seat 3: Jamal-Khan88 (big blind) collected (20)



PokerStars Hand #242813684406: Tournament #3570603921, $0.92+$0.08 USD Hold'em No Limit - Level I (10/20) - 2023/04/01 12:27:17 CET [2023/04/01 6:27:17 ET]
Table '3570603921 1' 3-max Seat #2 is the button
Seat 1: FERASHOWWW (740 in chips) 
Seat 2: Mahu2021 (430 in chips) 
Seat 3: Jamal-Khan88 (330 in chips) 
Jamal-Khan88: posts small blind 10
FERASHOWWW: posts big blind 20
*** HOLE CARDS ***
Dealt to Mahu2021 [3d Ts]
Mahu2021: folds 
Jamal-Khan88: raises 310 to 330 and is all-in
FERASHOWWW: folds 
Uncalled bet (310) returned to Jamal-Khan88
Jamal-Khan88 collected 40 from pot
*** SUMMARY ***
Total pot 40 | Rake 0 
Seat 1: FERASHOWWW (big blind) folded before Flop
Seat 2: Mahu2021 (button) folded before Flop (didn't bet)
Seat 3: Jamal-Khan88 (small blind) collected (40)



PokerStars Hand #242813686229: Tournament #3570603921, $0.92+$0.08 USD Hold'em No Limit - Level I (10/20) - 2023/04/01 12:27:28 CET [2023/04/01 6:27:28 ET]
Table '3570603921 1' 3-max Seat #3 is the button
Seat 1: FERASHOWWW (720 in chips) 
Seat 2: Mahu2021 (430 in chips) 
Seat 3: Jamal-Khan88 (350 in chips) 
FERASHOWWW: posts small blind 10
Mahu2021: posts big blind 20
*** HOLE CARDS ***
Dealt to Mahu2021 [2d Jd]
Jamal-Khan88: raises 330 to 350 and is all-in
FERASHOWWW: folds 
Mahu2021: folds 
Uncalled bet (330) returned to Jamal-Khan88
Jamal-Khan88 collected 50 from pot
*** SUMMARY ***
Total pot 50 | Rake 0 
Seat 1: FERASHOWWW (small blind) folded before Flop
Seat 2: Mahu2021 (big blind) folded before Flop
Seat 3: Jamal-Khan88 (button) collected (50)



PokerStars Hand #242813687782: Tournament #3570603921, $0.92+$0.08 USD Hold'em No Limit - Level I (10/20) - 2023/04/01 12:27:37 CET [2023/04/01 6:27:37 ET]
Table '3570603921 1' 3-max Seat #1 is the button
Seat 1: FERASHOWWW (710 in chips) 
Seat 2: Mahu2021 (410 in chips) 
Seat 3: Jamal-Khan88 (380 in chips) 
Mahu2021: posts small blind 10
Jamal-Khan88: posts big blind 20
*** HOLE CARDS ***
Dealt to Mahu2021 [4s 9h]
FERASHOWWW: folds 
Mahu2021: folds 
Uncalled bet (10) returned to Jamal-Khan88
Jamal-Khan88 collected 20 from pot
*** SUMMARY ***
Total pot 20 | Rake 0 
Seat 1: FERASHOWWW (button) folded before Flop (didn't bet)
Seat 2: Mahu2021 (small blind) folded before Flop
Seat 3: Jamal-Khan88 (big blind) collected (20)



PokerStars Hand #242813688657: Tournament #3570603921, $0.92+$0.08 USD Hold'em No Limit - Level I (10/20) - 2023/04/01 12:27:43 CET [2023/04/01 6:27:43 ET]
Table '3570603921 1' 3-max Seat #2 is the button
Seat 1: FERASHOWWW (710 in chips) 
Seat 2: Mahu2021 (400 in chips) 
Seat 3: Jamal-Khan88 (390 in chips) 
Jamal-Khan88: posts small blind 10
FERASHOWWW: posts big blind 20
*** HOLE CARDS ***
Dealt to Mahu2021 [9h Qd]
Mahu2021: calls 20
Jamal-Khan88: calls 10
FERASHOWWW: checks 
*** FLOP *** [8s Tc 9c]
Jamal-Khan88: checks 
FERASHOWWW: checks 
Mahu2021: bets 60
Jamal-Khan88: folds 
FERASHOWWW: calls 60
*** TURN *** [8s Tc 9c] [4c]
FERASHOWWW: checks 
Mahu2021: checks 
*** RIVER *** [8s Tc 9c 4c] [Kc]
FERASHOWWW: checks 
Mahu2021: checks 
*** SHOW DOWN ***
FERASHOWWW: shows [3d Th] (a pair of Tens)
Mahu2021: mucks hand 
FERASHOWWW collected 180 from pot
*** SUMMARY ***
Total pot 180 | Rake 0 
Board [8s Tc 9c 4c Kc]
Seat 1: FERASHOWWW (big blind) showed [3d Th] and won (180) with a pair of Tens
Seat 2: Mahu2021 (button) mucked [9h Qd]
Seat 3: Jamal-Khan88 (small blind) folded on the Flop



PokerStars Hand #242813694249: Tournament #3570603921, $0.92+$0.08 USD Hold'em No Limit - Level I (10/20) - 2023/04/01 12:28:17 CET [2023/04/01 6:28:17 ET]
Table '3570603921 1' 3-max Seat #3 is the button
Seat 1: FERASHOWWW (810 in chips) 
Seat 2: Mahu2021 (320 in chips) 
Seat 3: Jamal-Khan88 (370 in chips) 
FERASHOWWW: posts small blind 10
Mahu2021: posts big blind 20
*** HOLE CARDS ***
Dealt to Mahu2021 [Th 3s]
Jamal-Khan88: raises 350 to 370 and is all-in
FERASHOWWW: folds 
Mahu2021: folds 
Uncalled bet (350) returned to Jamal-Khan88
Jamal-Khan88 collected 50 from pot
*** SUMMARY ***
Total pot 50 | Rake 0 
Seat 1: FERASHOWWW (small blind) folded before Flop
Seat 2: Mahu2021 (big blind) folded before Flop
Seat 3: Jamal-Khan88 (button) collected (50)



PokerStars Hand #242813695433: Tournament #3570603921, $0.92+$0.08 USD Hold'em No Limit - Level I (10/20) - 2023/04/01 12:28:24 CET [2023/04/01 6:28:24 ET]
Table '3570603921 1' 3-max Seat #1 is the button
Seat 1: FERASHOWWW (800 in chips) 
Seat 2: Mahu2021 (300 in chips) 
Seat 3: Jamal-Khan88 (400 in chips) 
Mahu2021: posts small blind 10
Jamal-Khan88: posts big blind 20
*** HOLE CARDS ***
Dealt to Mahu2021 [Qh 9h]
FERASHOWWW: folds 
Mahu2021: calls 10
Jamal-Khan88: raises 20 to 40
Mahu2021: calls 20
*** FLOP *** [3s 8h Kh]
Mahu2021: bets 260 and is all-in
Jamal-Khan88: calls 260
*** TURN *** [3s 8h Kh] [2d]
*** RIVER *** [3s 8h Kh 2d] [Kc]
*** SHOW DOWN ***
Mahu2021: shows [Qh 9h] (a pair of Kings)
Jamal-Khan88: shows [Ac 8s] (two pair, Kings and Eights)
Jamal-Khan88 collected 600 from pot
Mahu2021 finished the tournament in 3rd place
*** SUMMARY ***
Total pot 600 | Rake 0 
Board [3s 8h Kh 2d Kc]
Seat 1: FERASHOWWW (button) folded before Flop (didn't bet)
Seat 2: Mahu2021 (small blind) showed [Qh 9h] and lost with a pair of Kings
Seat 3: Jamal-Khan88 (big blind) showed [Ac 8s] and won (600) with two pair, Kings and Eights



