PokerStars Hand #247980099906: Tournament #3694159112, $1.84+$0.16 USD Hold'em No Limit - Level I (10/20) - 2023/12/31 15:37:08 CET [2023/12/31 9:37:08 ET]
Table '3694159112 1' 3-max Seat #1 is the button
Seat 1: RavExtreme (500 in chips) 
Seat 2: Andre.Ionit7 (500 in chips) 
Seat 3: Mahu2021 (500 in chips) 
Andre.Ionit7: posts small blind 10
Mahu2021: posts big blind 20
*** HOLE CARDS ***
Dealt to Mahu2021 [7s 8d]
RavExtreme: folds 
Andre.Ionit7: folds 
Uncalled bet (10) returned to Mahu2021
Mahu2021 collected 20 from pot
Mahu2021: doesn't show hand 
*** SUMMARY ***
Total pot 20 | Rake 0 
Seat 1: RavExtreme (button) folded before Flop (didn't bet)
Seat 2: Andre.Ionit7 (small blind) folded before Flop
Seat 3: Mahu2021 (big blind) collected (20)



PokerStars Hand #247980103353: Tournament #3694159112, $1.84+$0.16 USD Hold'em No Limit - Level I (10/20) - 2023/12/31 15:37:21 CET [2023/12/31 9:37:21 ET]
Table '3694159112 1' 3-max Seat #2 is the button
Seat 1: RavExtreme (500 in chips) 
Seat 2: Andre.Ionit7 (490 in chips) 
Seat 3: Mahu2021 (510 in chips) 
Mahu2021: posts small blind 10
RavExtreme: posts big blind 20
*** HOLE CARDS ***
Dealt to Mahu2021 [5h 5s]
Andre.Ionit7: raises 20 to 40
Mahu2021: calls 30
RavExtreme: folds 
*** FLOP *** [Ks 3h 4s]
Mahu2021: checks 
Andre.Ionit7: checks 
*** TURN *** [Ks 3h 4s] [9d]
Mahu2021: checks 
Andre.Ionit7: bets 40
Mahu2021: calls 40
*** RIVER *** [Ks 3h 4s 9d] [3s]
Mahu2021: checks 
Andre.Ionit7: checks 
*** SHOW DOWN ***
Mahu2021: shows [5h 5s] (two pair, Fives and Threes)
Andre.Ionit7: mucks hand 
Mahu2021 collected 180 from pot
*** SUMMARY ***
Total pot 180 | Rake 0 
Board [Ks 3h 4s 9d 3s]
Seat 1: RavExtreme (big blind) folded before Flop
Seat 2: Andre.Ionit7 (button) mucked [As Th]
Seat 3: Mahu2021 (small blind) showed [5h 5s] and won (180) with two pair, Fives and Threes



PokerStars Hand #247980116452: Tournament #3694159112, $1.84+$0.16 USD Hold'em No Limit - Level I (10/20) - 2023/12/31 15:38:14 CET [2023/12/31 9:38:14 ET]
Table '3694159112 1' 3-max Seat #3 is the button
Seat 1: RavExtreme (480 in chips) 
Seat 2: Andre.Ionit7 (410 in chips) 
Seat 3: Mahu2021 (610 in chips) 
RavExtreme: posts small blind 10
Andre.Ionit7: posts big blind 20
*** HOLE CARDS ***
Dealt to Mahu2021 [7s 6d]
Mahu2021: folds 
RavExtreme: folds 
Uncalled bet (10) returned to Andre.Ionit7
Andre.Ionit7 collected 20 from pot
*** SUMMARY ***
Total pot 20 | Rake 0 
Seat 1: RavExtreme (small blind) folded before Flop
Seat 2: Andre.Ionit7 (big blind) collected (20)
Seat 3: Mahu2021 (button) folded before Flop (didn't bet)



PokerStars Hand #247980119585: Tournament #3694159112, $1.84+$0.16 USD Hold'em No Limit - Level I (10/20) - 2023/12/31 15:38:26 CET [2023/12/31 9:38:26 ET]
Table '3694159112 1' 3-max Seat #1 is the button
Seat 1: RavExtreme (470 in chips) 
Seat 2: Andre.Ionit7 (420 in chips) 
Seat 3: Mahu2021 (610 in chips) 
Andre.Ionit7: posts small blind 10
Mahu2021: posts big blind 20
*** HOLE CARDS ***
Dealt to Mahu2021 [9d Kc]
RavExtreme: folds 
Andre.Ionit7: raises 20 to 40
Mahu2021: calls 20
*** FLOP *** [3d 7h 7s]
Andre.Ionit7: checks 
Mahu2021: checks 
*** TURN *** [3d 7h 7s] [4h]
Andre.Ionit7: bets 40
Mahu2021: folds 
Uncalled bet (40) returned to Andre.Ionit7
Andre.Ionit7 collected 80 from pot
*** SUMMARY ***
Total pot 80 | Rake 0 
Board [3d 7h 7s 4h]
Seat 1: RavExtreme (button) folded before Flop (didn't bet)
Seat 2: Andre.Ionit7 (small blind) collected (80)
Seat 3: Mahu2021 (big blind) folded on the Turn



PokerStars Hand #247980124793: Tournament #3694159112, $1.84+$0.16 USD Hold'em No Limit - Level I (10/20) - 2023/12/31 15:38:47 CET [2023/12/31 9:38:47 ET]
Table '3694159112 1' 3-max Seat #2 is the button
Seat 1: RavExtreme (470 in chips) 
Seat 2: Andre.Ionit7 (460 in chips) 
Seat 3: Mahu2021 (570 in chips) 
Mahu2021: posts small blind 10
RavExtreme: posts big blind 20
*** HOLE CARDS ***
Dealt to Mahu2021 [Ks 9c]
Andre.Ionit7: folds 
Mahu2021: raises 20 to 40
RavExtreme: calls 20
*** FLOP *** [9h 8d 9d]
Mahu2021: checks 
RavExtreme: bets 20
Mahu2021: calls 20
*** TURN *** [9h 8d 9d] [7d]
Mahu2021: checks 
RavExtreme: checks 
*** RIVER *** [9h 8d 9d 7d] [Kd]
Mahu2021: checks 
RavExtreme: checks 
*** SHOW DOWN ***
Mahu2021: shows [Ks 9c] (a full house, Nines full of Kings)
RavExtreme: mucks hand 
Mahu2021 collected 120 from pot
*** SUMMARY ***
Total pot 120 | Rake 0 
Board [9h 8d 9d 7d Kd]
Seat 1: RavExtreme (big blind) mucked [8s Th]
Seat 2: Andre.Ionit7 (button) folded before Flop (didn't bet)
Seat 3: Mahu2021 (small blind) showed [Ks 9c] and won (120) with a full house, Nines full of Kings



PokerStars Hand #247980132318: Tournament #3694159112, $1.84+$0.16 USD Hold'em No Limit - Level II (15/30) - 2023/12/31 15:39:17 CET [2023/12/31 9:39:17 ET]
Table '3694159112 1' 3-max Seat #3 is the button
Seat 1: RavExtreme (410 in chips) 
Seat 2: Andre.Ionit7 (460 in chips) 
Seat 3: Mahu2021 (630 in chips) 
RavExtreme: posts small blind 15
Andre.Ionit7: posts big blind 30
*** HOLE CARDS ***
Dealt to Mahu2021 [2s Kh]
Mahu2021: folds 
RavExtreme: raises 36 to 66
Andre.Ionit7: calls 36
*** FLOP *** [Qh 2c 6h]
RavExtreme: checks 
Andre.Ionit7: checks 
*** TURN *** [Qh 2c 6h] [6d]
RavExtreme: checks 
Andre.Ionit7: checks 
*** RIVER *** [Qh 2c 6h 6d] [7s]
RavExtreme: checks 
Andre.Ionit7: checks 
*** SHOW DOWN ***
RavExtreme: shows [Ks 8d] (a pair of Sixes)
Andre.Ionit7: shows [Ah 8c] (a pair of Sixes - Ace kicker)
Andre.Ionit7 collected 132 from pot
*** SUMMARY ***
Total pot 132 | Rake 0 
Board [Qh 2c 6h 6d 7s]
Seat 1: RavExtreme (small blind) showed [Ks 8d] and lost with a pair of Sixes
Seat 2: Andre.Ionit7 (big blind) showed [Ah 8c] and won (132) with a pair of Sixes
Seat 3: Mahu2021 (button) folded before Flop (didn't bet)



PokerStars Hand #247980141786: Tournament #3694159112, $1.84+$0.16 USD Hold'em No Limit - Level II (15/30) - 2023/12/31 15:39:55 CET [2023/12/31 9:39:55 ET]
Table '3694159112 1' 3-max Seat #1 is the button
Seat 1: RavExtreme (344 in chips) 
Seat 2: Andre.Ionit7 (526 in chips) 
Seat 3: Mahu2021 (630 in chips) 
Andre.Ionit7: posts small blind 15
Mahu2021: posts big blind 30
*** HOLE CARDS ***
Dealt to Mahu2021 [4s 9d]
RavExtreme: raises 30 to 60
Andre.Ionit7: calls 45
Mahu2021: folds 
*** FLOP *** [Js 2h 3c]
Andre.Ionit7: checks 
RavExtreme: bets 75
Andre.Ionit7: calls 75
*** TURN *** [Js 2h 3c] [Kh]
Andre.Ionit7: checks 
RavExtreme: bets 209 and is all-in
Andre.Ionit7: calls 209
*** RIVER *** [Js 2h 3c Kh] [6d]
*** SHOW DOWN ***
Andre.Ionit7: shows [Qh Ah] (high card Ace)
RavExtreme: shows [Jd As] (a pair of Jacks)
RavExtreme collected 718 from pot
*** SUMMARY ***
Total pot 718 | Rake 0 
Board [Js 2h 3c Kh 6d]
Seat 1: RavExtreme (button) showed [Jd As] and won (718) with a pair of Jacks
Seat 2: Andre.Ionit7 (small blind) showed [Qh Ah] and lost with high card Ace
Seat 3: Mahu2021 (big blind) folded before Flop



PokerStars Hand #247980152925: Tournament #3694159112, $1.84+$0.16 USD Hold'em No Limit - Level II (15/30) - 2023/12/31 15:40:40 CET [2023/12/31 9:40:40 ET]
Table '3694159112 1' 3-max Seat #2 is the button
Seat 1: RavExtreme (718 in chips) 
Seat 2: Andre.Ionit7 (182 in chips) 
Seat 3: Mahu2021 (600 in chips) 
Mahu2021: posts small blind 15
RavExtreme: posts big blind 30
*** HOLE CARDS ***
Dealt to Mahu2021 [Tc 2d]
Andre.Ionit7: calls 30
Mahu2021: folds 
RavExtreme: checks 
*** FLOP *** [6s 5d Th]
RavExtreme: checks 
Andre.Ionit7: bets 75
RavExtreme: folds 
Uncalled bet (75) returned to Andre.Ionit7
Andre.Ionit7 collected 75 from pot
*** SUMMARY ***
Total pot 75 | Rake 0 
Board [6s 5d Th]
Seat 1: RavExtreme (big blind) folded on the Flop
Seat 2: Andre.Ionit7 (button) collected (75)
Seat 3: Mahu2021 (small blind) folded before Flop



PokerStars Hand #247980157425: Tournament #3694159112, $1.84+$0.16 USD Hold'em No Limit - Level II (15/30) - 2023/12/31 15:40:58 CET [2023/12/31 9:40:58 ET]
Table '3694159112 1' 3-max Seat #3 is the button
Seat 1: RavExtreme (688 in chips) 
Seat 2: Andre.Ionit7 (227 in chips) 
Seat 3: Mahu2021 (585 in chips) 
RavExtreme: posts small blind 15
Andre.Ionit7: posts big blind 30
*** HOLE CARDS ***
Dealt to Mahu2021 [8h Kd]
Mahu2021: folds 
RavExtreme: folds 
Uncalled bet (15) returned to Andre.Ionit7
Andre.Ionit7 collected 30 from pot
*** SUMMARY ***
Total pot 30 | Rake 0 
Seat 1: RavExtreme (small blind) folded before Flop
Seat 2: Andre.Ionit7 (big blind) collected (30)
Seat 3: Mahu2021 (button) folded before Flop (didn't bet)



PokerStars Hand #247980158609: Tournament #3694159112, $1.84+$0.16 USD Hold'em No Limit - Level II (15/30) - 2023/12/31 15:41:03 CET [2023/12/31 9:41:03 ET]
Table '3694159112 1' 3-max Seat #1 is the button
Seat 1: RavExtreme (673 in chips) 
Seat 2: Andre.Ionit7 (242 in chips) 
Seat 3: Mahu2021 (585 in chips) 
Andre.Ionit7: posts small blind 15
Mahu2021: posts big blind 30
*** HOLE CARDS ***
Dealt to Mahu2021 [9h Qd]
RavExtreme: raises 30 to 60
Andre.Ionit7: folds 
Mahu2021: calls 30
*** FLOP *** [6d Td 3d]
Mahu2021: checks 
RavExtreme: bets 60
Mahu2021: calls 60
*** TURN *** [6d Td 3d] [Th]
Mahu2021: checks 
RavExtreme: checks 
*** RIVER *** [6d Td 3d Th] [Js]
Mahu2021: bets 90
RavExtreme: raises 90 to 180
Mahu2021: folds 
Uncalled bet (90) returned to RavExtreme
RavExtreme collected 435 from pot
RavExtreme: doesn't show hand 
*** SUMMARY ***
Total pot 435 | Rake 0 
Board [6d Td 3d Th Js]
Seat 1: RavExtreme (button) collected (435)
Seat 2: Andre.Ionit7 (small blind) folded before Flop
Seat 3: Mahu2021 (big blind) folded on the River



PokerStars Hand #247980164908: Tournament #3694159112, $1.84+$0.16 USD Hold'em No Limit - Level III (20/40) - 2023/12/31 15:41:28 CET [2023/12/31 9:41:28 ET]
Table '3694159112 1' 3-max Seat #2 is the button
Seat 1: RavExtreme (898 in chips) 
Seat 2: Andre.Ionit7 (227 in chips) 
Seat 3: Mahu2021 (375 in chips) 
Mahu2021: posts small blind 20
RavExtreme: posts big blind 40
*** HOLE CARDS ***
Dealt to Mahu2021 [Qc 3d]
Andre.Ionit7: folds 
Mahu2021: folds 
Uncalled bet (20) returned to RavExtreme
RavExtreme collected 40 from pot
RavExtreme: doesn't show hand 
*** SUMMARY ***
Total pot 40 | Rake 0 
Seat 1: RavExtreme (big blind) collected (40)
Seat 2: Andre.Ionit7 (button) folded before Flop (didn't bet)
Seat 3: Mahu2021 (small blind) folded before Flop



PokerStars Hand #247980166071: Tournament #3694159112, $1.84+$0.16 USD Hold'em No Limit - Level III (20/40) - 2023/12/31 15:41:33 CET [2023/12/31 9:41:33 ET]
Table '3694159112 1' 3-max Seat #3 is the button
Seat 1: RavExtreme (918 in chips) 
Seat 2: Andre.Ionit7 (227 in chips) 
Seat 3: Mahu2021 (355 in chips) 
RavExtreme: posts small blind 20
Andre.Ionit7: posts big blind 40
*** HOLE CARDS ***
Dealt to Mahu2021 [8c 6h]
Mahu2021: folds 
RavExtreme: raises 48 to 88
Andre.Ionit7: raises 139 to 227 and is all-in
RavExtreme: calls 139
*** FLOP *** [Ad 4h 7s]
*** TURN *** [Ad 4h 7s] [3h]
*** RIVER *** [Ad 4h 7s 3h] [2c]
*** SHOW DOWN ***
RavExtreme: shows [9s Ts] (high card Ace)
Andre.Ionit7: shows [Qd Qs] (a pair of Queens)
Andre.Ionit7 collected 454 from pot
*** SUMMARY ***
Total pot 454 | Rake 0 
Board [Ad 4h 7s 3h 2c]
Seat 1: RavExtreme (small blind) showed [9s Ts] and lost with high card Ace
Seat 2: Andre.Ionit7 (big blind) showed [Qd Qs] and won (454) with a pair of Queens
Seat 3: Mahu2021 (button) folded before Flop (didn't bet)



PokerStars Hand #247980171775: Tournament #3694159112, $1.84+$0.16 USD Hold'em No Limit - Level III (20/40) - 2023/12/31 15:41:56 CET [2023/12/31 9:41:56 ET]
Table '3694159112 1' 3-max Seat #1 is the button
Seat 1: RavExtreme (691 in chips) 
Seat 2: Andre.Ionit7 (454 in chips) 
Seat 3: Mahu2021 (355 in chips) 
Andre.Ionit7: posts small blind 20
Mahu2021: posts big blind 40
*** HOLE CARDS ***
Dealt to Mahu2021 [Kd 2s]
RavExtreme: raises 40 to 80
Andre.Ionit7: folds 
Mahu2021: folds 
Uncalled bet (40) returned to RavExtreme
RavExtreme collected 100 from pot
RavExtreme: doesn't show hand 
*** SUMMARY ***
Total pot 100 | Rake 0 
Seat 1: RavExtreme (button) collected (100)
Seat 2: Andre.Ionit7 (small blind) folded before Flop
Seat 3: Mahu2021 (big blind) folded before Flop



PokerStars Hand #247980173910: Tournament #3694159112, $1.84+$0.16 USD Hold'em No Limit - Level III (20/40) - 2023/12/31 15:42:04 CET [2023/12/31 9:42:04 ET]
Table '3694159112 1' 3-max Seat #2 is the button
Seat 1: RavExtreme (751 in chips) 
Seat 2: Andre.Ionit7 (434 in chips) 
Seat 3: Mahu2021 (315 in chips) 
Mahu2021: posts small blind 20
RavExtreme: posts big blind 40
*** HOLE CARDS ***
Dealt to Mahu2021 [9d 4h]
Andre.Ionit7: folds 
Mahu2021: folds 
Uncalled bet (20) returned to RavExtreme
RavExtreme collected 40 from pot
RavExtreme: doesn't show hand 
*** SUMMARY ***
Total pot 40 | Rake 0 
Seat 1: RavExtreme (big blind) collected (40)
Seat 2: Andre.Ionit7 (button) folded before Flop (didn't bet)
Seat 3: Mahu2021 (small blind) folded before Flop



PokerStars Hand #247980175378: Tournament #3694159112, $1.84+$0.16 USD Hold'em No Limit - Level III (20/40) - 2023/12/31 15:42:10 CET [2023/12/31 9:42:10 ET]
Table '3694159112 1' 3-max Seat #3 is the button
Seat 1: RavExtreme (771 in chips) 
Seat 2: Andre.Ionit7 (434 in chips) 
Seat 3: Mahu2021 (295 in chips) 
RavExtreme: posts small blind 20
Andre.Ionit7: posts big blind 40
*** HOLE CARDS ***
Dealt to Mahu2021 [Jd Qs]
Mahu2021: calls 40
RavExtreme: calls 20
Andre.Ionit7: raises 40 to 80
Mahu2021: calls 40
RavExtreme: calls 40
*** FLOP *** [Kd 5c 7d]
RavExtreme: checks 
Andre.Ionit7: checks 
Mahu2021: checks 
*** TURN *** [Kd 5c 7d] [3d]
RavExtreme: bets 80
Andre.Ionit7: calls 80
Mahu2021: folds 
*** RIVER *** [Kd 5c 7d 3d] [9h]
RavExtreme: bets 300
Andre.Ionit7: calls 274 and is all-in
Uncalled bet (26) returned to RavExtreme
*** SHOW DOWN ***
RavExtreme: shows [9d 8d] (a flush, King high)
Andre.Ionit7: shows [Ad 9c] (a pair of Nines)
RavExtreme collected 948 from pot
Andre.Ionit7 finished the tournament in 3rd place
*** SUMMARY ***
Total pot 948 | Rake 0 
Board [Kd 5c 7d 3d 9h]
Seat 1: RavExtreme (small blind) showed [9d 8d] and won (948) with a flush, King high
Seat 2: Andre.Ionit7 (big blind) showed [Ad 9c] and lost with a pair of Nines
Seat 3: Mahu2021 (button) folded on the Turn



PokerStars Hand #247980185158: Tournament #3694159112, $1.84+$0.16 USD Hold'em No Limit - Level III (20/40) - 2023/12/31 15:42:49 CET [2023/12/31 9:42:49 ET]
Table '3694159112 1' 3-max Seat #1 is the button
Seat 1: RavExtreme (1285 in chips) 
Seat 3: Mahu2021 (215 in chips) 
RavExtreme: posts small blind 20
Mahu2021: posts big blind 40
*** HOLE CARDS ***
Dealt to Mahu2021 [8h Qs]
RavExtreme: calls 20
Mahu2021: checks 
*** FLOP *** [9h 5h 3h]
Mahu2021: checks 
RavExtreme: bets 40
Mahu2021: raises 135 to 175 and is all-in
RavExtreme: folds 
Uncalled bet (135) returned to Mahu2021
Mahu2021 collected 160 from pot
Mahu2021: doesn't show hand 
*** SUMMARY ***
Total pot 160 | Rake 0 
Board [9h 5h 3h]
Seat 1: RavExtreme (button) (small blind) folded on the Flop
Seat 3: Mahu2021 (big blind) collected (160)



PokerStars Hand #247980189653: Tournament #3694159112, $1.84+$0.16 USD Hold'em No Limit - Level III (20/40) - 2023/12/31 15:43:07 CET [2023/12/31 9:43:07 ET]
Table '3694159112 1' 3-max Seat #3 is the button
Seat 1: RavExtreme (1205 in chips) 
Seat 3: Mahu2021 (295 in chips) 
Mahu2021: posts small blind 20
RavExtreme: posts big blind 40
*** HOLE CARDS ***
Dealt to Mahu2021 [Jd Kc]
Mahu2021: calls 20
RavExtreme: checks 
*** FLOP *** [8s 6h 4d]
RavExtreme: checks 
Mahu2021: checks 
*** TURN *** [8s 6h 4d] [Qh]
RavExtreme: checks 
Mahu2021: checks 
*** RIVER *** [8s 6h 4d Qh] [Jh]
RavExtreme: checks 
Mahu2021: bets 40
RavExtreme: folds 
Uncalled bet (40) returned to Mahu2021
Mahu2021 collected 80 from pot
Mahu2021: doesn't show hand 
*** SUMMARY ***
Total pot 80 | Rake 0 
Board [8s 6h 4d Qh Jh]
Seat 1: RavExtreme (big blind) folded on the River
Seat 3: Mahu2021 (button) (small blind) collected (80)



PokerStars Hand #247980197734: Tournament #3694159112, $1.84+$0.16 USD Hold'em No Limit - Level IV (30/60) - 2023/12/31 15:43:39 CET [2023/12/31 9:43:39 ET]
Table '3694159112 1' 3-max Seat #1 is the button
Seat 1: RavExtreme (1165 in chips) 
Seat 3: Mahu2021 (335 in chips) 
RavExtreme: posts small blind 30
Mahu2021: posts big blind 60
*** HOLE CARDS ***
Dealt to Mahu2021 [Kc 7c]
RavExtreme: raises 60 to 120
Mahu2021: calls 60
*** FLOP *** [Jd 6c Ks]
Mahu2021: checks 
RavExtreme: bets 1045 and is all-in
Mahu2021: calls 215 and is all-in
Uncalled bet (830) returned to RavExtreme
*** TURN *** [Jd 6c Ks] [2c]
*** RIVER *** [Jd 6c Ks 2c] [Jc]
*** SHOW DOWN ***
Mahu2021: shows [Kc 7c] (a flush, King high)
RavExtreme: shows [Qc Tc] (a flush, Queen high)
Mahu2021 collected 670 from pot
*** SUMMARY ***
Total pot 670 | Rake 0 
Board [Jd 6c Ks 2c Jc]
Seat 1: RavExtreme (button) (small blind) showed [Qc Tc] and lost with a flush, Queen high
Seat 3: Mahu2021 (big blind) showed [Kc 7c] and won (670) with a flush, King high



PokerStars Hand #247980201823: Tournament #3694159112, $1.84+$0.16 USD Hold'em No Limit - Level IV (30/60) - 2023/12/31 15:43:55 CET [2023/12/31 9:43:55 ET]
Table '3694159112 1' 3-max Seat #3 is the button
Seat 1: RavExtreme (830 in chips) 
Seat 3: Mahu2021 (670 in chips) 
Mahu2021: posts small blind 30
RavExtreme: posts big blind 60
*** HOLE CARDS ***
Dealt to Mahu2021 [Td Ac]
Mahu2021: raises 610 to 670 and is all-in
RavExtreme is disconnected 
RavExtreme is connected 
RavExtreme is connected 
RavExtreme: folds 
Uncalled bet (610) returned to Mahu2021
Mahu2021 collected 120 from pot
Mahu2021: doesn't show hand 
*** SUMMARY ***
Total pot 120 | Rake 0 
Seat 1: RavExtreme (big blind) folded before Flop
Seat 3: Mahu2021 (button) (small blind) collected (120)



PokerStars Hand #247980212580: Tournament #3694159112, $1.84+$0.16 USD Hold'em No Limit - Level IV (30/60) - 2023/12/31 15:44:39 CET [2023/12/31 9:44:39 ET]
Table '3694159112 1' 3-max Seat #1 is the button
Seat 1: RavExtreme (770 in chips) 
Seat 3: Mahu2021 (730 in chips) 
RavExtreme: posts small blind 30
Mahu2021: posts big blind 60
*** HOLE CARDS ***
Dealt to Mahu2021 [9d 6d]
RavExtreme: calls 30
Mahu2021: checks 
*** FLOP *** [Ks As 2h]
Mahu2021: checks 
RavExtreme: checks 
*** TURN *** [Ks As 2h] [Jc]
Mahu2021: checks 
RavExtreme: checks 
*** RIVER *** [Ks As 2h Jc] [6c]
Mahu2021: bets 60
RavExtreme: folds 
Uncalled bet (60) returned to Mahu2021
Mahu2021 collected 120 from pot
Mahu2021: doesn't show hand 
*** SUMMARY ***
Total pot 120 | Rake 0 
Board [Ks As 2h Jc 6c]
Seat 1: RavExtreme (button) (small blind) folded on the River
Seat 3: Mahu2021 (big blind) collected (120)



PokerStars Hand #247980220884: Tournament #3694159112, $1.84+$0.16 USD Hold'em No Limit - Level IV (30/60) - 2023/12/31 15:45:12 CET [2023/12/31 9:45:12 ET]
Table '3694159112 1' 3-max Seat #3 is the button
Seat 1: RavExtreme (710 in chips) 
Seat 3: Mahu2021 (790 in chips) 
Mahu2021: posts small blind 30
RavExtreme: posts big blind 60
*** HOLE CARDS ***
Dealt to Mahu2021 [Jc 3c]
Mahu2021: calls 30
RavExtreme: raises 650 to 710 and is all-in
Mahu2021: folds 
Uncalled bet (650) returned to RavExtreme
RavExtreme collected 120 from pot
RavExtreme: doesn't show hand 
*** SUMMARY ***
Total pot 120 | Rake 0 
Seat 1: RavExtreme (big blind) collected (120)
Seat 3: Mahu2021 (button) (small blind) folded before Flop



PokerStars Hand #247980224894: Tournament #3694159112, $1.84+$0.16 USD Hold'em No Limit - Level V (40/80) - 2023/12/31 15:45:28 CET [2023/12/31 9:45:28 ET]
Table '3694159112 1' 3-max Seat #1 is the button
Seat 1: RavExtreme (770 in chips) 
Seat 3: Mahu2021 (730 in chips) 
RavExtreme: posts small blind 40
Mahu2021: posts big blind 80
*** HOLE CARDS ***
Dealt to Mahu2021 [3s 5s]
RavExtreme: raises 690 to 770 and is all-in
Mahu2021: folds 
Uncalled bet (690) returned to RavExtreme
RavExtreme collected 160 from pot
RavExtreme: doesn't show hand 
*** SUMMARY ***
Total pot 160 | Rake 0 
Seat 1: RavExtreme (button) (small blind) collected (160)
Seat 3: Mahu2021 (big blind) folded before Flop



PokerStars Hand #247980228203: Tournament #3694159112, $1.84+$0.16 USD Hold'em No Limit - Level V (40/80) - 2023/12/31 15:45:42 CET [2023/12/31 9:45:42 ET]
Table '3694159112 1' 3-max Seat #3 is the button
Seat 1: RavExtreme (850 in chips) 
Seat 3: Mahu2021 (650 in chips) 
Mahu2021: posts small blind 40
RavExtreme: posts big blind 80
*** HOLE CARDS ***
Dealt to Mahu2021 [9c Ks]
Mahu2021: calls 40
RavExtreme: checks 
*** FLOP *** [9s 3s 5c]
RavExtreme: checks 
Mahu2021: bets 80
RavExtreme: raises 80 to 160
Mahu2021: raises 410 to 570 and is all-in
RavExtreme: calls 410
*** TURN *** [9s 3s 5c] [Ad]
*** RIVER *** [9s 3s 5c Ad] [Qh]
*** SHOW DOWN ***
RavExtreme: shows [7h 6d] (high card Ace)
Mahu2021: shows [9c Ks] (a pair of Nines)
Mahu2021 collected 1300 from pot
*** SUMMARY ***
Total pot 1300 | Rake 0 
Board [9s 3s 5c Ad Qh]
Seat 1: RavExtreme (big blind) showed [7h 6d] and lost with high card Ace
Seat 3: Mahu2021 (button) (small blind) showed [9c Ks] and won (1300) with a pair of Nines



PokerStars Hand #247980233674: Tournament #3694159112, $1.84+$0.16 USD Hold'em No Limit - Level V (40/80) - 2023/12/31 15:46:04 CET [2023/12/31 9:46:04 ET]
Table '3694159112 1' 3-max Seat #1 is the button
Seat 1: RavExtreme (200 in chips) 
Seat 3: Mahu2021 (1300 in chips) 
RavExtreme: posts small blind 40
Mahu2021: posts big blind 80
*** HOLE CARDS ***
Dealt to Mahu2021 [6s 2h]
RavExtreme: raises 120 to 200 and is all-in
Mahu2021: folds 
Uncalled bet (120) returned to RavExtreme
RavExtreme collected 160 from pot
RavExtreme: doesn't show hand 
*** SUMMARY ***
Total pot 160 | Rake 0 
Seat 1: RavExtreme (button) (small blind) collected (160)
Seat 3: Mahu2021 (big blind) folded before Flop



PokerStars Hand #247980234790: Tournament #3694159112, $1.84+$0.16 USD Hold'em No Limit - Level V (40/80) - 2023/12/31 15:46:08 CET [2023/12/31 9:46:08 ET]
Table '3694159112 1' 3-max Seat #3 is the button
Seat 1: RavExtreme (280 in chips) 
Seat 3: Mahu2021 (1220 in chips) 
Mahu2021: posts small blind 40
RavExtreme: posts big blind 80
*** HOLE CARDS ***
Dealt to Mahu2021 [Th 8s]
Mahu2021: calls 40
RavExtreme: raises 200 to 280 and is all-in
Mahu2021: folds 
Uncalled bet (200) returned to RavExtreme
RavExtreme collected 160 from pot
RavExtreme: doesn't show hand 
*** SUMMARY ***
Total pot 160 | Rake 0 
Seat 1: RavExtreme (big blind) collected (160)
Seat 3: Mahu2021 (button) (small blind) folded before Flop



PokerStars Hand #247980236668: Tournament #3694159112, $1.84+$0.16 USD Hold'em No Limit - Level V (40/80) - 2023/12/31 15:46:16 CET [2023/12/31 9:46:16 ET]
Table '3694159112 1' 3-max Seat #1 is the button
Seat 1: RavExtreme (360 in chips) 
Seat 3: Mahu2021 (1140 in chips) 
RavExtreme: posts small blind 40
Mahu2021: posts big blind 80
*** HOLE CARDS ***
Dealt to Mahu2021 [5d 2d]
RavExtreme: raises 280 to 360 and is all-in
Mahu2021: folds 
Uncalled bet (280) returned to RavExtreme
RavExtreme collected 160 from pot
RavExtreme: doesn't show hand 
*** SUMMARY ***
Total pot 160 | Rake 0 
Seat 1: RavExtreme (button) (small blind) collected (160)
Seat 3: Mahu2021 (big blind) folded before Flop



PokerStars Hand #247980237980: Tournament #3694159112, $1.84+$0.16 USD Hold'em No Limit - Level V (40/80) - 2023/12/31 15:46:21 CET [2023/12/31 9:46:21 ET]
Table '3694159112 1' 3-max Seat #3 is the button
Seat 1: RavExtreme (440 in chips) 
Seat 3: Mahu2021 (1060 in chips) 
Mahu2021: posts small blind 40
RavExtreme: posts big blind 80
*** HOLE CARDS ***
Dealt to Mahu2021 [Qs Jc]
Mahu2021: raises 80 to 160
RavExtreme: calls 80
*** FLOP *** [5h 9s Ah]
RavExtreme: checks 
Mahu2021: bets 900 and is all-in
RavExtreme: folds 
Uncalled bet (900) returned to Mahu2021
Mahu2021 collected 320 from pot
Mahu2021: doesn't show hand 
*** SUMMARY ***
Total pot 320 | Rake 0 
Board [5h 9s Ah]
Seat 1: RavExtreme (big blind) folded on the Flop
Seat 3: Mahu2021 (button) (small blind) collected (320)



PokerStars Hand #247980240976: Tournament #3694159112, $1.84+$0.16 USD Hold'em No Limit - Level V (40/80) - 2023/12/31 15:46:33 CET [2023/12/31 9:46:33 ET]
Table '3694159112 1' 3-max Seat #1 is the button
Seat 1: RavExtreme (280 in chips) 
Seat 3: Mahu2021 (1220 in chips) 
RavExtreme: posts small blind 40
Mahu2021: posts big blind 80
*** HOLE CARDS ***
Dealt to Mahu2021 [Jh 4h]
RavExtreme: raises 200 to 280 and is all-in
Mahu2021: calls 200
*** FLOP *** [4s 7h 8h]
*** TURN *** [4s 7h 8h] [5c]
*** RIVER *** [4s 7h 8h 5c] [Th]
*** SHOW DOWN ***
Mahu2021: shows [Jh 4h] (a flush, Jack high)
RavExtreme: shows [6h 3h] (a flush, Ten high)
Mahu2021 collected 560 from pot
RavExtreme finished the tournament in 2nd place
Mahu2021 wins the tournament and receives $4.00 - congratulations!
*** SUMMARY ***
Total pot 560 | Rake 0 
Board [4s 7h 8h 5c Th]
Seat 1: RavExtreme (button) (small blind) showed [6h 3h] and lost with a flush, Ten high
Seat 3: Mahu2021 (big blind) showed [Jh 4h] and won (560) with a flush, Jack high



