PokerStars Hand #246514835282: Tournament #3658525386, $0.92+$0.08 USD Hold'em No Limit - Level I (10/20) - 2023/10/13 21:46:27 CET [2023/10/13 15:46:27 ET]
Table '3658525386 1' 3-max Seat #1 is the button
Seat 1: xixiwi (500 in chips) 
Seat 2: Mahu2021 (500 in chips) 
Seat 3: PortugalesPL (500 in chips) 
Mahu2021: posts small blind 10
PortugalesPL: posts big blind 20
*** HOLE CARDS ***
Dealt to Mahu2021 [Qd 3c]
xixiwi: raises 40 to 60
Mahu2021: folds 
PortugalesPL: folds 
Uncalled bet (40) returned to xixiwi
xixiwi collected 50 from pot
xixiwi: doesn't show hand 
*** SUMMARY ***
Total pot 50 | Rake 0 
Seat 1: xixiwi (button) collected (50)
Seat 2: Mahu2021 (small blind) folded before Flop
Seat 3: PortugalesPL (big blind) folded before Flop



PokerStars Hand #246514840614: Tournament #3658525386, $0.92+$0.08 USD Hold'em No Limit - Level I (10/20) - 2023/10/13 21:46:42 CET [2023/10/13 15:46:42 ET]
Table '3658525386 1' 3-max Seat #2 is the button
Seat 1: xixiwi (530 in chips) 
Seat 2: Mahu2021 (490 in chips) 
Seat 3: PortugalesPL (480 in chips) 
PortugalesPL: posts small blind 10
xixiwi: posts big blind 20
*** HOLE CARDS ***
Dealt to Mahu2021 [8h 6s]
Mahu2021: folds 
PortugalesPL: raises 20 to 40
xixiwi: calls 20
*** FLOP *** [8c 5s Ac]
PortugalesPL: bets 60
xixiwi: calls 60
*** TURN *** [8c 5s Ac] [Tc]
PortugalesPL: checks 
xixiwi: bets 100
PortugalesPL: folds 
Uncalled bet (100) returned to xixiwi
xixiwi collected 200 from pot
xixiwi: doesn't show hand 
*** SUMMARY ***
Total pot 200 | Rake 0 
Board [8c 5s Ac Tc]
Seat 1: xixiwi (big blind) collected (200)
Seat 2: Mahu2021 (button) folded before Flop (didn't bet)
Seat 3: PortugalesPL (small blind) folded on the Turn



PokerStars Hand #246514850490: Tournament #3658525386, $0.92+$0.08 USD Hold'em No Limit - Level I (10/20) - 2023/10/13 21:47:09 CET [2023/10/13 15:47:09 ET]
Table '3658525386 1' 3-max Seat #3 is the button
Seat 1: xixiwi (630 in chips) 
Seat 2: Mahu2021 (490 in chips) 
Seat 3: PortugalesPL (380 in chips) 
xixiwi: posts small blind 10
Mahu2021: posts big blind 20
*** HOLE CARDS ***
Dealt to Mahu2021 [5c 2c]
PortugalesPL: raises 20 to 40
xixiwi: calls 30
Mahu2021: calls 20
*** FLOP *** [9d 2d 9h]
xixiwi: checks 
Mahu2021: bets 40
PortugalesPL: raises 300 to 340 and is all-in
xixiwi: raises 250 to 590 and is all-in
Mahu2021: folds 
Uncalled bet (250) returned to xixiwi
*** TURN *** [9d 2d 9h] [5d]
*** RIVER *** [9d 2d 9h 5d] [6s]
*** SHOW DOWN ***
xixiwi: shows [7s 9s] (three of a kind, Nines)
PortugalesPL: shows [Td Qs] (a pair of Nines)
xixiwi collected 840 from pot
PortugalesPL finished the tournament in 3rd place
*** SUMMARY ***
Total pot 840 | Rake 0 
Board [9d 2d 9h 5d 6s]
Seat 1: xixiwi (small blind) showed [7s 9s] and won (840) with three of a kind, Nines
Seat 2: Mahu2021 (big blind) folded on the Flop
Seat 3: PortugalesPL (button) showed [Td Qs] and lost with a pair of Nines



PokerStars Hand #246514861102: Tournament #3658525386, $0.92+$0.08 USD Hold'em No Limit - Level I (10/20) - 2023/10/13 21:47:39 CET [2023/10/13 15:47:39 ET]
Table '3658525386 1' 3-max Seat #2 is the button
Seat 1: xixiwi (1090 in chips) 
Seat 2: Mahu2021 (410 in chips) 
Mahu2021: posts small blind 10
xixiwi: posts big blind 20
*** HOLE CARDS ***
Dealt to Mahu2021 [2s 6h]
Mahu2021: folds 
Uncalled bet (10) returned to xixiwi
xixiwi collected 20 from pot
xixiwi: doesn't show hand 
*** SUMMARY ***
Total pot 20 | Rake 0 
Seat 1: xixiwi (big blind) collected (20)
Seat 2: Mahu2021 (button) (small blind) folded before Flop



PokerStars Hand #246514862674: Tournament #3658525386, $0.92+$0.08 USD Hold'em No Limit - Level I (10/20) - 2023/10/13 21:47:44 CET [2023/10/13 15:47:44 ET]
Table '3658525386 1' 3-max Seat #1 is the button
Seat 1: xixiwi (1100 in chips) 
Seat 2: Mahu2021 (400 in chips) 
xixiwi: posts small blind 10
Mahu2021: posts big blind 20
*** HOLE CARDS ***
Dealt to Mahu2021 [7s 6h]
xixiwi: folds 
Uncalled bet (10) returned to Mahu2021
Mahu2021 collected 20 from pot
Mahu2021: doesn't show hand 
*** SUMMARY ***
Total pot 20 | Rake 0 
Seat 1: xixiwi (button) (small blind) folded before Flop
Seat 2: Mahu2021 (big blind) collected (20)



PokerStars Hand #246514871117: Tournament #3658525386, $0.92+$0.08 USD Hold'em No Limit - Level I (10/20) - 2023/10/13 21:48:07 CET [2023/10/13 15:48:07 ET]
Table '3658525386 1' 3-max Seat #2 is the button
Seat 1: xixiwi (1090 in chips) 
Seat 2: Mahu2021 (410 in chips) 
Mahu2021: posts small blind 10
xixiwi: posts big blind 20
*** HOLE CARDS ***
Dealt to Mahu2021 [Ah 5s]
Mahu2021: raises 20 to 40
xixiwi: raises 1050 to 1090 and is all-in
Mahu2021: calls 370 and is all-in
Uncalled bet (680) returned to xixiwi
*** FLOP *** [5c Qc Kh]
*** TURN *** [5c Qc Kh] [Ad]
*** RIVER *** [5c Qc Kh Ad] [As]
*** SHOW DOWN ***
xixiwi: shows [3s 3h] (two pair, Aces and Threes)
Mahu2021: shows [Ah 5s] (a full house, Aces full of Fives)
Mahu2021 collected 820 from pot
*** SUMMARY ***
Total pot 820 | Rake 0 
Board [5c Qc Kh Ad As]
Seat 1: xixiwi (big blind) showed [3s 3h] and lost with two pair, Aces and Threes
Seat 2: Mahu2021 (button) (small blind) showed [Ah 5s] and won (820) with a full house, Aces full of Fives



PokerStars Hand #246514876467: Tournament #3658525386, $0.92+$0.08 USD Hold'em No Limit - Level I (10/20) - 2023/10/13 21:48:22 CET [2023/10/13 15:48:22 ET]
Table '3658525386 1' 3-max Seat #1 is the button
Seat 1: xixiwi (680 in chips) 
Seat 2: Mahu2021 (820 in chips) 
xixiwi: posts small blind 10
Mahu2021: posts big blind 20
*** HOLE CARDS ***
Dealt to Mahu2021 [7h 6h]
xixiwi: folds 
Uncalled bet (10) returned to Mahu2021
Mahu2021 collected 20 from pot
Mahu2021: doesn't show hand 
*** SUMMARY ***
Total pot 20 | Rake 0 
Seat 1: xixiwi (button) (small blind) folded before Flop
Seat 2: Mahu2021 (big blind) collected (20)



PokerStars Hand #246514878556: Tournament #3658525386, $0.92+$0.08 USD Hold'em No Limit - Level I (10/20) - 2023/10/13 21:48:28 CET [2023/10/13 15:48:28 ET]
Table '3658525386 1' 3-max Seat #2 is the button
Seat 1: xixiwi (670 in chips) 
Seat 2: Mahu2021 (830 in chips) 
Mahu2021: posts small blind 10
xixiwi: posts big blind 20
*** HOLE CARDS ***
Dealt to Mahu2021 [6d 6h]
Mahu2021: raises 810 to 830 and is all-in
xixiwi: folds 
Uncalled bet (810) returned to Mahu2021
Mahu2021 collected 40 from pot
Mahu2021: doesn't show hand 
*** SUMMARY ***
Total pot 40 | Rake 0 
Seat 1: xixiwi (big blind) folded before Flop
Seat 2: Mahu2021 (button) (small blind) collected (40)



PokerStars Hand #246514881068: Tournament #3658525386, $0.92+$0.08 USD Hold'em No Limit - Level I (10/20) - 2023/10/13 21:48:35 CET [2023/10/13 15:48:35 ET]
Table '3658525386 1' 3-max Seat #1 is the button
Seat 1: xixiwi (650 in chips) 
Seat 2: Mahu2021 (850 in chips) 
xixiwi: posts small blind 10
Mahu2021: posts big blind 20
*** HOLE CARDS ***
Dealt to Mahu2021 [3h 7d]
xixiwi: folds 
Uncalled bet (10) returned to Mahu2021
Mahu2021 collected 20 from pot
Mahu2021: doesn't show hand 
*** SUMMARY ***
Total pot 20 | Rake 0 
Seat 1: xixiwi (button) (small blind) folded before Flop
Seat 2: Mahu2021 (big blind) collected (20)



PokerStars Hand #246514882857: Tournament #3658525386, $0.92+$0.08 USD Hold'em No Limit - Level I (10/20) - 2023/10/13 21:48:40 CET [2023/10/13 15:48:40 ET]
Table '3658525386 1' 3-max Seat #2 is the button
Seat 1: xixiwi (640 in chips) 
Seat 2: Mahu2021 (860 in chips) 
Mahu2021: posts small blind 10
xixiwi: posts big blind 20
*** HOLE CARDS ***
Dealt to Mahu2021 [9c 8s]
Mahu2021: calls 10
xixiwi: raises 40 to 60
Mahu2021: calls 40
*** FLOP *** [Ah 6c As]
xixiwi: bets 40
Mahu2021: folds 
Uncalled bet (40) returned to xixiwi
xixiwi collected 120 from pot
xixiwi: doesn't show hand 
*** SUMMARY ***
Total pot 120 | Rake 0 
Board [Ah 6c As]
Seat 1: xixiwi (big blind) collected (120)
Seat 2: Mahu2021 (button) (small blind) folded on the Flop



PokerStars Hand #246514886840: Tournament #3658525386, $0.92+$0.08 USD Hold'em No Limit - Level I (10/20) - 2023/10/13 21:48:51 CET [2023/10/13 15:48:51 ET]
Table '3658525386 1' 3-max Seat #1 is the button
Seat 1: xixiwi (700 in chips) 
Seat 2: Mahu2021 (800 in chips) 
xixiwi: posts small blind 10
Mahu2021: posts big blind 20
*** HOLE CARDS ***
Dealt to Mahu2021 [Qs 3c]
xixiwi: raises 60 to 80
Mahu2021: folds 
Uncalled bet (60) returned to xixiwi
xixiwi collected 40 from pot
xixiwi: doesn't show hand 
*** SUMMARY ***
Total pot 40 | Rake 0 
Seat 1: xixiwi (button) (small blind) collected (40)
Seat 2: Mahu2021 (big blind) folded before Flop



PokerStars Hand #246514889179: Tournament #3658525386, $0.92+$0.08 USD Hold'em No Limit - Level I (10/20) - 2023/10/13 21:48:58 CET [2023/10/13 15:48:58 ET]
Table '3658525386 1' 3-max Seat #2 is the button
Seat 1: xixiwi (720 in chips) 
Seat 2: Mahu2021 (780 in chips) 
Mahu2021: posts small blind 10
xixiwi: posts big blind 20
*** HOLE CARDS ***
Dealt to Mahu2021 [7d 4d]
Mahu2021: calls 10
xixiwi: checks 
*** FLOP *** [4s Jd Th]
xixiwi: bets 40
Mahu2021: calls 40
*** TURN *** [4s Jd Th] [3s]
xixiwi: bets 60
Mahu2021: folds 
Uncalled bet (60) returned to xixiwi
xixiwi collected 120 from pot
xixiwi: doesn't show hand 
*** SUMMARY ***
Total pot 120 | Rake 0 
Board [4s Jd Th 3s]
Seat 1: xixiwi (big blind) collected (120)
Seat 2: Mahu2021 (button) (small blind) folded on the Turn



PokerStars Hand #246514894516: Tournament #3658525386, $0.92+$0.08 USD Hold'em No Limit - Level I (10/20) - 2023/10/13 21:49:13 CET [2023/10/13 15:49:13 ET]
Table '3658525386 1' 3-max Seat #1 is the button
Seat 1: xixiwi (780 in chips) 
Seat 2: Mahu2021 (720 in chips) 
xixiwi: posts small blind 10
Mahu2021: posts big blind 20
*** HOLE CARDS ***
Dealt to Mahu2021 [6c 7h]
xixiwi: folds 
Uncalled bet (10) returned to Mahu2021
Mahu2021 collected 20 from pot
Mahu2021: doesn't show hand 
*** SUMMARY ***
Total pot 20 | Rake 0 
Seat 1: xixiwi (button) (small blind) folded before Flop
Seat 2: Mahu2021 (big blind) collected (20)



PokerStars Hand #246514896316: Tournament #3658525386, $0.92+$0.08 USD Hold'em No Limit - Level I (10/20) - 2023/10/13 21:49:18 CET [2023/10/13 15:49:18 ET]
Table '3658525386 1' 3-max Seat #2 is the button
Seat 1: xixiwi (770 in chips) 
Seat 2: Mahu2021 (730 in chips) 
Mahu2021: posts small blind 10
xixiwi: posts big blind 20
*** HOLE CARDS ***
Dealt to Mahu2021 [3s 8d]
Mahu2021: folds 
Uncalled bet (10) returned to xixiwi
xixiwi collected 20 from pot
xixiwi: doesn't show hand 
*** SUMMARY ***
Total pot 20 | Rake 0 
Seat 1: xixiwi (big blind) collected (20)
Seat 2: Mahu2021 (button) (small blind) folded before Flop



PokerStars Hand #246514897797: Tournament #3658525386, $0.92+$0.08 USD Hold'em No Limit - Level I (10/20) - 2023/10/13 21:49:22 CET [2023/10/13 15:49:22 ET]
Table '3658525386 1' 3-max Seat #1 is the button
Seat 1: xixiwi (780 in chips) 
Seat 2: Mahu2021 (720 in chips) 
xixiwi: posts small blind 10
Mahu2021: posts big blind 20
*** HOLE CARDS ***
Dealt to Mahu2021 [8d 3d]
xixiwi: folds 
Uncalled bet (10) returned to Mahu2021
Mahu2021 collected 20 from pot
Mahu2021: doesn't show hand 
*** SUMMARY ***
Total pot 20 | Rake 0 
Seat 1: xixiwi (button) (small blind) folded before Flop
Seat 2: Mahu2021 (big blind) collected (20)



PokerStars Hand #246514900634: Tournament #3658525386, $0.92+$0.08 USD Hold'em No Limit - Level II (15/30) - 2023/10/13 21:49:31 CET [2023/10/13 15:49:31 ET]
Table '3658525386 1' 3-max Seat #2 is the button
Seat 1: xixiwi (770 in chips) 
Seat 2: Mahu2021 (730 in chips) 
Mahu2021: posts small blind 15
xixiwi: posts big blind 30
*** HOLE CARDS ***
Dealt to Mahu2021 [Ks 8s]
Mahu2021: raises 30 to 60
xixiwi: folds 
Uncalled bet (30) returned to Mahu2021
Mahu2021 collected 60 from pot
Mahu2021: doesn't show hand 
*** SUMMARY ***
Total pot 60 | Rake 0 
Seat 1: xixiwi (big blind) folded before Flop
Seat 2: Mahu2021 (button) (small blind) collected (60)



PokerStars Hand #246514902909: Tournament #3658525386, $0.92+$0.08 USD Hold'em No Limit - Level II (15/30) - 2023/10/13 21:49:37 CET [2023/10/13 15:49:37 ET]
Table '3658525386 1' 3-max Seat #1 is the button
Seat 1: xixiwi (740 in chips) 
Seat 2: Mahu2021 (760 in chips) 
xixiwi: posts small blind 15
Mahu2021: posts big blind 30
*** HOLE CARDS ***
Dealt to Mahu2021 [3h Kc]
xixiwi: folds 
Uncalled bet (15) returned to Mahu2021
Mahu2021 collected 30 from pot
Mahu2021: doesn't show hand 
*** SUMMARY ***
Total pot 30 | Rake 0 
Seat 1: xixiwi (button) (small blind) folded before Flop
Seat 2: Mahu2021 (big blind) collected (30)



PokerStars Hand #246514904770: Tournament #3658525386, $0.92+$0.08 USD Hold'em No Limit - Level II (15/30) - 2023/10/13 21:49:43 CET [2023/10/13 15:49:43 ET]
Table '3658525386 1' 3-max Seat #2 is the button
Seat 1: xixiwi (725 in chips) 
Seat 2: Mahu2021 (775 in chips) 
Mahu2021: posts small blind 15
xixiwi: posts big blind 30
*** HOLE CARDS ***
Dealt to Mahu2021 [Ad Kd]
Mahu2021: raises 30 to 60
xixiwi: raises 60 to 120
Mahu2021: raises 655 to 775 and is all-in
xixiwi: calls 605 and is all-in
Uncalled bet (50) returned to Mahu2021
*** FLOP *** [Qc Qd Kc]
*** TURN *** [Qc Qd Kc] [2c]
*** RIVER *** [Qc Qd Kc 2c] [3h]
*** SHOW DOWN ***
xixiwi: shows [8s 8d] (two pair, Queens and Eights)
Mahu2021: shows [Ad Kd] (two pair, Kings and Queens)
Mahu2021 collected 1450 from pot
xixiwi finished the tournament in 2nd place
Mahu2021 wins the tournament and receives $3.00 - congratulations!
*** SUMMARY ***
Total pot 1450 | Rake 0 
Board [Qc Qd Kc 2c 3h]
Seat 1: xixiwi (big blind) showed [8s 8d] and lost with two pair, Queens and Eights
Seat 2: Mahu2021 (button) (small blind) showed [Ad Kd] and won (1450) with two pair, Kings and Queens



