PokerStars Hand #255584734074: Tournament #3875797769, $0.46+$0.04 USD Hold'em No Limit - Level I (10/20) - 2025/04/04 10:13:57 CET [2025/04/04 4:13:57 ET]
Table '3875797769 1' 3-max Seat #1 is the button
Seat 1: GR16884 (500 in chips) 
Seat 2: haunebu_ii (500 in chips) 
Seat 3: Mahu2021 (500 in chips) 
haunebu_ii: posts small blind 10
Mahu2021: posts big blind 20
*** HOLE CARDS ***
Dealt to Mahu2021 [Js 5d]
GR16884: raises 20 to 40
haunebu_ii: folds 
Mahu2021: folds 
Uncalled bet (20) returned to GR16884
GR16884 collected 50 from pot
GR16884: doesn't show hand 
*** SUMMARY ***
Total pot 50 | Rake 0 
Seat 1: GR16884 (button) collected (50)
Seat 2: haunebu_ii (small blind) folded before Flop
Seat 3: Mahu2021 (big blind) folded before Flop



PokerStars Hand #255584734592: Tournament #3875797769, $0.46+$0.04 USD Hold'em No Limit - Level I (10/20) - 2025/04/04 10:14:03 CET [2025/04/04 4:14:03 ET]
Table '3875797769 1' 3-max Seat #2 is the button
Seat 1: GR16884 (530 in chips) 
Seat 2: haunebu_ii (490 in chips) 
Seat 3: Mahu2021 (480 in chips) 
Mahu2021: posts small blind 10
GR16884: posts big blind 20
*** HOLE CARDS ***
Dealt to Mahu2021 [Jd 4h]
haunebu_ii: raises 20 to 40
Mahu2021: folds 
GR16884: calls 20
*** FLOP *** [9c 4s 5c]
GR16884: checks 
haunebu_ii: checks 
*** TURN *** [9c 4s 5c] [Ks]
GR16884: bets 90
haunebu_ii: raises 360 to 450 and is all-in
GR16884: folds 
Uncalled bet (360) returned to haunebu_ii
haunebu_ii collected 270 from pot
haunebu_ii: doesn't show hand 
*** SUMMARY ***
Total pot 270 | Rake 0 
Board [9c 4s 5c Ks]
Seat 1: GR16884 (big blind) folded on the Turn
Seat 2: haunebu_ii (button) collected (270)
Seat 3: Mahu2021 (small blind) folded before Flop



PokerStars Hand #255584736139: Tournament #3875797769, $0.46+$0.04 USD Hold'em No Limit - Level I (10/20) - 2025/04/04 10:14:22 CET [2025/04/04 4:14:22 ET]
Table '3875797769 1' 3-max Seat #3 is the button
Seat 1: GR16884 (400 in chips) 
Seat 2: haunebu_ii (630 in chips) 
Seat 3: Mahu2021 (470 in chips) 
GR16884: posts small blind 10
haunebu_ii: posts big blind 20
*** HOLE CARDS ***
Dealt to Mahu2021 [Ac Qh]
Mahu2021: raises 20 to 40
GR16884: folds 
haunebu_ii: calls 20
*** FLOP *** [Qs 5d 4d]
haunebu_ii: checks 
Mahu2021: bets 90
haunebu_ii: folds 
Uncalled bet (90) returned to Mahu2021
Mahu2021 collected 90 from pot
Mahu2021: doesn't show hand 
*** SUMMARY ***
Total pot 90 | Rake 0 
Board [Qs 5d 4d]
Seat 1: GR16884 (small blind) folded before Flop
Seat 2: haunebu_ii (big blind) folded on the Flop
Seat 3: Mahu2021 (button) collected (90)



PokerStars Hand #255584737036: Tournament #3875797769, $0.46+$0.04 USD Hold'em No Limit - Level I (10/20) - 2025/04/04 10:14:34 CET [2025/04/04 4:14:34 ET]
Table '3875797769 1' 3-max Seat #1 is the button
Seat 1: GR16884 (390 in chips) 
Seat 2: haunebu_ii (590 in chips) 
Seat 3: Mahu2021 (520 in chips) 
haunebu_ii: posts small blind 10
Mahu2021: posts big blind 20
*** HOLE CARDS ***
Dealt to Mahu2021 [Ah 4s]
GR16884: folds 
haunebu_ii: folds 
Uncalled bet (10) returned to Mahu2021
Mahu2021 collected 20 from pot
Mahu2021: doesn't show hand 
*** SUMMARY ***
Total pot 20 | Rake 0 
Seat 1: GR16884 (button) folded before Flop (didn't bet)
Seat 2: haunebu_ii (small blind) folded before Flop
Seat 3: Mahu2021 (big blind) collected (20)



PokerStars Hand #255584737584: Tournament #3875797769, $0.46+$0.04 USD Hold'em No Limit - Level I (10/20) - 2025/04/04 10:14:40 CET [2025/04/04 4:14:40 ET]
Table '3875797769 1' 3-max Seat #2 is the button
Seat 1: GR16884 (390 in chips) 
Seat 2: haunebu_ii (580 in chips) 
Seat 3: Mahu2021 (530 in chips) 
Mahu2021: posts small blind 10
GR16884: posts big blind 20
*** HOLE CARDS ***
Dealt to Mahu2021 [8d Qd]
haunebu_ii: folds 
Mahu2021: raises 20 to 40
GR16884: calls 20
*** FLOP *** [Jc 8s 4s]
Mahu2021: bets 40
GR16884: calls 40
*** TURN *** [Jc 8s 4s] [Kc]
Mahu2021: checks 
GR16884: bets 160
Mahu2021: folds 
Uncalled bet (160) returned to GR16884
GR16884 collected 160 from pot
GR16884: doesn't show hand 
*** SUMMARY ***
Total pot 160 | Rake 0 
Board [Jc 8s 4s Kc]
Seat 1: GR16884 (big blind) collected (160)
Seat 2: haunebu_ii (button) folded before Flop (didn't bet)
Seat 3: Mahu2021 (small blind) folded on the Turn



PokerStars Hand #255584739343: Tournament #3875797769, $0.46+$0.04 USD Hold'em No Limit - Level I (10/20) - 2025/04/04 10:15:02 CET [2025/04/04 4:15:02 ET]
Table '3875797769 1' 3-max Seat #3 is the button
Seat 1: GR16884 (470 in chips) 
Seat 2: haunebu_ii (580 in chips) 
Seat 3: Mahu2021 (450 in chips) 
GR16884: posts small blind 10
haunebu_ii: posts big blind 20
*** HOLE CARDS ***
Dealt to Mahu2021 [7c 9c]
Mahu2021: folds 
GR16884: raises 40 to 60
haunebu_ii: raises 520 to 580 and is all-in
GR16884: calls 410 and is all-in
Uncalled bet (110) returned to haunebu_ii
*** FLOP *** [6s Js Qh]
*** TURN *** [6s Js Qh] [7s]
*** RIVER *** [6s Js Qh 7s] [4s]
*** SHOW DOWN ***
GR16884: shows [8s 8c] (a flush, Jack high)
haunebu_ii: shows [Td As] (a flush, Ace high)
haunebu_ii collected 940 from pot
GR16884 finished the tournament in 3rd place
*** SUMMARY ***
Total pot 940 | Rake 0 
Board [6s Js Qh 7s 4s]
Seat 1: GR16884 (small blind) showed [8s 8c] and lost with a flush, Jack high
Seat 2: haunebu_ii (big blind) showed [Td As] and won (940) with a flush, Ace high
Seat 3: Mahu2021 (button) folded before Flop (didn't bet)



PokerStars Hand #255584741115: Tournament #3875797769, $0.46+$0.04 USD Hold'em No Limit - Level I (10/20) - 2025/04/04 10:15:23 CET [2025/04/04 4:15:23 ET]
Table '3875797769 1' 3-max Seat #2 is the button
Seat 2: haunebu_ii (1050 in chips) 
Seat 3: Mahu2021 (450 in chips) 
haunebu_ii: posts small blind 10
Mahu2021: posts big blind 20
*** HOLE CARDS ***
Dealt to Mahu2021 [2d Jd]
haunebu_ii: folds 
Uncalled bet (10) returned to Mahu2021
Mahu2021 collected 20 from pot
Mahu2021: doesn't show hand 
*** SUMMARY ***
Total pot 20 | Rake 0 
Seat 2: haunebu_ii (button) (small blind) folded before Flop
Seat 3: Mahu2021 (big blind) collected (20)



PokerStars Hand #255584741412: Tournament #3875797769, $0.46+$0.04 USD Hold'em No Limit - Level I (10/20) - 2025/04/04 10:15:27 CET [2025/04/04 4:15:27 ET]
Table '3875797769 1' 3-max Seat #3 is the button
Seat 2: haunebu_ii (1040 in chips) 
Seat 3: Mahu2021 (460 in chips) 
Mahu2021: posts small blind 10
haunebu_ii: posts big blind 20
*** HOLE CARDS ***
Dealt to Mahu2021 [Kh 3h]
Mahu2021: raises 20 to 40
haunebu_ii: calls 20
*** FLOP *** [6s 7c 7d]
haunebu_ii: checks 
Mahu2021: checks 
*** TURN *** [6s 7c 7d] [4c]
haunebu_ii: bets 30
Mahu2021: calls 30
*** RIVER *** [6s 7c 7d 4c] [Td]
haunebu_ii: checks 
Mahu2021: bets 140
haunebu_ii: folds 
Uncalled bet (140) returned to Mahu2021
Mahu2021 collected 140 from pot
Mahu2021: doesn't show hand 
*** SUMMARY ***
Total pot 140 | Rake 0 
Board [6s 7c 7d 4c Td]
Seat 2: haunebu_ii (big blind) folded on the River
Seat 3: Mahu2021 (button) (small blind) collected (140)



PokerStars Hand #255584743468: Tournament #3875797769, $0.46+$0.04 USD Hold'em No Limit - Level I (10/20) - 2025/04/04 10:15:52 CET [2025/04/04 4:15:52 ET]
Table '3875797769 1' 3-max Seat #2 is the button
Seat 2: haunebu_ii (970 in chips) 
Seat 3: Mahu2021 (530 in chips) 
haunebu_ii: posts small blind 10
Mahu2021: posts big blind 20
*** HOLE CARDS ***
Dealt to Mahu2021 [Jc Ac]
haunebu_ii: folds 
Uncalled bet (10) returned to Mahu2021
Mahu2021 collected 20 from pot
Mahu2021: doesn't show hand 
*** SUMMARY ***
Total pot 20 | Rake 0 
Seat 2: haunebu_ii (button) (small blind) folded before Flop
Seat 3: Mahu2021 (big blind) collected (20)



PokerStars Hand #255584744610: Tournament #3875797769, $0.46+$0.04 USD Hold'em No Limit - Level II (15/30) - 2025/04/04 10:16:07 CET [2025/04/04 4:16:07 ET]
Table '3875797769 1' 3-max Seat #3 is the button
Seat 2: haunebu_ii (960 in chips) 
Seat 3: Mahu2021 (540 in chips) 
Mahu2021: posts small blind 15
haunebu_ii: posts big blind 30
*** HOLE CARDS ***
Dealt to Mahu2021 [7d 3s]
Mahu2021: folds 
Uncalled bet (15) returned to haunebu_ii
haunebu_ii collected 30 from pot
haunebu_ii: doesn't show hand 
*** SUMMARY ***
Total pot 30 | Rake 0 
Seat 2: haunebu_ii (big blind) collected (30)
Seat 3: Mahu2021 (button) (small blind) folded before Flop



PokerStars Hand #255584744923: Tournament #3875797769, $0.46+$0.04 USD Hold'em No Limit - Level II (15/30) - 2025/04/04 10:16:11 CET [2025/04/04 4:16:11 ET]
Table '3875797769 1' 3-max Seat #2 is the button
Seat 2: haunebu_ii (975 in chips) 
Seat 3: Mahu2021 (525 in chips) 
haunebu_ii: posts small blind 15
Mahu2021: posts big blind 30
*** HOLE CARDS ***
Dealt to Mahu2021 [2d Jh]
haunebu_ii: calls 15
Mahu2021: checks 
*** FLOP *** [Kc Ac 2c]
Mahu2021: checks 
haunebu_ii: checks 
*** TURN *** [Kc Ac 2c] [6d]
Mahu2021: checks 
haunebu_ii: checks 
*** RIVER *** [Kc Ac 2c 6d] [5s]
Mahu2021: bets 60
haunebu_ii: folds 
Uncalled bet (60) returned to Mahu2021
Mahu2021 collected 60 from pot
Mahu2021: doesn't show hand 
*** SUMMARY ***
Total pot 60 | Rake 0 
Board [Kc Ac 2c 6d 5s]
Seat 2: haunebu_ii (button) (small blind) folded on the River
Seat 3: Mahu2021 (big blind) collected (60)



PokerStars Hand #255584746896: Tournament #3875797769, $0.46+$0.04 USD Hold'em No Limit - Level II (15/30) - 2025/04/04 10:16:35 CET [2025/04/04 4:16:35 ET]
Table '3875797769 1' 3-max Seat #3 is the button
Seat 2: haunebu_ii (945 in chips) 
Seat 3: Mahu2021 (555 in chips) 
Mahu2021: posts small blind 15
haunebu_ii: posts big blind 30
*** HOLE CARDS ***
Dealt to Mahu2021 [8d 5s]
Mahu2021: folds 
Uncalled bet (15) returned to haunebu_ii
haunebu_ii collected 30 from pot
haunebu_ii: doesn't show hand 
*** SUMMARY ***
Total pot 30 | Rake 0 
Seat 2: haunebu_ii (big blind) collected (30)
Seat 3: Mahu2021 (button) (small blind) folded before Flop



PokerStars Hand #255584747255: Tournament #3875797769, $0.46+$0.04 USD Hold'em No Limit - Level II (15/30) - 2025/04/04 10:16:40 CET [2025/04/04 4:16:40 ET]
Table '3875797769 1' 3-max Seat #2 is the button
Seat 2: haunebu_ii (960 in chips) 
Seat 3: Mahu2021 (540 in chips) 
haunebu_ii: posts small blind 15
Mahu2021: posts big blind 30
*** HOLE CARDS ***
Dealt to Mahu2021 [7d 3d]
haunebu_ii: calls 15
Mahu2021: checks 
*** FLOP *** [4c 4h 4s]
Mahu2021: checks 
haunebu_ii: bets 30
Mahu2021: folds 
Uncalled bet (30) returned to haunebu_ii
haunebu_ii collected 60 from pot
haunebu_ii: doesn't show hand 
*** SUMMARY ***
Total pot 60 | Rake 0 
Board [4c 4h 4s]
Seat 2: haunebu_ii (button) (small blind) collected (60)
Seat 3: Mahu2021 (big blind) folded on the Flop



PokerStars Hand #255584748197: Tournament #3875797769, $0.46+$0.04 USD Hold'em No Limit - Level II (15/30) - 2025/04/04 10:16:51 CET [2025/04/04 4:16:51 ET]
Table '3875797769 1' 3-max Seat #3 is the button
Seat 2: haunebu_ii (990 in chips) 
Seat 3: Mahu2021 (510 in chips) 
Mahu2021: posts small blind 15
haunebu_ii: posts big blind 30
*** HOLE CARDS ***
Dealt to Mahu2021 [Qd Ac]
Mahu2021: raises 30 to 60
haunebu_ii: raises 930 to 990 and is all-in
Mahu2021: calls 450 and is all-in
Uncalled bet (480) returned to haunebu_ii
*** FLOP *** [Ts Jd 6c]
*** TURN *** [Ts Jd 6c] [2d]
*** RIVER *** [Ts Jd 6c 2d] [4s]
*** SHOW DOWN ***
haunebu_ii: shows [Ad Jh] (a pair of Jacks)
Mahu2021: shows [Qd Ac] (high card Ace)
haunebu_ii collected 1020 from pot
Mahu2021 finished the tournament in 2nd place
haunebu_ii wins the tournament - congratulations!
haunebu_ii wins a '$1.50 Power Path Step 2 Ticket' ticket
*** SUMMARY ***
Total pot 1020 | Rake 0 
Board [Ts Jd 6c 2d 4s]
Seat 2: haunebu_ii (big blind) showed [Ad Jh] and won (1020) with a pair of Jacks
Seat 3: Mahu2021 (button) (small blind) showed [Qd Ac] and lost with high card Ace



