PokerStars Hand #247819145924: Tournament #3690300363, $1.84+$0.16 USD Hold'em No Limit - Level I (10/20) - 2023/12/23 10:59:46 CET [2023/12/23 4:59:46 ET]
Table '3690300363 1' 3-max Seat #1 is the button
Seat 1: Mahu2021 (500 in chips) 
Seat 2: Emilly201545 (500 in chips) 
Seat 3: PellePennell (500 in chips) 
Emilly201545: posts small blind 10
PellePennell: posts big blind 20
*** HOLE CARDS ***
Dealt to Mahu2021 [9h Kh]
Mahu2021: calls 20
Emilly201545: raises 20 to 40
PellePennell: folds 
Mahu2021: calls 20
*** FLOP *** [5s 3s Qs]
Emilly201545: bets 20
Mahu2021: folds 
Uncalled bet (20) returned to Emilly201545
Emilly201545 collected 100 from pot
Emilly201545: doesn't show hand 
*** SUMMARY ***
Total pot 100 | Rake 0 
Board [5s 3s Qs]
Seat 1: Mahu2021 (button) folded on the Flop
Seat 2: Emilly201545 (small blind) collected (100)
Seat 3: PellePennell (big blind) folded before Flop



PokerStars Hand #247819148419: Tournament #3690300363, $1.84+$0.16 USD Hold'em No Limit - Level I (10/20) - 2023/12/23 11:00:06 CET [2023/12/23 5:00:06 ET]
Table '3690300363 1' 3-max Seat #2 is the button
Seat 1: Mahu2021 (460 in chips) 
Seat 2: Emilly201545 (560 in chips) 
Seat 3: PellePennell (480 in chips) 
PellePennell: posts small blind 10
Mahu2021: posts big blind 20
*** HOLE CARDS ***
Dealt to Mahu2021 [7s Ac]
Emilly201545: raises 20 to 40
PellePennell: calls 30
Mahu2021: calls 20
*** FLOP *** [7d 5s 3c]
PellePennell: checks 
Mahu2021: checks 
Emilly201545: checks 
*** TURN *** [7d 5s 3c] [Kh]
PellePennell: checks 
Mahu2021: checks 
Emilly201545: bets 520 and is all-in
PellePennell: folds 
Mahu2021: folds 
Uncalled bet (520) returned to Emilly201545
Emilly201545 collected 120 from pot
Emilly201545: doesn't show hand 
*** SUMMARY ***
Total pot 120 | Rake 0 
Board [7d 5s 3c Kh]
Seat 1: Mahu2021 (big blind) folded on the Turn
Seat 2: Emilly201545 (button) collected (120)
Seat 3: PellePennell (small blind) folded on the Turn



PokerStars Hand #247819153796: Tournament #3690300363, $1.84+$0.16 USD Hold'em No Limit - Level I (10/20) - 2023/12/23 11:00:50 CET [2023/12/23 5:00:50 ET]
Table '3690300363 1' 3-max Seat #3 is the button
Seat 1: Mahu2021 (420 in chips) 
Seat 2: Emilly201545 (640 in chips) 
Seat 3: PellePennell (440 in chips) 
Mahu2021: posts small blind 10
Emilly201545: posts big blind 20
*** HOLE CARDS ***
Dealt to Mahu2021 [9c 5s]
PellePennell: calls 20
Mahu2021: folds 
Emilly201545: raises 80 to 100
PellePennell: calls 80
*** FLOP *** [5h 4h Qd]
Emilly201545: checks 
PellePennell: bets 210
Emilly201545: folds 
Uncalled bet (210) returned to PellePennell
PellePennell collected 210 from pot
*** SUMMARY ***
Total pot 210 | Rake 0 
Board [5h 4h Qd]
Seat 1: Mahu2021 (small blind) folded before Flop
Seat 2: Emilly201545 (big blind) folded on the Flop
Seat 3: PellePennell (button) collected (210)



PokerStars Hand #247819157151: Tournament #3690300363, $1.84+$0.16 USD Hold'em No Limit - Level I (10/20) - 2023/12/23 11:01:15 CET [2023/12/23 5:01:15 ET]
Table '3690300363 1' 3-max Seat #1 is the button
Seat 1: Mahu2021 (410 in chips) 
Seat 2: Emilly201545 (540 in chips) 
Seat 3: PellePennell (550 in chips) 
Emilly201545: posts small blind 10
PellePennell: posts big blind 20
*** HOLE CARDS ***
Dealt to Mahu2021 [5s Ts]
Mahu2021: folds 
Emilly201545: calls 10
PellePennell: raises 40 to 60
Emilly201545: folds 
Uncalled bet (40) returned to PellePennell
PellePennell collected 40 from pot
*** SUMMARY ***
Total pot 40 | Rake 0 
Seat 1: Mahu2021 (button) folded before Flop (didn't bet)
Seat 2: Emilly201545 (small blind) folded before Flop
Seat 3: PellePennell (big blind) collected (40)



PokerStars Hand #247819158742: Tournament #3690300363, $1.84+$0.16 USD Hold'em No Limit - Level I (10/20) - 2023/12/23 11:01:27 CET [2023/12/23 5:01:27 ET]
Table '3690300363 1' 3-max Seat #2 is the button
Seat 1: Mahu2021 (410 in chips) 
Seat 2: Emilly201545 (520 in chips) 
Seat 3: PellePennell (570 in chips) 
PellePennell: posts small blind 10
Mahu2021: posts big blind 20
*** HOLE CARDS ***
Dealt to Mahu2021 [8h Qs]
Emilly201545: folds 
PellePennell: raises 20 to 40
Mahu2021: calls 20
*** FLOP *** [6d 9c Kd]
PellePennell: bets 80
Mahu2021: folds 
Uncalled bet (80) returned to PellePennell
PellePennell collected 80 from pot
*** SUMMARY ***
Total pot 80 | Rake 0 
Board [6d 9c Kd]
Seat 1: Mahu2021 (big blind) folded on the Flop
Seat 2: Emilly201545 (button) folded before Flop (didn't bet)
Seat 3: PellePennell (small blind) collected (80)



PokerStars Hand #247819160856: Tournament #3690300363, $1.84+$0.16 USD Hold'em No Limit - Level I (10/20) - 2023/12/23 11:01:43 CET [2023/12/23 5:01:43 ET]
Table '3690300363 1' 3-max Seat #3 is the button
Seat 1: Mahu2021 (370 in chips) 
Seat 2: Emilly201545 (520 in chips) 
Seat 3: PellePennell (610 in chips) 
Mahu2021: posts small blind 10
Emilly201545: posts big blind 20
*** HOLE CARDS ***
Dealt to Mahu2021 [Ts 7h]
PellePennell: calls 20
Mahu2021: calls 10
Emilly201545: checks 
*** FLOP *** [Tc Kh 9c]
Mahu2021: checks 
Emilly201545: checks 
PellePennell: checks 
*** TURN *** [Tc Kh 9c] [Th]
Mahu2021: bets 60
Emilly201545: folds 
PellePennell: folds 
Uncalled bet (60) returned to Mahu2021
Mahu2021 collected 60 from pot
Mahu2021: doesn't show hand 
*** SUMMARY ***
Total pot 60 | Rake 0 
Board [Tc Kh 9c Th]
Seat 1: Mahu2021 (small blind) collected (60)
Seat 2: Emilly201545 (big blind) folded on the Turn
Seat 3: PellePennell (button) folded on the Turn



PokerStars Hand #247819165207: Tournament #3690300363, $1.84+$0.16 USD Hold'em No Limit - Level I (10/20) - 2023/12/23 11:02:16 CET [2023/12/23 5:02:16 ET]
Table '3690300363 1' 3-max Seat #1 is the button
Seat 1: Mahu2021 (410 in chips) 
Seat 2: Emilly201545 (500 in chips) 
Seat 3: PellePennell (590 in chips) 
Emilly201545: posts small blind 10
PellePennell: posts big blind 20
*** HOLE CARDS ***
Dealt to Mahu2021 [3d 8c]
Mahu2021: folds 
Emilly201545: calls 10
PellePennell: checks 
*** FLOP *** [Th Jd 6c]
Emilly201545: checks 
PellePennell: checks 
*** TURN *** [Th Jd 6c] [Jh]
Emilly201545: bets 80
PellePennell: folds 
Uncalled bet (80) returned to Emilly201545
Emilly201545 collected 40 from pot
*** SUMMARY ***
Total pot 40 | Rake 0 
Board [Th Jd 6c Jh]
Seat 1: Mahu2021 (button) folded before Flop (didn't bet)
Seat 2: Emilly201545 (small blind) collected (40)
Seat 3: PellePennell (big blind) folded on the Turn



PokerStars Hand #247819168487: Tournament #3690300363, $1.84+$0.16 USD Hold'em No Limit - Level I (10/20) - 2023/12/23 11:02:40 CET [2023/12/23 5:02:40 ET]
Table '3690300363 1' 3-max Seat #2 is the button
Seat 1: Mahu2021 (410 in chips) 
Seat 2: Emilly201545 (520 in chips) 
Seat 3: PellePennell (570 in chips) 
PellePennell: posts small blind 10
Mahu2021: posts big blind 20
*** HOLE CARDS ***
Dealt to Mahu2021 [3s Jd]
Emilly201545: raises 20 to 40
PellePennell: folds 
Mahu2021: folds 
Uncalled bet (20) returned to Emilly201545
Emilly201545 collected 50 from pot
Emilly201545: doesn't show hand 
*** SUMMARY ***
Total pot 50 | Rake 0 
Seat 1: Mahu2021 (big blind) folded before Flop
Seat 2: Emilly201545 (button) collected (50)
Seat 3: PellePennell (small blind) folded before Flop



PokerStars Hand #247819170024: Tournament #3690300363, $1.84+$0.16 USD Hold'em No Limit - Level II (15/30) - 2023/12/23 11:02:52 CET [2023/12/23 5:02:52 ET]
Table '3690300363 1' 3-max Seat #3 is the button
Seat 1: Mahu2021 (390 in chips) 
Seat 2: Emilly201545 (550 in chips) 
Seat 3: PellePennell (560 in chips) 
Mahu2021: posts small blind 15
Emilly201545: posts big blind 30
*** HOLE CARDS ***
Dealt to Mahu2021 [Kc 3s]
PellePennell: folds 
Mahu2021: calls 15
Emilly201545: checks 
*** FLOP *** [Jh Qd 7s]
Mahu2021: checks 
Emilly201545: checks 
*** TURN *** [Jh Qd 7s] [6d]
Mahu2021: checks 
Emilly201545: checks 
*** RIVER *** [Jh Qd 7s 6d] [8c]
Mahu2021: bets 30
Emilly201545: folds 
Uncalled bet (30) returned to Mahu2021
Mahu2021 collected 60 from pot
Mahu2021: doesn't show hand 
*** SUMMARY ***
Total pot 60 | Rake 0 
Board [Jh Qd 7s 6d 8c]
Seat 1: Mahu2021 (small blind) collected (60)
Seat 2: Emilly201545 (big blind) folded on the River
Seat 3: PellePennell (button) folded before Flop (didn't bet)



PokerStars Hand #247819173227: Tournament #3690300363, $1.84+$0.16 USD Hold'em No Limit - Level II (15/30) - 2023/12/23 11:03:16 CET [2023/12/23 5:03:16 ET]
Table '3690300363 1' 3-max Seat #1 is the button
Seat 1: Mahu2021 (420 in chips) 
Seat 2: Emilly201545 (520 in chips) 
Seat 3: PellePennell (560 in chips) 
Emilly201545: posts small blind 15
PellePennell: posts big blind 30
*** HOLE CARDS ***
Dealt to Mahu2021 [8d 9c]
Mahu2021: calls 30
Emilly201545: calls 15
PellePennell: checks 
*** FLOP *** [3s 2s 6s]
Emilly201545: checks 
PellePennell: checks 
Mahu2021: checks 
*** TURN *** [3s 2s 6s] [2h]
Emilly201545: checks 
PellePennell: checks 
Mahu2021: checks 
*** RIVER *** [3s 2s 6s 2h] [Ah]
Emilly201545: checks 
PellePennell: checks 
Mahu2021: checks 
*** SHOW DOWN ***
Emilly201545: shows [9s 6c] (two pair, Sixes and Deuces)
PellePennell: mucks hand 
Mahu2021: mucks hand 
Emilly201545 collected 90 from pot
*** SUMMARY ***
Total pot 90 | Rake 0 
Board [3s 2s 6s 2h Ah]
Seat 1: Mahu2021 (button) mucked [8d 9c]
Seat 2: Emilly201545 (small blind) showed [9s 6c] and won (90) with two pair, Sixes and Deuces
Seat 3: PellePennell (big blind) mucked [Ks 3d]



PokerStars Hand #247819177980: Tournament #3690300363, $1.84+$0.16 USD Hold'em No Limit - Level II (15/30) - 2023/12/23 11:03:50 CET [2023/12/23 5:03:50 ET]
Table '3690300363 1' 3-max Seat #2 is the button
Seat 1: Mahu2021 (390 in chips) 
Seat 2: Emilly201545 (580 in chips) 
Seat 3: PellePennell (530 in chips) 
PellePennell: posts small blind 15
Mahu2021: posts big blind 30
*** HOLE CARDS ***
Dealt to Mahu2021 [Kd Jd]
Emilly201545: folds 
PellePennell: raises 30 to 60
Mahu2021: calls 30
*** FLOP *** [5c 7h 3h]
PellePennell: checks 
Mahu2021: checks 
*** TURN *** [5c 7h 3h] [6h]
PellePennell: checks 
Mahu2021: checks 
*** RIVER *** [5c 7h 3h 6h] [Tc]
PellePennell: checks 
Mahu2021: checks 
*** SHOW DOWN ***
PellePennell: shows [Qc Ah] (high card Ace)
Mahu2021: mucks hand 
PellePennell collected 120 from pot
*** SUMMARY ***
Total pot 120 | Rake 0 
Board [5c 7h 3h 6h Tc]
Seat 1: Mahu2021 (big blind) mucked [Kd Jd]
Seat 2: Emilly201545 (button) folded before Flop (didn't bet)
Seat 3: PellePennell (small blind) showed [Qc Ah] and won (120) with high card Ace



PokerStars Hand #247819180602: Tournament #3690300363, $1.84+$0.16 USD Hold'em No Limit - Level II (15/30) - 2023/12/23 11:04:09 CET [2023/12/23 5:04:09 ET]
Table '3690300363 1' 3-max Seat #3 is the button
Seat 1: Mahu2021 (330 in chips) 
Seat 2: Emilly201545 (580 in chips) 
Seat 3: PellePennell (590 in chips) 
Mahu2021: posts small blind 15
Emilly201545: posts big blind 30
*** HOLE CARDS ***
Dealt to Mahu2021 [7h 3d]
PellePennell: folds 
Mahu2021: folds 
Uncalled bet (15) returned to Emilly201545
Emilly201545 collected 30 from pot
Emilly201545: doesn't show hand 
*** SUMMARY ***
Total pot 30 | Rake 0 
Seat 1: Mahu2021 (small blind) folded before Flop
Seat 2: Emilly201545 (big blind) collected (30)
Seat 3: PellePennell (button) folded before Flop (didn't bet)



PokerStars Hand #247819181189: Tournament #3690300363, $1.84+$0.16 USD Hold'em No Limit - Level II (15/30) - 2023/12/23 11:04:13 CET [2023/12/23 5:04:13 ET]
Table '3690300363 1' 3-max Seat #1 is the button
Seat 1: Mahu2021 (315 in chips) 
Seat 2: Emilly201545 (595 in chips) 
Seat 3: PellePennell (590 in chips) 
Emilly201545: posts small blind 15
PellePennell: posts big blind 30
*** HOLE CARDS ***
Dealt to Mahu2021 [Kh Ks]
Mahu2021: raises 285 to 315 and is all-in
Emilly201545: folds 
PellePennell: folds 
Uncalled bet (285) returned to Mahu2021
Mahu2021 collected 75 from pot
Mahu2021: doesn't show hand 
*** SUMMARY ***
Total pot 75 | Rake 0 
Seat 1: Mahu2021 (button) collected (75)
Seat 2: Emilly201545 (small blind) folded before Flop
Seat 3: PellePennell (big blind) folded before Flop



PokerStars Hand #247819183028: Tournament #3690300363, $1.84+$0.16 USD Hold'em No Limit - Level II (15/30) - 2023/12/23 11:04:27 CET [2023/12/23 5:04:27 ET]
Table '3690300363 1' 3-max Seat #2 is the button
Seat 1: Mahu2021 (360 in chips) 
Seat 2: Emilly201545 (580 in chips) 
Seat 3: PellePennell (560 in chips) 
PellePennell: posts small blind 15
Mahu2021: posts big blind 30
*** HOLE CARDS ***
Dealt to Mahu2021 [9s 2c]
Emilly201545: folds 
PellePennell: folds 
Uncalled bet (15) returned to Mahu2021
Mahu2021 collected 30 from pot
Mahu2021: doesn't show hand 
*** SUMMARY ***
Total pot 30 | Rake 0 
Seat 1: Mahu2021 (big blind) collected (30)
Seat 2: Emilly201545 (button) folded before Flop (didn't bet)
Seat 3: PellePennell (small blind) folded before Flop



PokerStars Hand #247819184183: Tournament #3690300363, $1.84+$0.16 USD Hold'em No Limit - Level II (15/30) - 2023/12/23 11:04:35 CET [2023/12/23 5:04:35 ET]
Table '3690300363 1' 3-max Seat #3 is the button
Seat 1: Mahu2021 (375 in chips) 
Seat 2: Emilly201545 (580 in chips) 
Seat 3: PellePennell (545 in chips) 
Mahu2021: posts small blind 15
Emilly201545: posts big blind 30
*** HOLE CARDS ***
Dealt to Mahu2021 [8c Kc]
PellePennell: folds 
Mahu2021: calls 15
Emilly201545: checks 
*** FLOP *** [6s 4d 5h]
Mahu2021: checks 
Emilly201545: bets 30
Mahu2021: calls 30
*** TURN *** [6s 4d 5h] [7s]
Mahu2021: checks 
Emilly201545: bets 30
Mahu2021: raises 60 to 90
Emilly201545: calls 60
*** RIVER *** [6s 4d 5h 7s] [8d]
Mahu2021: bets 225 and is all-in
Emilly201545: folds 
Uncalled bet (225) returned to Mahu2021
Mahu2021 collected 300 from pot
Mahu2021: doesn't show hand 
*** SUMMARY ***
Total pot 300 | Rake 0 
Board [6s 4d 5h 7s 8d]
Seat 1: Mahu2021 (small blind) collected (300)
Seat 2: Emilly201545 (big blind) folded on the River
Seat 3: PellePennell (button) folded before Flop (didn't bet)



PokerStars Hand #247819190984: Tournament #3690300363, $1.84+$0.16 USD Hold'em No Limit - Level II (15/30) - 2023/12/23 11:05:24 CET [2023/12/23 5:05:24 ET]
Table '3690300363 1' 3-max Seat #1 is the button
Seat 1: Mahu2021 (525 in chips) 
Seat 2: Emilly201545 (430 in chips) 
Seat 3: PellePennell (545 in chips) 
Emilly201545: posts small blind 15
PellePennell: posts big blind 30
*** HOLE CARDS ***
Dealt to Mahu2021 [Kd 2d]
Mahu2021: calls 30
Emilly201545: raises 30 to 60
PellePennell: calls 30
Mahu2021: calls 30
*** FLOP *** [8s 2s 4d]
Emilly201545: checks 
PellePennell: checks 
Mahu2021: checks 
*** TURN *** [8s 2s 4d] [3c]
Emilly201545: checks 
PellePennell: checks 
Mahu2021: bets 60
Emilly201545: folds 
PellePennell: folds 
Uncalled bet (60) returned to Mahu2021
Mahu2021 collected 180 from pot
Mahu2021: doesn't show hand 
*** SUMMARY ***
Total pot 180 | Rake 0 
Board [8s 2s 4d 3c]
Seat 1: Mahu2021 (button) collected (180)
Seat 2: Emilly201545 (small blind) folded on the Turn
Seat 3: PellePennell (big blind) folded on the Turn



PokerStars Hand #247819195086: Tournament #3690300363, $1.84+$0.16 USD Hold'em No Limit - Level III (20/40) - 2023/12/23 11:05:54 CET [2023/12/23 5:05:54 ET]
Table '3690300363 1' 3-max Seat #2 is the button
Seat 1: Mahu2021 (645 in chips) 
Seat 2: Emilly201545 (370 in chips) 
Seat 3: PellePennell (485 in chips) 
PellePennell: posts small blind 20
Mahu2021: posts big blind 40
*** HOLE CARDS ***
Dealt to Mahu2021 [8s 5d]
Emilly201545: raises 40 to 80
PellePennell: calls 60
Mahu2021: calls 40
*** FLOP *** [Js 6s 3h]
PellePennell: checks 
Mahu2021: checks 
Emilly201545: checks 
*** TURN *** [Js 6s 3h] [5c]
PellePennell: checks 
Mahu2021: checks 
Emilly201545: checks 
*** RIVER *** [Js 6s 3h 5c] [9c]
PellePennell: checks 
Mahu2021: checks 
Emilly201545: checks 
*** SHOW DOWN ***
PellePennell: shows [Ts Ad] (high card Ace)
Mahu2021: shows [8s 5d] (a pair of Fives)
Emilly201545: mucks hand 
Mahu2021 collected 240 from pot
*** SUMMARY ***
Total pot 240 | Rake 0 
Board [Js 6s 3h 5c 9c]
Seat 1: Mahu2021 (big blind) showed [8s 5d] and won (240) with a pair of Fives
Seat 2: Emilly201545 (button) mucked [2s Kh]
Seat 3: PellePennell (small blind) showed [Ts Ad] and lost with high card Ace



PokerStars Hand #247819198963: Tournament #3690300363, $1.84+$0.16 USD Hold'em No Limit - Level III (20/40) - 2023/12/23 11:06:21 CET [2023/12/23 5:06:21 ET]
Table '3690300363 1' 3-max Seat #3 is the button
Seat 1: Mahu2021 (805 in chips) 
Seat 2: Emilly201545 (290 in chips) 
Seat 3: PellePennell (405 in chips) 
Mahu2021: posts small blind 20
Emilly201545: posts big blind 40
*** HOLE CARDS ***
Dealt to Mahu2021 [9c Ad]
PellePennell: folds 
Mahu2021: calls 20
Emilly201545: checks 
*** FLOP *** [5h As Kh]
Mahu2021: bets 40
Emilly201545: folds 
Uncalled bet (40) returned to Mahu2021
Mahu2021 collected 80 from pot
Mahu2021: doesn't show hand 
*** SUMMARY ***
Total pot 80 | Rake 0 
Board [5h As Kh]
Seat 1: Mahu2021 (small blind) collected (80)
Seat 2: Emilly201545 (big blind) folded on the Flop
Seat 3: PellePennell (button) folded before Flop (didn't bet)



PokerStars Hand #247819201797: Tournament #3690300363, $1.84+$0.16 USD Hold'em No Limit - Level III (20/40) - 2023/12/23 11:06:41 CET [2023/12/23 5:06:41 ET]
Table '3690300363 1' 3-max Seat #1 is the button
Seat 1: Mahu2021 (845 in chips) 
Seat 2: Emilly201545 (250 in chips) 
Seat 3: PellePennell (405 in chips) 
Emilly201545: posts small blind 20
PellePennell: posts big blind 40
*** HOLE CARDS ***
Dealt to Mahu2021 [Ah Kd]
Mahu2021: raises 40 to 80
Emilly201545: folds 
PellePennell: calls 40
*** FLOP *** [9h 2h 3h]
PellePennell: checks 
Mahu2021: bets 80
PellePennell: calls 80
*** TURN *** [9h 2h 3h] [4d]
PellePennell: checks 
Mahu2021: checks 
*** RIVER *** [9h 2h 3h 4d] [6c]
PellePennell: checks 
Mahu2021: checks 
*** SHOW DOWN ***
PellePennell: shows [9d Ts] (a pair of Nines)
Mahu2021: mucks hand 
PellePennell collected 340 from pot
*** SUMMARY ***
Total pot 340 | Rake 0 
Board [9h 2h 3h 4d 6c]
Seat 1: Mahu2021 (button) mucked [Ah Kd]
Seat 2: Emilly201545 (small blind) folded before Flop
Seat 3: PellePennell (big blind) showed [9d Ts] and won (340) with a pair of Nines



PokerStars Hand #247819205452: Tournament #3690300363, $1.84+$0.16 USD Hold'em No Limit - Level III (20/40) - 2023/12/23 11:07:06 CET [2023/12/23 5:07:06 ET]
Table '3690300363 1' 3-max Seat #2 is the button
Seat 1: Mahu2021 (685 in chips) 
Seat 2: Emilly201545 (230 in chips) 
Seat 3: PellePennell (585 in chips) 
PellePennell: posts small blind 20
Mahu2021: posts big blind 40
*** HOLE CARDS ***
Dealt to Mahu2021 [8h 5d]
Emilly201545: raises 40 to 80
PellePennell: calls 60
Mahu2021: calls 40
*** FLOP *** [3s 7d 3d]
PellePennell: checks 
Mahu2021: checks 
Emilly201545: bets 150 and is all-in
PellePennell: folds 
Mahu2021: folds 
Uncalled bet (150) returned to Emilly201545
Emilly201545 collected 240 from pot
Emilly201545: doesn't show hand 
*** SUMMARY ***
Total pot 240 | Rake 0 
Board [3s 7d 3d]
Seat 1: Mahu2021 (big blind) folded on the Flop
Seat 2: Emilly201545 (button) collected (240)
Seat 3: PellePennell (small blind) folded on the Flop



PokerStars Hand #247819208125: Tournament #3690300363, $1.84+$0.16 USD Hold'em No Limit - Level III (20/40) - 2023/12/23 11:07:26 CET [2023/12/23 5:07:26 ET]
Table '3690300363 1' 3-max Seat #3 is the button
Seat 1: Mahu2021 (605 in chips) 
Seat 2: Emilly201545 (390 in chips) 
Seat 3: PellePennell (505 in chips) 
Mahu2021: posts small blind 20
Emilly201545: posts big blind 40
*** HOLE CARDS ***
Dealt to Mahu2021 [8h Qs]
PellePennell: folds 
Mahu2021: calls 20
Emilly201545: checks 
*** FLOP *** [Kh Ts 6c]
Mahu2021: checks 
Emilly201545: checks 
*** TURN *** [Kh Ts 6c] [Tc]
Mahu2021: bets 40
Emilly201545: folds 
Uncalled bet (40) returned to Mahu2021
Mahu2021 collected 80 from pot
Mahu2021: doesn't show hand 
*** SUMMARY ***
Total pot 80 | Rake 0 
Board [Kh Ts 6c Tc]
Seat 1: Mahu2021 (small blind) collected (80)
Seat 2: Emilly201545 (big blind) folded on the Turn
Seat 3: PellePennell (button) folded before Flop (didn't bet)



PokerStars Hand #247819213330: Tournament #3690300363, $1.84+$0.16 USD Hold'em No Limit - Level III (20/40) - 2023/12/23 11:08:03 CET [2023/12/23 5:08:03 ET]
Table '3690300363 1' 3-max Seat #1 is the button
Seat 1: Mahu2021 (645 in chips) 
Seat 2: Emilly201545 (350 in chips) 
Seat 3: PellePennell (505 in chips) 
Emilly201545: posts small blind 20
PellePennell: posts big blind 40
*** HOLE CARDS ***
Dealt to Mahu2021 [7c 4s]
Mahu2021: folds 
Emilly201545: calls 20
PellePennell: checks 
*** FLOP *** [Ac 7d 4h]
Emilly201545: checks 
PellePennell: checks 
*** TURN *** [Ac 7d 4h] [5c]
Emilly201545: bets 40
PellePennell: folds 
Uncalled bet (40) returned to Emilly201545
Emilly201545 collected 80 from pot
Emilly201545: doesn't show hand 
*** SUMMARY ***
Total pot 80 | Rake 0 
Board [Ac 7d 4h 5c]
Seat 1: Mahu2021 (button) folded before Flop (didn't bet)
Seat 2: Emilly201545 (small blind) collected (80)
Seat 3: PellePennell (big blind) folded on the Turn



PokerStars Hand #247819218156: Tournament #3690300363, $1.84+$0.16 USD Hold'em No Limit - Level III (20/40) - 2023/12/23 11:08:38 CET [2023/12/23 5:08:38 ET]
Table '3690300363 1' 3-max Seat #2 is the button
Seat 1: Mahu2021 (645 in chips) 
Seat 2: Emilly201545 (390 in chips) 
Seat 3: PellePennell (465 in chips) 
PellePennell: posts small blind 20
Mahu2021: posts big blind 40
*** HOLE CARDS ***
Dealt to Mahu2021 [3h Qc]
Emilly201545: folds 
PellePennell: folds 
Uncalled bet (20) returned to Mahu2021
Mahu2021 collected 40 from pot
Mahu2021: doesn't show hand 
*** SUMMARY ***
Total pot 40 | Rake 0 
Seat 1: Mahu2021 (big blind) collected (40)
Seat 2: Emilly201545 (button) folded before Flop (didn't bet)
Seat 3: PellePennell (small blind) folded before Flop



PokerStars Hand #247819219940: Tournament #3690300363, $1.84+$0.16 USD Hold'em No Limit - Level IV (30/60) - 2023/12/23 11:08:50 CET [2023/12/23 5:08:50 ET]
Table '3690300363 1' 3-max Seat #3 is the button
Seat 1: Mahu2021 (665 in chips) 
Seat 2: Emilly201545 (390 in chips) 
Seat 3: PellePennell (445 in chips) 
Mahu2021: posts small blind 30
Emilly201545: posts big blind 60
*** HOLE CARDS ***
Dealt to Mahu2021 [Jc Ts]
PellePennell: calls 60
Mahu2021: calls 30
Emilly201545: checks 
*** FLOP *** [3h 7s Qd]
Mahu2021: checks 
Emilly201545: checks 
PellePennell: checks 
*** TURN *** [3h 7s Qd] [Td]
Mahu2021: bets 60
Emilly201545: raises 60 to 120
PellePennell: calls 120
Mahu2021: calls 60
*** RIVER *** [3h 7s Qd Td] [5d]
Mahu2021: checks 
Emilly201545: checks 
PellePennell: checks 
*** SHOW DOWN ***
Mahu2021: shows [Jc Ts] (a pair of Tens)
Emilly201545: mucks hand 
PellePennell: shows [Ks Qh] (a pair of Queens)
PellePennell collected 540 from pot
*** SUMMARY ***
Total pot 540 | Rake 0 
Board [3h 7s Qd Td 5d]
Seat 1: Mahu2021 (small blind) showed [Jc Ts] and lost with a pair of Tens
Seat 2: Emilly201545 (big blind) mucked [2c Th]
Seat 3: PellePennell (button) showed [Ks Qh] and won (540) with a pair of Queens



PokerStars Hand #247819226357: Tournament #3690300363, $1.84+$0.16 USD Hold'em No Limit - Level IV (30/60) - 2023/12/23 11:09:35 CET [2023/12/23 5:09:35 ET]
Table '3690300363 1' 3-max Seat #1 is the button
Seat 1: Mahu2021 (485 in chips) 
Seat 2: Emilly201545 (210 in chips) 
Seat 3: PellePennell (805 in chips) 
Emilly201545: posts small blind 30
PellePennell: posts big blind 60
*** HOLE CARDS ***
Dealt to Mahu2021 [Ah Ac]
Mahu2021: raises 425 to 485 and is all-in
Emilly201545: calls 180 and is all-in
PellePennell: calls 425
*** FLOP *** [Kh 6h 6c]
*** TURN *** [Kh 6h 6c] [8d]
*** RIVER *** [Kh 6h 6c 8d] [Th]
*** SHOW DOWN ***
PellePennell: shows [Js Jd] (two pair, Jacks and Sixes)
Mahu2021: shows [Ah Ac] (two pair, Aces and Sixes)
Mahu2021 collected 550 from side pot
Emilly201545: shows [Qh 8c] (two pair, Eights and Sixes)
Mahu2021 collected 630 from main pot
Emilly201545 finished the tournament in 3rd place
*** SUMMARY ***
Total pot 1180 Main pot 630. Side pot 550. | Rake 0 
Board [Kh 6h 6c 8d Th]
Seat 1: Mahu2021 (button) showed [Ah Ac] and won (1180) with two pair, Aces and Sixes
Seat 2: Emilly201545 (small blind) showed [Qh 8c] and lost with two pair, Eights and Sixes
Seat 3: PellePennell (big blind) showed [Js Jd] and lost with two pair, Jacks and Sixes



PokerStars Hand #247819229427: Tournament #3690300363, $1.84+$0.16 USD Hold'em No Limit - Level IV (30/60) - 2023/12/23 11:09:57 CET [2023/12/23 5:09:57 ET]
Table '3690300363 1' 3-max Seat #3 is the button
Seat 1: Mahu2021 (1180 in chips) 
Seat 3: PellePennell (320 in chips) 
PellePennell: posts small blind 30
Mahu2021: posts big blind 60
*** HOLE CARDS ***
Dealt to Mahu2021 [2c 4c]
PellePennell: calls 30
Mahu2021: checks 
*** FLOP *** [5h 6c Kd]
Mahu2021: bets 60
PellePennell: calls 60
*** TURN *** [5h 6c Kd] [2h]
Mahu2021: checks 
PellePennell: bets 60
Mahu2021: calls 60
*** RIVER *** [5h 6c Kd 2h] [Kc]
Mahu2021: checks 
PellePennell: checks 
*** SHOW DOWN ***
Mahu2021: shows [2c 4c] (two pair, Kings and Deuces)
PellePennell: shows [8s 5s] (two pair, Kings and Fives)
PellePennell collected 360 from pot
*** SUMMARY ***
Total pot 360 | Rake 0 
Board [5h 6c Kd 2h Kc]
Seat 1: Mahu2021 (big blind) showed [2c 4c] and lost with two pair, Kings and Deuces
Seat 3: PellePennell (button) (small blind) showed [8s 5s] and won (360) with two pair, Kings and Fives



PokerStars Hand #247819231444: Tournament #3690300363, $1.84+$0.16 USD Hold'em No Limit - Level IV (30/60) - 2023/12/23 11:10:11 CET [2023/12/23 5:10:11 ET]
Table '3690300363 1' 3-max Seat #1 is the button
Seat 1: Mahu2021 (1000 in chips) 
Seat 3: PellePennell (500 in chips) 
Mahu2021: posts small blind 30
PellePennell: posts big blind 60
*** HOLE CARDS ***
Dealt to Mahu2021 [Qs Th]
Mahu2021: raises 60 to 120
PellePennell: folds 
Uncalled bet (60) returned to Mahu2021
Mahu2021 collected 120 from pot
Mahu2021: doesn't show hand 
*** SUMMARY ***
Total pot 120 | Rake 0 
Seat 1: Mahu2021 (button) (small blind) collected (120)
Seat 3: PellePennell (big blind) folded before Flop



PokerStars Hand #247819232400: Tournament #3690300363, $1.84+$0.16 USD Hold'em No Limit - Level IV (30/60) - 2023/12/23 11:10:18 CET [2023/12/23 5:10:18 ET]
Table '3690300363 1' 3-max Seat #3 is the button
Seat 1: Mahu2021 (1060 in chips) 
Seat 3: PellePennell (440 in chips) 
PellePennell: posts small blind 30
Mahu2021: posts big blind 60
*** HOLE CARDS ***
Dealt to Mahu2021 [5c 6h]
PellePennell: folds 
Uncalled bet (30) returned to Mahu2021
Mahu2021 collected 60 from pot
Mahu2021: doesn't show hand 
*** SUMMARY ***
Total pot 60 | Rake 0 
Seat 1: Mahu2021 (big blind) collected (60)
Seat 3: PellePennell (button) (small blind) folded before Flop



PokerStars Hand #247819233307: Tournament #3690300363, $1.84+$0.16 USD Hold'em No Limit - Level IV (30/60) - 2023/12/23 11:10:24 CET [2023/12/23 5:10:24 ET]
Table '3690300363 1' 3-max Seat #1 is the button
Seat 1: Mahu2021 (1090 in chips) 
Seat 3: PellePennell (410 in chips) 
Mahu2021: posts small blind 30
PellePennell: posts big blind 60
*** HOLE CARDS ***
Dealt to Mahu2021 [2h 8d]
Mahu2021: folds 
Uncalled bet (30) returned to PellePennell
PellePennell collected 60 from pot
*** SUMMARY ***
Total pot 60 | Rake 0 
Seat 1: Mahu2021 (button) (small blind) folded before Flop
Seat 3: PellePennell (big blind) collected (60)



PokerStars Hand #247819233875: Tournament #3690300363, $1.84+$0.16 USD Hold'em No Limit - Level IV (30/60) - 2023/12/23 11:10:28 CET [2023/12/23 5:10:28 ET]
Table '3690300363 1' 3-max Seat #3 is the button
Seat 1: Mahu2021 (1060 in chips) 
Seat 3: PellePennell (440 in chips) 
PellePennell: posts small blind 30
Mahu2021: posts big blind 60
*** HOLE CARDS ***
Dealt to Mahu2021 [Ks Kc]
PellePennell: calls 30
Mahu2021: raises 120 to 180
PellePennell: calls 120
*** FLOP *** [2c 7s 5d]
Mahu2021: bets 880 and is all-in
PellePennell: calls 260 and is all-in
Uncalled bet (620) returned to Mahu2021
*** TURN *** [2c 7s 5d] [Ah]
*** RIVER *** [2c 7s 5d Ah] [Ts]
*** SHOW DOWN ***
Mahu2021: shows [Ks Kc] (a pair of Kings)
PellePennell: shows [Qh Jc] (high card Ace)
Mahu2021 collected 880 from pot
PellePennell finished the tournament in 2nd place
Mahu2021 wins the tournament and receives $6.00 - congratulations!
*** SUMMARY ***
Total pot 880 | Rake 0 
Board [2c 7s 5d Ah Ts]
Seat 1: Mahu2021 (big blind) showed [Ks Kc] and won (880) with a pair of Kings
Seat 3: PellePennell (button) (small blind) showed [Qh Jc] and lost with high card Ace



