PokerStars Hand #249723752977: Tournament #3735973708, $1.84+$0.16 USD Hold'em No Limit - Level I (10/20) - 2024/03/31 18:10:20 CET [2024/03/31 12:10:20 ET]
Table '3735973708 1' 3-max Seat #1 is the button
Seat 1: mojo81128 (500 in chips) 
Seat 2: hgpperez (500 in chips) 
Seat 3: Mahu2021 (500 in chips) 
hgpperez: posts small blind 10
Mahu2021: posts big blind 20
*** HOLE CARDS ***
Dealt to Mahu2021 [Kc 8d]
mojo81128: raises 480 to 500 and is all-in
hgpperez: folds 
Mahu2021: folds 
Uncalled bet (480) returned to mojo81128
mojo81128 collected 50 from pot
*** SUMMARY ***
Total pot 50 | Rake 0 
Seat 1: mojo81128 (button) collected (50)
Seat 2: hgpperez (small blind) folded before Flop
Seat 3: Mahu2021 (big blind) folded before Flop



PokerStars Hand #249723756340: Tournament #3735973708, $1.84+$0.16 USD Hold'em No Limit - Level I (10/20) - 2024/03/31 18:10:32 CET [2024/03/31 12:10:32 ET]
Table '3735973708 1' 3-max Seat #2 is the button
Seat 1: mojo81128 (530 in chips) 
Seat 2: hgpperez (490 in chips) 
Seat 3: Mahu2021 (480 in chips) 
Mahu2021: posts small blind 10
mojo81128: posts big blind 20
*** HOLE CARDS ***
Dealt to Mahu2021 [Td 6c]
hgpperez: folds 
Mahu2021: folds 
Uncalled bet (10) returned to mojo81128
mojo81128 collected 20 from pot
*** SUMMARY ***
Total pot 20 | Rake 0 
Seat 1: mojo81128 (big blind) collected (20)
Seat 2: hgpperez (button) folded before Flop (didn't bet)
Seat 3: Mahu2021 (small blind) folded before Flop



PokerStars Hand #249723758399: Tournament #3735973708, $1.84+$0.16 USD Hold'em No Limit - Level I (10/20) - 2024/03/31 18:10:39 CET [2024/03/31 12:10:39 ET]
Table '3735973708 1' 3-max Seat #3 is the button
Seat 1: mojo81128 (540 in chips) 
Seat 2: hgpperez (490 in chips) 
Seat 3: Mahu2021 (470 in chips) 
mojo81128: posts small blind 10
hgpperez: posts big blind 20
*** HOLE CARDS ***
Dealt to Mahu2021 [8c Kc]
Mahu2021: calls 20
mojo81128: calls 10
hgpperez: checks 
*** FLOP *** [4d Jd Ts]
mojo81128: checks 
hgpperez: checks 
Mahu2021: checks 
*** TURN *** [4d Jd Ts] [2h]
mojo81128: checks 
hgpperez: checks 
Mahu2021: bets 40
mojo81128 has timed out
mojo81128: folds 
mojo81128 is sitting out
hgpperez: calls 40
*** RIVER *** [4d Jd Ts 2h] [6c]
hgpperez: checks 
Mahu2021: bets 80
hgpperez: folds 
Uncalled bet (80) returned to Mahu2021
Mahu2021 collected 140 from pot
Mahu2021: doesn't show hand 
mojo81128 has returned
*** SUMMARY ***
Total pot 140 | Rake 0 
Board [4d Jd Ts 2h 6c]
Seat 1: mojo81128 (small blind) folded on the Turn
Seat 2: hgpperez (big blind) folded on the River
Seat 3: Mahu2021 (button) collected (140)



PokerStars Hand #249723778961: Tournament #3735973708, $1.84+$0.16 USD Hold'em No Limit - Level I (10/20) - 2024/03/31 18:11:50 CET [2024/03/31 12:11:50 ET]
Table '3735973708 1' 3-max Seat #1 is the button
Seat 1: mojo81128 (520 in chips) 
Seat 2: hgpperez (430 in chips) 
Seat 3: Mahu2021 (550 in chips) 
hgpperez: posts small blind 10
Mahu2021: posts big blind 20
*** HOLE CARDS ***
Dealt to Mahu2021 [Ad 4s]
mojo81128: raises 20 to 40
hgpperez: raises 100 to 140
Mahu2021: folds 
mojo81128: calls 100
*** FLOP *** [5c Qh 8s]
hgpperez: bets 114
mojo81128: calls 114
*** TURN *** [5c Qh 8s] [As]
hgpperez: bets 176 and is all-in
mojo81128: folds 
Uncalled bet (176) returned to hgpperez
hgpperez collected 528 from pot
hgpperez: doesn't show hand 
*** SUMMARY ***
Total pot 528 | Rake 0 
Board [5c Qh 8s As]
Seat 1: mojo81128 (button) folded on the Turn
Seat 2: hgpperez (small blind) collected (528)
Seat 3: Mahu2021 (big blind) folded before Flop



PokerStars Hand #249723789685: Tournament #3735973708, $1.84+$0.16 USD Hold'em No Limit - Level I (10/20) - 2024/03/31 18:12:27 CET [2024/03/31 12:12:27 ET]
Table '3735973708 1' 3-max Seat #2 is the button
Seat 1: mojo81128 (266 in chips) 
Seat 2: hgpperez (704 in chips) 
Seat 3: Mahu2021 (530 in chips) 
Mahu2021: posts small blind 10
mojo81128: posts big blind 20
*** HOLE CARDS ***
Dealt to Mahu2021 [6d 5c]
hgpperez: folds 
Mahu2021: folds 
Uncalled bet (10) returned to mojo81128
mojo81128 collected 20 from pot
*** SUMMARY ***
Total pot 20 | Rake 0 
Seat 1: mojo81128 (big blind) collected (20)
Seat 2: hgpperez (button) folded before Flop (didn't bet)
Seat 3: Mahu2021 (small blind) folded before Flop



PokerStars Hand #249723792018: Tournament #3735973708, $1.84+$0.16 USD Hold'em No Limit - Level I (10/20) - 2024/03/31 18:12:36 CET [2024/03/31 12:12:36 ET]
Table '3735973708 1' 3-max Seat #3 is the button
Seat 1: mojo81128 (276 in chips) 
Seat 2: hgpperez (704 in chips) 
Seat 3: Mahu2021 (520 in chips) 
mojo81128: posts small blind 10
hgpperez: posts big blind 20
*** HOLE CARDS ***
Dealt to Mahu2021 [9d As]
Mahu2021: raises 20 to 40
mojo81128: calls 30
hgpperez: calls 20
*** FLOP *** [8h 8c 9c]
mojo81128: checks 
hgpperez: checks 
Mahu2021: bets 480 and is all-in
mojo81128: folds 
hgpperez: calls 480
*** TURN *** [8h 8c 9c] [4d]
*** RIVER *** [8h 8c 9c 4d] [Kc]
*** SHOW DOWN ***
hgpperez: shows [Td 8d] (three of a kind, Eights)
Mahu2021: shows [9d As] (two pair, Nines and Eights)
hgpperez collected 1080 from pot
Mahu2021 finished the tournament in 3rd place
*** SUMMARY ***
Total pot 1080 | Rake 0 
Board [8h 8c 9c 4d Kc]
Seat 1: mojo81128 (small blind) folded on the Flop
Seat 2: hgpperez (big blind) showed [Td 8d] and won (1080) with three of a kind, Eights
Seat 3: Mahu2021 (button) showed [9d As] and lost with two pair, Nines and Eights



