PokerStars Hand #252863160143: Tournament #3810449598, $1.84+$0.16 USD Hold'em No Limit - Level I (10/20) - 2024/10/10 21:45:59 CET [2024/10/10 15:45:59 ET]
Table '3810449598 1' 3-max Seat #1 is the button
Seat 1: Mahu2021 (500 in chips) 
Seat 2: prodave77 (500 in chips) 
Seat 3: MarioClv23 (500 in chips) 
prodave77: posts small blind 10
MarioClv23: posts big blind 20
*** HOLE CARDS ***
Dealt to Mahu2021 [Kd Jd]
Mahu2021: raises 60 to 80
prodave77: folds 
MarioClv23: folds 
Uncalled bet (60) returned to Mahu2021
Mahu2021 collected 50 from pot
Mahu2021: doesn't show hand 
*** SUMMARY ***
Total pot 50 | Rake 0 
Seat 1: Mahu2021 (button) collected (50)
Seat 2: prodave77 (small blind) folded before Flop
Seat 3: MarioClv23 (big blind) folded before Flop



PokerStars Hand #252863162168: Tournament #3810449598, $1.84+$0.16 USD Hold'em No Limit - Level I (10/20) - 2024/10/10 21:46:06 CET [2024/10/10 15:46:06 ET]
Table '3810449598 1' 3-max Seat #2 is the button
Seat 1: Mahu2021 (530 in chips) 
Seat 2: prodave77 (490 in chips) 
Seat 3: MarioClv23 (480 in chips) 
MarioClv23: posts small blind 10
Mahu2021: posts big blind 20
*** HOLE CARDS ***
Dealt to Mahu2021 [Ts Qc]
prodave77: folds 
MarioClv23: calls 10
Mahu2021: checks 
*** FLOP *** [Ah Js Th]
MarioClv23: checks 
Mahu2021: bets 40
MarioClv23: folds 
Uncalled bet (40) returned to Mahu2021
Mahu2021 collected 40 from pot
Mahu2021: doesn't show hand 
*** SUMMARY ***
Total pot 40 | Rake 0 
Board [Ah Js Th]
Seat 1: Mahu2021 (big blind) collected (40)
Seat 2: prodave77 (button) folded before Flop (didn't bet)
Seat 3: MarioClv23 (small blind) folded on the Flop



PokerStars Hand #252863165628: Tournament #3810449598, $1.84+$0.16 USD Hold'em No Limit - Level I (10/20) - 2024/10/10 21:46:17 CET [2024/10/10 15:46:17 ET]
Table '3810449598 1' 3-max Seat #3 is the button
Seat 1: Mahu2021 (550 in chips) 
Seat 2: prodave77 (490 in chips) 
Seat 3: MarioClv23 (460 in chips) 
Mahu2021: posts small blind 10
prodave77: posts big blind 20
*** HOLE CARDS ***
Dealt to Mahu2021 [Js Qs]
MarioClv23: folds 
Mahu2021: raises 60 to 80
prodave77: calls 60
*** FLOP *** [8s Tc 9h]
Mahu2021: checks 
prodave77: checks 
*** TURN *** [8s Tc 9h] [3d]
Mahu2021: checks 
prodave77: checks 
*** RIVER *** [8s Tc 9h 3d] [4h]
Mahu2021: bets 160
prodave77: calls 160
*** SHOW DOWN ***
Mahu2021: shows [Js Qs] (a straight, Eight to Queen)
prodave77: mucks hand 
Mahu2021 collected 480 from pot
*** SUMMARY ***
Total pot 480 | Rake 0 
Board [8s Tc 9h 3d 4h]
Seat 1: Mahu2021 (small blind) showed [Js Qs] and won (480) with a straight, Eight to Queen
Seat 2: prodave77 (big blind) mucked [3h 2h]
Seat 3: MarioClv23 (button) folded before Flop (didn't bet)



PokerStars Hand #252863174850: Tournament #3810449598, $1.84+$0.16 USD Hold'em No Limit - Level I (10/20) - 2024/10/10 21:46:48 CET [2024/10/10 15:46:48 ET]
Table '3810449598 1' 3-max Seat #1 is the button
Seat 1: Mahu2021 (790 in chips) 
Seat 2: prodave77 (250 in chips) 
Seat 3: MarioClv23 (460 in chips) 
prodave77: posts small blind 10
MarioClv23: posts big blind 20
*** HOLE CARDS ***
Dealt to Mahu2021 [2h 5d]
Mahu2021: folds 
prodave77: raises 230 to 250 and is all-in
MarioClv23: folds 
Uncalled bet (230) returned to prodave77
prodave77 collected 40 from pot
*** SUMMARY ***
Total pot 40 | Rake 0 
Seat 1: Mahu2021 (button) folded before Flop (didn't bet)
Seat 2: prodave77 (small blind) collected (40)
Seat 3: MarioClv23 (big blind) folded before Flop



PokerStars Hand #252863177308: Tournament #3810449598, $1.84+$0.16 USD Hold'em No Limit - Level I (10/20) - 2024/10/10 21:46:55 CET [2024/10/10 15:46:55 ET]
Table '3810449598 1' 3-max Seat #2 is the button
Seat 1: Mahu2021 (790 in chips) 
Seat 2: prodave77 (270 in chips) 
Seat 3: MarioClv23 (440 in chips) 
MarioClv23: posts small blind 10
Mahu2021: posts big blind 20
*** HOLE CARDS ***
Dealt to Mahu2021 [6s 9d]
prodave77: calls 20
MarioClv23: calls 10
Mahu2021: checks 
*** FLOP *** [As 4s 7h]
MarioClv23: checks 
Mahu2021: checks 
prodave77: checks 
*** TURN *** [As 4s 7h] [Jd]
MarioClv23: checks 
Mahu2021: checks 
prodave77: checks 
*** RIVER *** [As 4s 7h Jd] [5c]
MarioClv23: checks 
Mahu2021: checks 
prodave77: checks 
*** SHOW DOWN ***
MarioClv23: shows [2c Tc] (high card Ace)
Mahu2021: mucks hand 
prodave77: shows [Qd 9s] (high card Ace - Queen kicker)
prodave77 collected 60 from pot
*** SUMMARY ***
Total pot 60 | Rake 0 
Board [As 4s 7h Jd 5c]
Seat 1: Mahu2021 (big blind) mucked [6s 9d]
Seat 2: prodave77 (button) showed [Qd 9s] and won (60) with high card Ace
Seat 3: MarioClv23 (small blind) showed [2c Tc] and lost with high card Ace



PokerStars Hand #252863183051: Tournament #3810449598, $1.84+$0.16 USD Hold'em No Limit - Level I (10/20) - 2024/10/10 21:47:14 CET [2024/10/10 15:47:14 ET]
Table '3810449598 1' 3-max Seat #3 is the button
Seat 1: Mahu2021 (770 in chips) 
Seat 2: prodave77 (310 in chips) 
Seat 3: MarioClv23 (420 in chips) 
Mahu2021: posts small blind 10
prodave77: posts big blind 20
*** HOLE CARDS ***
Dealt to Mahu2021 [6d As]
MarioClv23: raises 20 to 40
Mahu2021: calls 30
prodave77: calls 20
*** FLOP *** [Jh 9d 2c]
Mahu2021: checks 
prodave77: checks 
MarioClv23: checks 
*** TURN *** [Jh 9d 2c] [8s]
Mahu2021: checks 
prodave77: checks 
MarioClv23: checks 
*** RIVER *** [Jh 9d 2c 8s] [7d]
Mahu2021: checks 
prodave77: checks 
MarioClv23: checks 
*** SHOW DOWN ***
Mahu2021: shows [6d As] (high card Ace)
prodave77: shows [8h Ah] (a pair of Eights)
MarioClv23: mucks hand 
prodave77 collected 120 from pot
*** SUMMARY ***
Total pot 120 | Rake 0 
Board [Jh 9d 2c 8s 7d]
Seat 1: Mahu2021 (small blind) showed [6d As] and lost with high card Ace
Seat 2: prodave77 (big blind) showed [8h Ah] and won (120) with a pair of Eights
Seat 3: MarioClv23 (button) mucked [5d 5s]



PokerStars Hand #252863190148: Tournament #3810449598, $1.84+$0.16 USD Hold'em No Limit - Level I (10/20) - 2024/10/10 21:47:37 CET [2024/10/10 15:47:37 ET]
Table '3810449598 1' 3-max Seat #1 is the button
Seat 1: Mahu2021 (730 in chips) 
Seat 2: prodave77 (390 in chips) 
Seat 3: MarioClv23 (380 in chips) 
prodave77: posts small blind 10
MarioClv23: posts big blind 20
*** HOLE CARDS ***
Dealt to Mahu2021 [6s 2s]
Mahu2021: folds 
prodave77: calls 10
MarioClv23: raises 20 to 40
prodave77: calls 20
*** FLOP *** [Td Kc Kh]
prodave77: checks 
MarioClv23: checks 
*** TURN *** [Td Kc Kh] [8c]
prodave77: checks 
MarioClv23: bets 40
prodave77: calls 40
*** RIVER *** [Td Kc Kh 8c] [Jc]
prodave77: bets 310 and is all-in
MarioClv23: calls 300 and is all-in
Uncalled bet (10) returned to prodave77
*** SHOW DOWN ***
prodave77: shows [Qh 9d] (a straight, Nine to King)
MarioClv23: shows [7d Kd] (three of a kind, Kings)
prodave77 collected 760 from pot
MarioClv23 finished the tournament in 3rd place
*** SUMMARY ***
Total pot 760 | Rake 0 
Board [Td Kc Kh 8c Jc]
Seat 1: Mahu2021 (button) folded before Flop (didn't bet)
Seat 2: prodave77 (small blind) showed [Qh 9d] and won (760) with a straight, Nine to King
Seat 3: MarioClv23 (big blind) showed [7d Kd] and lost with three of a kind, Kings



PokerStars Hand #252863200918: Tournament #3810449598, $1.84+$0.16 USD Hold'em No Limit - Level II (15/30) - 2024/10/10 21:48:12 CET [2024/10/10 15:48:12 ET]
Table '3810449598 1' 3-max Seat #2 is the button
Seat 1: Mahu2021 (730 in chips) 
Seat 2: prodave77 (770 in chips) 
prodave77: posts small blind 15
Mahu2021: posts big blind 30
*** HOLE CARDS ***
Dealt to Mahu2021 [6c 5s]
prodave77: calls 15
Mahu2021: checks 
*** FLOP *** [Kc Qd 2c]
Mahu2021: checks 
prodave77: checks 
*** TURN *** [Kc Qd 2c] [9h]
Mahu2021: checks 
prodave77: checks 
*** RIVER *** [Kc Qd 2c 9h] [Ac]
Mahu2021: checks 
prodave77: checks 
*** SHOW DOWN ***
Mahu2021: shows [6c 5s] (high card Ace)
prodave77: shows [Th 8s] (high card Ace - King+Queen+Ten kicker)
prodave77 collected 60 from pot
*** SUMMARY ***
Total pot 60 | Rake 0 
Board [Kc Qd 2c 9h Ac]
Seat 1: Mahu2021 (big blind) showed [6c 5s] and lost with high card Ace
Seat 2: prodave77 (button) (small blind) showed [Th 8s] and won (60) with high card Ace



PokerStars Hand #252863205386: Tournament #3810449598, $1.84+$0.16 USD Hold'em No Limit - Level II (15/30) - 2024/10/10 21:48:27 CET [2024/10/10 15:48:27 ET]
Table '3810449598 1' 3-max Seat #1 is the button
Seat 1: Mahu2021 (700 in chips) 
Seat 2: prodave77 (800 in chips) 
Mahu2021: posts small blind 15
prodave77: posts big blind 30
*** HOLE CARDS ***
Dealt to Mahu2021 [8s 9h]
Mahu2021: raises 30 to 60
prodave77: calls 30
*** FLOP *** [7d Ts 4c]
prodave77: checks 
Mahu2021: checks 
*** TURN *** [7d Ts 4c] [8h]
prodave77: checks 
Mahu2021: checks 
*** RIVER *** [7d Ts 4c 8h] [Jd]
prodave77: checks 
Mahu2021: bets 120
prodave77: folds 
Uncalled bet (120) returned to Mahu2021
Mahu2021 collected 120 from pot
Mahu2021: doesn't show hand 
*** SUMMARY ***
Total pot 120 | Rake 0 
Board [7d Ts 4c 8h Jd]
Seat 1: Mahu2021 (button) (small blind) collected (120)
Seat 2: prodave77 (big blind) folded on the River



PokerStars Hand #252863212159: Tournament #3810449598, $1.84+$0.16 USD Hold'em No Limit - Level II (15/30) - 2024/10/10 21:48:49 CET [2024/10/10 15:48:49 ET]
Table '3810449598 1' 3-max Seat #2 is the button
Seat 1: Mahu2021 (760 in chips) 
Seat 2: prodave77 (740 in chips) 
prodave77: posts small blind 15
Mahu2021: posts big blind 30
*** HOLE CARDS ***
Dealt to Mahu2021 [5h 4d]
prodave77: folds 
Uncalled bet (15) returned to Mahu2021
Mahu2021 collected 30 from pot
Mahu2021: doesn't show hand 
*** SUMMARY ***
Total pot 30 | Rake 0 
Seat 1: Mahu2021 (big blind) collected (30)
Seat 2: prodave77 (button) (small blind) folded before Flop



PokerStars Hand #252863213875: Tournament #3810449598, $1.84+$0.16 USD Hold'em No Limit - Level II (15/30) - 2024/10/10 21:48:54 CET [2024/10/10 15:48:54 ET]
Table '3810449598 1' 3-max Seat #1 is the button
Seat 1: Mahu2021 (775 in chips) 
Seat 2: prodave77 (725 in chips) 
Mahu2021: posts small blind 15
prodave77: posts big blind 30
*** HOLE CARDS ***
Dealt to Mahu2021 [9h Ad]
Mahu2021: raises 60 to 90
prodave77: folds 
Uncalled bet (60) returned to Mahu2021
Mahu2021 collected 60 from pot
Mahu2021: doesn't show hand 
*** SUMMARY ***
Total pot 60 | Rake 0 
Seat 1: Mahu2021 (button) (small blind) collected (60)
Seat 2: prodave77 (big blind) folded before Flop



PokerStars Hand #252863216379: Tournament #3810449598, $1.84+$0.16 USD Hold'em No Limit - Level II (15/30) - 2024/10/10 21:49:02 CET [2024/10/10 15:49:02 ET]
Table '3810449598 1' 3-max Seat #2 is the button
Seat 1: Mahu2021 (805 in chips) 
Seat 2: prodave77 (695 in chips) 
prodave77: posts small blind 15
Mahu2021: posts big blind 30
*** HOLE CARDS ***
Dealt to Mahu2021 [4c Kh]
prodave77: calls 15
Mahu2021: checks 
*** FLOP *** [Th 2h 5c]
Mahu2021: checks 
prodave77: bets 60
Mahu2021: folds 
Uncalled bet (60) returned to prodave77
prodave77 collected 60 from pot
*** SUMMARY ***
Total pot 60 | Rake 0 
Board [Th 2h 5c]
Seat 1: Mahu2021 (big blind) folded on the Flop
Seat 2: prodave77 (button) (small blind) collected (60)



PokerStars Hand #252863220506: Tournament #3810449598, $1.84+$0.16 USD Hold'em No Limit - Level II (15/30) - 2024/10/10 21:49:16 CET [2024/10/10 15:49:16 ET]
Table '3810449598 1' 3-max Seat #1 is the button
Seat 1: Mahu2021 (775 in chips) 
Seat 2: prodave77 (725 in chips) 
Mahu2021: posts small blind 15
prodave77: posts big blind 30
*** HOLE CARDS ***
Dealt to Mahu2021 [7d 2d]
Mahu2021: folds 
Uncalled bet (15) returned to prodave77
prodave77 collected 30 from pot
*** SUMMARY ***
Total pot 30 | Rake 0 
Seat 1: Mahu2021 (button) (small blind) folded before Flop
Seat 2: prodave77 (big blind) collected (30)



PokerStars Hand #252863222002: Tournament #3810449598, $1.84+$0.16 USD Hold'em No Limit - Level II (15/30) - 2024/10/10 21:49:21 CET [2024/10/10 15:49:21 ET]
Table '3810449598 1' 3-max Seat #2 is the button
Seat 1: Mahu2021 (760 in chips) 
Seat 2: prodave77 (740 in chips) 
prodave77: posts small blind 15
Mahu2021: posts big blind 30
*** HOLE CARDS ***
Dealt to Mahu2021 [9c Qh]
prodave77: calls 15
Mahu2021: raises 60 to 90
prodave77: calls 60
*** FLOP *** [9s Ah Ts]
Mahu2021: checks 
prodave77: checks 
*** TURN *** [9s Ah Ts] [As]
Mahu2021: bets 90
prodave77: folds 
Uncalled bet (90) returned to Mahu2021
Mahu2021 collected 180 from pot
Mahu2021: doesn't show hand 
*** SUMMARY ***
Total pot 180 | Rake 0 
Board [9s Ah Ts As]
Seat 1: Mahu2021 (big blind) collected (180)
Seat 2: prodave77 (button) (small blind) folded on the Turn



PokerStars Hand #252863228067: Tournament #3810449598, $1.84+$0.16 USD Hold'em No Limit - Level II (15/30) - 2024/10/10 21:49:41 CET [2024/10/10 15:49:41 ET]
Table '3810449598 1' 3-max Seat #1 is the button
Seat 1: Mahu2021 (850 in chips) 
Seat 2: prodave77 (650 in chips) 
Mahu2021: posts small blind 15
prodave77: posts big blind 30
*** HOLE CARDS ***
Dealt to Mahu2021 [5s 9d]
Mahu2021: folds 
Uncalled bet (15) returned to prodave77
prodave77 collected 30 from pot
*** SUMMARY ***
Total pot 30 | Rake 0 
Seat 1: Mahu2021 (button) (small blind) folded before Flop
Seat 2: prodave77 (big blind) collected (30)



PokerStars Hand #252863229524: Tournament #3810449598, $1.84+$0.16 USD Hold'em No Limit - Level II (15/30) - 2024/10/10 21:49:45 CET [2024/10/10 15:49:45 ET]
Table '3810449598 1' 3-max Seat #2 is the button
Seat 1: Mahu2021 (835 in chips) 
Seat 2: prodave77 (665 in chips) 
prodave77: posts small blind 15
Mahu2021: posts big blind 30
*** HOLE CARDS ***
Dealt to Mahu2021 [Ac 3h]
prodave77: calls 15
Mahu2021: raises 90 to 120
prodave77: calls 90
*** FLOP *** [6d 9s 9c]
Mahu2021: checks 
prodave77: checks 
*** TURN *** [6d 9s 9c] [Jh]
Mahu2021: checks 
prodave77: checks 
*** RIVER *** [6d 9s 9c Jh] [5s]
Mahu2021: checks 
prodave77: bets 240
Mahu2021: folds 
Uncalled bet (240) returned to prodave77
prodave77 collected 240 from pot
*** SUMMARY ***
Total pot 240 | Rake 0 
Board [6d 9s 9c Jh 5s]
Seat 1: Mahu2021 (big blind) folded on the River
Seat 2: prodave77 (button) (small blind) collected (240)



PokerStars Hand #252863236335: Tournament #3810449598, $1.84+$0.16 USD Hold'em No Limit - Level III (20/40) - 2024/10/10 21:50:08 CET [2024/10/10 15:50:08 ET]
Table '3810449598 1' 3-max Seat #1 is the button
Seat 1: Mahu2021 (715 in chips) 
Seat 2: prodave77 (785 in chips) 
Mahu2021: posts small blind 20
prodave77: posts big blind 40
*** HOLE CARDS ***
Dealt to Mahu2021 [As 8s]
Mahu2021: raises 80 to 120
prodave77: raises 665 to 785 and is all-in
Mahu2021: calls 595 and is all-in
Uncalled bet (70) returned to prodave77
*** FLOP *** [2d Jc Td]
*** TURN *** [2d Jc Td] [6h]
*** RIVER *** [2d Jc Td 6h] [2h]
*** SHOW DOWN ***
prodave77: shows [7d 7h] (two pair, Sevens and Deuces)
Mahu2021: shows [As 8s] (a pair of Deuces)
prodave77 collected 1430 from pot
Mahu2021 finished the tournament in 2nd place
prodave77 wins the tournament and receives $4.00 - congratulations!
*** SUMMARY ***
Total pot 1430 | Rake 0 
Board [2d Jc Td 6h 2h]
Seat 1: Mahu2021 (button) (small blind) showed [As 8s] and lost with a pair of Deuces
Seat 2: prodave77 (big blind) showed [7d 7h] and won (1430) with two pair, Sevens and Deuces



