PokerStars Hand #248452690123: Tournament #3705271591, $1.84+$0.16 USD Hold'em No Limit - Level I (10/20) - 2024/01/23 19:52:55 CET [2024/01/23 13:52:55 ET]
Table '3705271591 1' 3-max Seat #1 is the button
Seat 1: Mahu2021 (500 in chips) 
Seat 2: cuentocorto (500 in chips) 
Seat 3: rsg2081970 (500 in chips) 
cuentocorto: posts small blind 10
rsg2081970: posts big blind 20
*** HOLE CARDS ***
Dealt to Mahu2021 [6h 3c]
Mahu2021: folds 
cuentocorto: calls 10
rsg2081970: raises 40 to 60
cuentocorto: calls 40
*** FLOP *** [7d Jd 8d]
cuentocorto: checks 
rsg2081970: bets 120
cuentocorto: raises 320 to 440 and is all-in
rsg2081970: folds 
Uncalled bet (320) returned to cuentocorto
cuentocorto collected 360 from pot
cuentocorto: doesn't show hand 
*** SUMMARY ***
Total pot 360 | Rake 0 
Board [7d Jd 8d]
Seat 1: Mahu2021 (button) folded before Flop (didn't bet)
Seat 2: cuentocorto (small blind) collected (360)
Seat 3: rsg2081970 (big blind) folded on the Flop



PokerStars Hand #248452703699: Tournament #3705271591, $1.84+$0.16 USD Hold'em No Limit - Level I (10/20) - 2024/01/23 19:53:35 CET [2024/01/23 13:53:35 ET]
Table '3705271591 1' 3-max Seat #2 is the button
Seat 1: Mahu2021 (500 in chips) 
Seat 2: cuentocorto (680 in chips) 
Seat 3: rsg2081970 (320 in chips) 
rsg2081970: posts small blind 10
Mahu2021: posts big blind 20
*** HOLE CARDS ***
Dealt to Mahu2021 [3d 3h]
cuentocorto: calls 20
rsg2081970: calls 10
Mahu2021: checks 
*** FLOP *** [6d 9s 5d]
rsg2081970: bets 60
Mahu2021: folds 
cuentocorto: calls 60
*** TURN *** [6d 9s 5d] [Jh]
rsg2081970: bets 240 and is all-in
cuentocorto: calls 240
*** RIVER *** [6d 9s 5d Jh] [Jd]
*** SHOW DOWN ***
rsg2081970: shows [5s Qc] (two pair, Jacks and Fives)
cuentocorto: shows [Js Qh] (three of a kind, Jacks)
cuentocorto collected 660 from pot
rsg2081970 finished the tournament in 3rd place
*** SUMMARY ***
Total pot 660 | Rake 0 
Board [6d 9s 5d Jh Jd]
Seat 1: Mahu2021 (big blind) folded on the Flop
Seat 2: cuentocorto (button) showed [Js Qh] and won (660) with three of a kind, Jacks
Seat 3: rsg2081970 (small blind) showed [5s Qc] and lost with two pair, Jacks and Fives



PokerStars Hand #248452717728: Tournament #3705271591, $1.84+$0.16 USD Hold'em No Limit - Level I (10/20) - 2024/01/23 19:54:17 CET [2024/01/23 13:54:17 ET]
Table '3705271591 1' 3-max Seat #1 is the button
Seat 1: Mahu2021 (480 in chips) 
Seat 2: cuentocorto (1020 in chips) 
Mahu2021: posts small blind 10
cuentocorto: posts big blind 20
*** HOLE CARDS ***
Dealt to Mahu2021 [4c Ad]
Mahu2021: calls 10
cuentocorto: checks 
*** FLOP *** [Tc 7d 2d]
cuentocorto: checks 
Mahu2021: checks 
*** TURN *** [Tc 7d 2d] [9d]
cuentocorto: bets 60
Mahu2021: calls 60
*** RIVER *** [Tc 7d 2d 9d] [Jd]
cuentocorto: bets 80
Mahu2021: raises 120 to 200
cuentocorto: calls 120
*** SHOW DOWN ***
Mahu2021: shows [4c Ad] (a flush, Ace high)
cuentocorto: mucks hand 
Mahu2021 collected 560 from pot
*** SUMMARY ***
Total pot 560 | Rake 0 
Board [Tc 7d 2d 9d Jd]
Seat 1: Mahu2021 (button) (small blind) showed [4c Ad] and won (560) with a flush, Ace high
Seat 2: cuentocorto (big blind) mucked [4d 6d]



PokerStars Hand #248452725703: Tournament #3705271591, $1.84+$0.16 USD Hold'em No Limit - Level I (10/20) - 2024/01/23 19:54:41 CET [2024/01/23 13:54:41 ET]
Table '3705271591 1' 3-max Seat #2 is the button
Seat 1: Mahu2021 (760 in chips) 
Seat 2: cuentocorto (740 in chips) 
cuentocorto: posts small blind 10
Mahu2021: posts big blind 20
*** HOLE CARDS ***
Dealt to Mahu2021 [2d 4s]
cuentocorto: raises 40 to 60
Mahu2021: folds 
Uncalled bet (40) returned to cuentocorto
cuentocorto collected 40 from pot
*** SUMMARY ***
Total pot 40 | Rake 0 
Seat 1: Mahu2021 (big blind) folded before Flop
Seat 2: cuentocorto (button) (small blind) collected (40)



PokerStars Hand #248452728323: Tournament #3705271591, $1.84+$0.16 USD Hold'em No Limit - Level I (10/20) - 2024/01/23 19:54:48 CET [2024/01/23 13:54:48 ET]
Table '3705271591 1' 3-max Seat #1 is the button
Seat 1: Mahu2021 (740 in chips) 
Seat 2: cuentocorto (760 in chips) 
Mahu2021: posts small blind 10
cuentocorto: posts big blind 20
*** HOLE CARDS ***
Dealt to Mahu2021 [Qc Js]
Mahu2021: raises 20 to 40
cuentocorto: calls 20
*** FLOP *** [Jc Th 8c]
cuentocorto: checks 
Mahu2021: bets 80
cuentocorto: calls 80
*** TURN *** [Jc Th 8c] [9c]
cuentocorto: checks 
Mahu2021: bets 240
cuentocorto: calls 240
*** RIVER *** [Jc Th 8c 9c] [3c]
cuentocorto: bets 400 and is all-in
Mahu2021: calls 380 and is all-in
Uncalled bet (20) returned to cuentocorto
*** SHOW DOWN ***
cuentocorto: shows [Ac 5s] (a flush, Ace high)
Mahu2021: shows [Qc Js] (a flush, Queen high)
cuentocorto collected 1480 from pot
Mahu2021 finished the tournament in 2nd place
cuentocorto wins the tournament and receives $4.00 - congratulations!
*** SUMMARY ***
Total pot 1480 | Rake 0 
Board [Jc Th 8c 9c 3c]
Seat 1: Mahu2021 (button) (small blind) showed [Qc Js] and lost with a flush, Queen high
Seat 2: cuentocorto (big blind) showed [Ac 5s] and won (1480) with a flush, Ace high



