PokerStars Hand #246889504017: Tournament #3667433400, $1.84+$0.16 USD Hold'em No Limit - Level I (10/20) - 2023/11/02 21:41:31 CET [2023/11/02 16:41:31 ET]
Table '3667433400 1' 3-max Seat #1 is the button
Seat 1: Mahu2021 (500 in chips) 
Seat 2: matheusnagildo (500 in chips) 
Seat 3: EduhFelix (500 in chips) 
matheusnagildo: posts small blind 10
EduhFelix: posts big blind 20
*** HOLE CARDS ***
Dealt to Mahu2021 [8d Jh]
Mahu2021: folds 
matheusnagildo: raises 20 to 40
EduhFelix: folds 
Uncalled bet (20) returned to matheusnagildo
matheusnagildo collected 40 from pot
matheusnagildo: doesn't show hand 
*** SUMMARY ***
Total pot 40 | Rake 0 
Seat 1: Mahu2021 (button) folded before Flop (didn't bet)
Seat 2: matheusnagildo (small blind) collected (40)
Seat 3: EduhFelix (big blind) folded before Flop



PokerStars Hand #246889511661: Tournament #3667433400, $1.84+$0.16 USD Hold'em No Limit - Level I (10/20) - 2023/11/02 21:41:52 CET [2023/11/02 16:41:52 ET]
Table '3667433400 1' 3-max Seat #2 is the button
Seat 1: Mahu2021 (500 in chips) 
Seat 2: matheusnagildo (520 in chips) 
Seat 3: EduhFelix (480 in chips) 
EduhFelix: posts small blind 10
Mahu2021: posts big blind 20
*** HOLE CARDS ***
Dealt to Mahu2021 [8s Qh]
matheusnagildo: folds 
EduhFelix: folds 
Uncalled bet (10) returned to Mahu2021
Mahu2021 collected 20 from pot
Mahu2021: doesn't show hand 
*** SUMMARY ***
Total pot 20 | Rake 0 
Seat 1: Mahu2021 (big blind) collected (20)
Seat 2: matheusnagildo (button) folded before Flop (didn't bet)
Seat 3: EduhFelix (small blind) folded before Flop



PokerStars Hand #246889516135: Tournament #3667433400, $1.84+$0.16 USD Hold'em No Limit - Level I (10/20) - 2023/11/02 21:42:04 CET [2023/11/02 16:42:04 ET]
Table '3667433400 1' 3-max Seat #3 is the button
Seat 1: Mahu2021 (510 in chips) 
Seat 2: matheusnagildo (520 in chips) 
Seat 3: EduhFelix (470 in chips) 
Mahu2021: posts small blind 10
matheusnagildo: posts big blind 20
*** HOLE CARDS ***
Dealt to Mahu2021 [Qc Ts]
EduhFelix: raises 20 to 40
Mahu2021: calls 30
matheusnagildo: raises 480 to 520 and is all-in
EduhFelix: calls 430 and is all-in
Mahu2021: folds 
Uncalled bet (50) returned to matheusnagildo
*** FLOP *** [9h 3h 3s]
*** TURN *** [9h 3h 3s] [Kd]
*** RIVER *** [9h 3h 3s Kd] [6h]
*** SHOW DOWN ***
matheusnagildo: shows [As Ah] (two pair, Aces and Threes)
EduhFelix: shows [9d Ad] (two pair, Nines and Threes)
matheusnagildo collected 980 from pot
EduhFelix finished the tournament in 3rd place
*** SUMMARY ***
Total pot 980 | Rake 0 
Board [9h 3h 3s Kd 6h]
Seat 1: Mahu2021 (small blind) folded before Flop
Seat 2: matheusnagildo (big blind) showed [As Ah] and won (980) with two pair, Aces and Threes
Seat 3: EduhFelix (button) showed [9d Ad] and lost with two pair, Nines and Threes



PokerStars Hand #246889526313: Tournament #3667433400, $1.84+$0.16 USD Hold'em No Limit - Level I (10/20) - 2023/11/02 21:42:32 CET [2023/11/02 16:42:32 ET]
Table '3667433400 1' 3-max Seat #2 is the button
Seat 1: Mahu2021 (470 in chips) 
Seat 2: matheusnagildo (1030 in chips) 
matheusnagildo: posts small blind 10
Mahu2021: posts big blind 20
*** HOLE CARDS ***
Dealt to Mahu2021 [Ac 8c]
matheusnagildo: folds 
Uncalled bet (10) returned to Mahu2021
Mahu2021 collected 20 from pot
Mahu2021: doesn't show hand 
*** SUMMARY ***
Total pot 20 | Rake 0 
Seat 1: Mahu2021 (big blind) collected (20)
Seat 2: matheusnagildo (button) (small blind) folded before Flop



PokerStars Hand #246889527973: Tournament #3667433400, $1.84+$0.16 USD Hold'em No Limit - Level I (10/20) - 2023/11/02 21:42:36 CET [2023/11/02 16:42:36 ET]
Table '3667433400 1' 3-max Seat #1 is the button
Seat 1: Mahu2021 (480 in chips) 
Seat 2: matheusnagildo (1020 in chips) 
Mahu2021: posts small blind 10
matheusnagildo: posts big blind 20
*** HOLE CARDS ***
Dealt to Mahu2021 [5d 3c]
Mahu2021: folds 
Uncalled bet (10) returned to matheusnagildo
matheusnagildo collected 20 from pot
matheusnagildo: doesn't show hand 
*** SUMMARY ***
Total pot 20 | Rake 0 
Seat 1: Mahu2021 (button) (small blind) folded before Flop
Seat 2: matheusnagildo (big blind) collected (20)



PokerStars Hand #246889529743: Tournament #3667433400, $1.84+$0.16 USD Hold'em No Limit - Level I (10/20) - 2023/11/02 21:42:41 CET [2023/11/02 16:42:41 ET]
Table '3667433400 1' 3-max Seat #2 is the button
Seat 1: Mahu2021 (470 in chips) 
Seat 2: matheusnagildo (1030 in chips) 
matheusnagildo: posts small blind 10
Mahu2021: posts big blind 20
*** HOLE CARDS ***
Dealt to Mahu2021 [6d Ah]
matheusnagildo: folds 
Uncalled bet (10) returned to Mahu2021
Mahu2021 collected 20 from pot
Mahu2021: doesn't show hand 
*** SUMMARY ***
Total pot 20 | Rake 0 
Seat 1: Mahu2021 (big blind) collected (20)
Seat 2: matheusnagildo (button) (small blind) folded before Flop



PokerStars Hand #246889532909: Tournament #3667433400, $1.84+$0.16 USD Hold'em No Limit - Level I (10/20) - 2023/11/02 21:42:50 CET [2023/11/02 16:42:50 ET]
Table '3667433400 1' 3-max Seat #1 is the button
Seat 1: Mahu2021 (480 in chips) 
Seat 2: matheusnagildo (1020 in chips) 
Mahu2021: posts small blind 10
matheusnagildo: posts big blind 20
*** HOLE CARDS ***
Dealt to Mahu2021 [7s 8h]
Mahu2021: calls 10
matheusnagildo: checks 
*** FLOP *** [6h Kh Ac]
matheusnagildo: checks 
Mahu2021: checks 
*** TURN *** [6h Kh Ac] [5d]
matheusnagildo: checks 
Mahu2021: bets 40
matheusnagildo: folds 
Uncalled bet (40) returned to Mahu2021
Mahu2021 collected 40 from pot
Mahu2021: doesn't show hand 
*** SUMMARY ***
Total pot 40 | Rake 0 
Board [6h Kh Ac 5d]
Seat 1: Mahu2021 (button) (small blind) collected (40)
Seat 2: matheusnagildo (big blind) folded on the Turn



PokerStars Hand #246889538038: Tournament #3667433400, $1.84+$0.16 USD Hold'em No Limit - Level I (10/20) - 2023/11/02 21:43:03 CET [2023/11/02 16:43:03 ET]
Table '3667433400 1' 3-max Seat #2 is the button
Seat 1: Mahu2021 (500 in chips) 
Seat 2: matheusnagildo (1000 in chips) 
matheusnagildo: posts small blind 10
Mahu2021: posts big blind 20
*** HOLE CARDS ***
Dealt to Mahu2021 [9s 7c]
matheusnagildo: folds 
Uncalled bet (10) returned to Mahu2021
Mahu2021 collected 20 from pot
Mahu2021: doesn't show hand 
*** SUMMARY ***
Total pot 20 | Rake 0 
Seat 1: Mahu2021 (big blind) collected (20)
Seat 2: matheusnagildo (button) (small blind) folded before Flop



PokerStars Hand #246889539894: Tournament #3667433400, $1.84+$0.16 USD Hold'em No Limit - Level I (10/20) - 2023/11/02 21:43:08 CET [2023/11/02 16:43:08 ET]
Table '3667433400 1' 3-max Seat #1 is the button
Seat 1: Mahu2021 (510 in chips) 
Seat 2: matheusnagildo (990 in chips) 
Mahu2021: posts small blind 10
matheusnagildo: posts big blind 20
*** HOLE CARDS ***
Dealt to Mahu2021 [2h 8s]
Mahu2021: folds 
Uncalled bet (10) returned to matheusnagildo
matheusnagildo collected 20 from pot
matheusnagildo: doesn't show hand 
*** SUMMARY ***
Total pot 20 | Rake 0 
Seat 1: Mahu2021 (button) (small blind) folded before Flop
Seat 2: matheusnagildo (big blind) collected (20)



PokerStars Hand #246889541446: Tournament #3667433400, $1.84+$0.16 USD Hold'em No Limit - Level I (10/20) - 2023/11/02 21:43:13 CET [2023/11/02 16:43:13 ET]
Table '3667433400 1' 3-max Seat #2 is the button
Seat 1: Mahu2021 (500 in chips) 
Seat 2: matheusnagildo (1000 in chips) 
matheusnagildo: posts small blind 10
Mahu2021: posts big blind 20
*** HOLE CARDS ***
Dealt to Mahu2021 [3h 2d]
matheusnagildo: raises 20 to 40
Mahu2021: folds 
Uncalled bet (20) returned to matheusnagildo
matheusnagildo collected 40 from pot
matheusnagildo: doesn't show hand 
*** SUMMARY ***
Total pot 40 | Rake 0 
Seat 1: Mahu2021 (big blind) folded before Flop
Seat 2: matheusnagildo (button) (small blind) collected (40)



PokerStars Hand #246889543479: Tournament #3667433400, $1.84+$0.16 USD Hold'em No Limit - Level I (10/20) - 2023/11/02 21:43:18 CET [2023/11/02 16:43:18 ET]
Table '3667433400 1' 3-max Seat #1 is the button
Seat 1: Mahu2021 (480 in chips) 
Seat 2: matheusnagildo (1020 in chips) 
Mahu2021: posts small blind 10
matheusnagildo: posts big blind 20
*** HOLE CARDS ***
Dealt to Mahu2021 [Tc Ah]
Mahu2021: raises 20 to 40
matheusnagildo: calls 20
*** FLOP *** [3d Jh 6d]
matheusnagildo: checks 
Mahu2021: checks 
*** TURN *** [3d Jh 6d] [5c]
matheusnagildo: bets 40
Mahu2021: folds 
Uncalled bet (40) returned to matheusnagildo
matheusnagildo collected 80 from pot
matheusnagildo: doesn't show hand 
*** SUMMARY ***
Total pot 80 | Rake 0 
Board [3d Jh 6d 5c]
Seat 1: Mahu2021 (button) (small blind) folded on the Turn
Seat 2: matheusnagildo (big blind) collected (80)



PokerStars Hand #246889549128: Tournament #3667433400, $1.84+$0.16 USD Hold'em No Limit - Level I (10/20) - 2023/11/02 21:43:34 CET [2023/11/02 16:43:34 ET]
Table '3667433400 1' 3-max Seat #2 is the button
Seat 1: Mahu2021 (440 in chips) 
Seat 2: matheusnagildo (1060 in chips) 
matheusnagildo: posts small blind 10
Mahu2021: posts big blind 20
*** HOLE CARDS ***
Dealt to Mahu2021 [9c 6h]
matheusnagildo: folds 
Uncalled bet (10) returned to Mahu2021
Mahu2021 collected 20 from pot
Mahu2021: doesn't show hand 
*** SUMMARY ***
Total pot 20 | Rake 0 
Seat 1: Mahu2021 (big blind) collected (20)
Seat 2: matheusnagildo (button) (small blind) folded before Flop



PokerStars Hand #246889553066: Tournament #3667433400, $1.84+$0.16 USD Hold'em No Limit - Level I (10/20) - 2023/11/02 21:43:44 CET [2023/11/02 16:43:44 ET]
Table '3667433400 1' 3-max Seat #1 is the button
Seat 1: Mahu2021 (450 in chips) 
Seat 2: matheusnagildo (1050 in chips) 
Mahu2021: posts small blind 10
matheusnagildo: posts big blind 20
*** HOLE CARDS ***
Dealt to Mahu2021 [6s Th]
Mahu2021: folds 
Uncalled bet (10) returned to matheusnagildo
matheusnagildo collected 20 from pot
matheusnagildo: doesn't show hand 
*** SUMMARY ***
Total pot 20 | Rake 0 
Seat 1: Mahu2021 (button) (small blind) folded before Flop
Seat 2: matheusnagildo (big blind) collected (20)



PokerStars Hand #246889554672: Tournament #3667433400, $1.84+$0.16 USD Hold'em No Limit - Level I (10/20) - 2023/11/02 21:43:49 CET [2023/11/02 16:43:49 ET]
Table '3667433400 1' 3-max Seat #2 is the button
Seat 1: Mahu2021 (440 in chips) 
Seat 2: matheusnagildo (1060 in chips) 
matheusnagildo: posts small blind 10
Mahu2021: posts big blind 20
*** HOLE CARDS ***
Dealt to Mahu2021 [3s 5d]
matheusnagildo: folds 
Uncalled bet (10) returned to Mahu2021
Mahu2021 collected 20 from pot
Mahu2021: doesn't show hand 
*** SUMMARY ***
Total pot 20 | Rake 0 
Seat 1: Mahu2021 (big blind) collected (20)
Seat 2: matheusnagildo (button) (small blind) folded before Flop



PokerStars Hand #246889556022: Tournament #3667433400, $1.84+$0.16 USD Hold'em No Limit - Level I (10/20) - 2023/11/02 21:43:53 CET [2023/11/02 16:43:53 ET]
Table '3667433400 1' 3-max Seat #1 is the button
Seat 1: Mahu2021 (450 in chips) 
Seat 2: matheusnagildo (1050 in chips) 
Mahu2021: posts small blind 10
matheusnagildo: posts big blind 20
*** HOLE CARDS ***
Dealt to Mahu2021 [7h Qd]
Mahu2021: calls 10
matheusnagildo: checks 
*** FLOP *** [4d Tc Jd]
matheusnagildo: checks 
Mahu2021: bets 20
matheusnagildo: calls 20
*** TURN *** [4d Tc Jd] [Qs]
matheusnagildo: checks 
Mahu2021: checks 
*** RIVER *** [4d Tc Jd Qs] [Th]
matheusnagildo: bets 80
Mahu2021: calls 80
*** SHOW DOWN ***
matheusnagildo: shows [2d 5c] (a pair of Tens)
Mahu2021: shows [7h Qd] (two pair, Queens and Tens)
Mahu2021 collected 240 from pot
*** SUMMARY ***
Total pot 240 | Rake 0 
Board [4d Tc Jd Qs Th]
Seat 1: Mahu2021 (button) (small blind) showed [7h Qd] and won (240) with two pair, Queens and Tens
Seat 2: matheusnagildo (big blind) showed [2d 5c] and lost with a pair of Tens



PokerStars Hand #246889565246: Tournament #3667433400, $1.84+$0.16 USD Hold'em No Limit - Level I (10/20) - 2023/11/02 21:44:18 CET [2023/11/02 16:44:18 ET]
Table '3667433400 1' 3-max Seat #2 is the button
Seat 1: Mahu2021 (570 in chips) 
Seat 2: matheusnagildo (930 in chips) 
matheusnagildo: posts small blind 10
Mahu2021: posts big blind 20
*** HOLE CARDS ***
Dealt to Mahu2021 [Tc 2c]
matheusnagildo: raises 20 to 40
Mahu2021: folds 
Uncalled bet (20) returned to matheusnagildo
matheusnagildo collected 40 from pot
matheusnagildo: doesn't show hand 
*** SUMMARY ***
Total pot 40 | Rake 0 
Seat 1: Mahu2021 (big blind) folded before Flop
Seat 2: matheusnagildo (button) (small blind) collected (40)



PokerStars Hand #246889567507: Tournament #3667433400, $1.84+$0.16 USD Hold'em No Limit - Level I (10/20) - 2023/11/02 21:44:24 CET [2023/11/02 16:44:24 ET]
Table '3667433400 1' 3-max Seat #1 is the button
Seat 1: Mahu2021 (550 in chips) 
Seat 2: matheusnagildo (950 in chips) 
Mahu2021: posts small blind 10
matheusnagildo: posts big blind 20
*** HOLE CARDS ***
Dealt to Mahu2021 [Ks Ts]
Mahu2021: raises 20 to 40
matheusnagildo: calls 20
*** FLOP *** [Td 3h 6h]
matheusnagildo: checks 
Mahu2021: bets 80
matheusnagildo: folds 
Uncalled bet (80) returned to Mahu2021
Mahu2021 collected 80 from pot
Mahu2021: doesn't show hand 
*** SUMMARY ***
Total pot 80 | Rake 0 
Board [Td 3h 6h]
Seat 1: Mahu2021 (button) (small blind) collected (80)
Seat 2: matheusnagildo (big blind) folded on the Flop



PokerStars Hand #246889575127: Tournament #3667433400, $1.84+$0.16 USD Hold'em No Limit - Level II (15/30) - 2023/11/02 21:44:45 CET [2023/11/02 16:44:45 ET]
Table '3667433400 1' 3-max Seat #2 is the button
Seat 1: Mahu2021 (590 in chips) 
Seat 2: matheusnagildo (910 in chips) 
matheusnagildo: posts small blind 15
Mahu2021: posts big blind 30
*** HOLE CARDS ***
Dealt to Mahu2021 [2d Tc]
matheusnagildo: raises 30 to 60
Mahu2021: folds 
Uncalled bet (30) returned to matheusnagildo
matheusnagildo collected 60 from pot
matheusnagildo: doesn't show hand 
*** SUMMARY ***
Total pot 60 | Rake 0 
Seat 1: Mahu2021 (big blind) folded before Flop
Seat 2: matheusnagildo (button) (small blind) collected (60)



PokerStars Hand #246889577840: Tournament #3667433400, $1.84+$0.16 USD Hold'em No Limit - Level II (15/30) - 2023/11/02 21:44:53 CET [2023/11/02 16:44:53 ET]
Table '3667433400 1' 3-max Seat #1 is the button
Seat 1: Mahu2021 (560 in chips) 
Seat 2: matheusnagildo (940 in chips) 
Mahu2021: posts small blind 15
matheusnagildo: posts big blind 30
*** HOLE CARDS ***
Dealt to Mahu2021 [3h 7c]
Mahu2021: folds 
Uncalled bet (15) returned to matheusnagildo
matheusnagildo collected 30 from pot
matheusnagildo: doesn't show hand 
*** SUMMARY ***
Total pot 30 | Rake 0 
Seat 1: Mahu2021 (button) (small blind) folded before Flop
Seat 2: matheusnagildo (big blind) collected (30)



PokerStars Hand #246889579419: Tournament #3667433400, $1.84+$0.16 USD Hold'em No Limit - Level II (15/30) - 2023/11/02 21:44:57 CET [2023/11/02 16:44:57 ET]
Table '3667433400 1' 3-max Seat #2 is the button
Seat 1: Mahu2021 (545 in chips) 
Seat 2: matheusnagildo (955 in chips) 
matheusnagildo: posts small blind 15
Mahu2021: posts big blind 30
*** HOLE CARDS ***
Dealt to Mahu2021 [Th 4h]
matheusnagildo: folds 
Uncalled bet (15) returned to Mahu2021
Mahu2021 collected 30 from pot
Mahu2021: doesn't show hand 
*** SUMMARY ***
Total pot 30 | Rake 0 
Seat 1: Mahu2021 (big blind) collected (30)
Seat 2: matheusnagildo (button) (small blind) folded before Flop



PokerStars Hand #246889580996: Tournament #3667433400, $1.84+$0.16 USD Hold'em No Limit - Level II (15/30) - 2023/11/02 21:45:01 CET [2023/11/02 16:45:01 ET]
Table '3667433400 1' 3-max Seat #1 is the button
Seat 1: Mahu2021 (560 in chips) 
Seat 2: matheusnagildo (940 in chips) 
Mahu2021: posts small blind 15
matheusnagildo: posts big blind 30
*** HOLE CARDS ***
Dealt to Mahu2021 [Ks 6d]
Mahu2021: raises 30 to 60
matheusnagildo: calls 30
*** FLOP *** [4s 2d 4d]
matheusnagildo: checks 
Mahu2021: checks 
*** TURN *** [4s 2d 4d] [Th]
matheusnagildo: bets 60
Mahu2021: raises 90 to 150
matheusnagildo: calls 90
*** RIVER *** [4s 2d 4d Th] [Qc]
matheusnagildo: checks 
Mahu2021: bets 350 and is all-in
matheusnagildo: folds 
Uncalled bet (350) returned to Mahu2021
Mahu2021 collected 420 from pot
Mahu2021: doesn't show hand 
*** SUMMARY ***
Total pot 420 | Rake 0 
Board [4s 2d 4d Th Qc]
Seat 1: Mahu2021 (button) (small blind) collected (420)
Seat 2: matheusnagildo (big blind) folded on the River



PokerStars Hand #246889593549: Tournament #3667433400, $1.84+$0.16 USD Hold'em No Limit - Level II (15/30) - 2023/11/02 21:45:35 CET [2023/11/02 16:45:35 ET]
Table '3667433400 1' 3-max Seat #2 is the button
Seat 1: Mahu2021 (770 in chips) 
Seat 2: matheusnagildo (730 in chips) 
matheusnagildo: posts small blind 15
Mahu2021: posts big blind 30
*** HOLE CARDS ***
Dealt to Mahu2021 [6d 4h]
matheusnagildo: raises 30 to 60
Mahu2021: folds 
Uncalled bet (30) returned to matheusnagildo
matheusnagildo collected 60 from pot
matheusnagildo: doesn't show hand 
*** SUMMARY ***
Total pot 60 | Rake 0 
Seat 1: Mahu2021 (big blind) folded before Flop
Seat 2: matheusnagildo (button) (small blind) collected (60)



PokerStars Hand #246889595801: Tournament #3667433400, $1.84+$0.16 USD Hold'em No Limit - Level II (15/30) - 2023/11/02 21:45:41 CET [2023/11/02 16:45:41 ET]
Table '3667433400 1' 3-max Seat #1 is the button
Seat 1: Mahu2021 (740 in chips) 
Seat 2: matheusnagildo (760 in chips) 
Mahu2021: posts small blind 15
matheusnagildo: posts big blind 30
*** HOLE CARDS ***
Dealt to Mahu2021 [Qc 4h]
Mahu2021: calls 15
matheusnagildo: checks 
*** FLOP *** [3c 5s 3d]
matheusnagildo: checks 
Mahu2021: checks 
*** TURN *** [3c 5s 3d] [Ac]
matheusnagildo: checks 
Mahu2021: checks 
*** RIVER *** [3c 5s 3d Ac] [Qd]
matheusnagildo: checks 
Mahu2021: checks 
*** SHOW DOWN ***
matheusnagildo: shows [9d 2s] (a pair of Threes)
Mahu2021: shows [Qc 4h] (two pair, Queens and Threes)
Mahu2021 collected 60 from pot
*** SUMMARY ***
Total pot 60 | Rake 0 
Board [3c 5s 3d Ac Qd]
Seat 1: Mahu2021 (button) (small blind) showed [Qc 4h] and won (60) with two pair, Queens and Threes
Seat 2: matheusnagildo (big blind) showed [9d 2s] and lost with a pair of Threes



PokerStars Hand #246889601724: Tournament #3667433400, $1.84+$0.16 USD Hold'em No Limit - Level II (15/30) - 2023/11/02 21:45:57 CET [2023/11/02 16:45:57 ET]
Table '3667433400 1' 3-max Seat #2 is the button
Seat 1: Mahu2021 (770 in chips) 
Seat 2: matheusnagildo (730 in chips) 
matheusnagildo: posts small blind 15
Mahu2021: posts big blind 30
*** HOLE CARDS ***
Dealt to Mahu2021 [As Tc]
matheusnagildo: raises 30 to 60
Mahu2021: calls 30
*** FLOP *** [3h 6h Td]
Mahu2021: bets 710 and is all-in
matheusnagildo: folds 
Uncalled bet (710) returned to Mahu2021
Mahu2021 collected 120 from pot
Mahu2021: doesn't show hand 
*** SUMMARY ***
Total pot 120 | Rake 0 
Board [3h 6h Td]
Seat 1: Mahu2021 (big blind) collected (120)
Seat 2: matheusnagildo (button) (small blind) folded on the Flop



PokerStars Hand #246889609554: Tournament #3667433400, $1.84+$0.16 USD Hold'em No Limit - Level II (15/30) - 2023/11/02 21:46:17 CET [2023/11/02 16:46:17 ET]
Table '3667433400 1' 3-max Seat #1 is the button
Seat 1: Mahu2021 (830 in chips) 
Seat 2: matheusnagildo (670 in chips) 
Mahu2021: posts small blind 15
matheusnagildo: posts big blind 30
*** HOLE CARDS ***
Dealt to Mahu2021 [4s 7c]
Mahu2021: folds 
Uncalled bet (15) returned to matheusnagildo
matheusnagildo collected 30 from pot
matheusnagildo: doesn't show hand 
*** SUMMARY ***
Total pot 30 | Rake 0 
Seat 1: Mahu2021 (button) (small blind) folded before Flop
Seat 2: matheusnagildo (big blind) collected (30)



PokerStars Hand #246889611199: Tournament #3667433400, $1.84+$0.16 USD Hold'em No Limit - Level II (15/30) - 2023/11/02 21:46:22 CET [2023/11/02 16:46:22 ET]
Table '3667433400 1' 3-max Seat #2 is the button
Seat 1: Mahu2021 (815 in chips) 
Seat 2: matheusnagildo (685 in chips) 
matheusnagildo: posts small blind 15
Mahu2021: posts big blind 30
*** HOLE CARDS ***
Dealt to Mahu2021 [Ad 4s]
matheusnagildo: calls 15
Mahu2021: checks 
*** FLOP *** [Js 3d Tc]
Mahu2021: checks 
matheusnagildo: checks 
*** TURN *** [Js 3d Tc] [Kc]
Mahu2021: checks 
matheusnagildo: checks 
*** RIVER *** [Js 3d Tc Kc] [As]
Mahu2021: checks 
matheusnagildo: bets 655 and is all-in
Mahu2021: folds 
Uncalled bet (655) returned to matheusnagildo
matheusnagildo collected 60 from pot
matheusnagildo: doesn't show hand 
*** SUMMARY ***
Total pot 60 | Rake 0 
Board [Js 3d Tc Kc As]
Seat 1: Mahu2021 (big blind) folded on the River
Seat 2: matheusnagildo (button) (small blind) collected (60)



PokerStars Hand #246889623636: Tournament #3667433400, $1.84+$0.16 USD Hold'em No Limit - Level II (15/30) - 2023/11/02 21:46:55 CET [2023/11/02 16:46:55 ET]
Table '3667433400 1' 3-max Seat #1 is the button
Seat 1: Mahu2021 (785 in chips) 
Seat 2: matheusnagildo (715 in chips) 
Mahu2021: posts small blind 15
matheusnagildo: posts big blind 30
*** HOLE CARDS ***
Dealt to Mahu2021 [6s 9h]
Mahu2021: folds 
Uncalled bet (15) returned to matheusnagildo
matheusnagildo collected 30 from pot
matheusnagildo: doesn't show hand 
*** SUMMARY ***
Total pot 30 | Rake 0 
Seat 1: Mahu2021 (button) (small blind) folded before Flop
Seat 2: matheusnagildo (big blind) collected (30)



PokerStars Hand #246889625265: Tournament #3667433400, $1.84+$0.16 USD Hold'em No Limit - Level II (15/30) - 2023/11/02 21:46:59 CET [2023/11/02 16:46:59 ET]
Table '3667433400 1' 3-max Seat #2 is the button
Seat 1: Mahu2021 (770 in chips) 
Seat 2: matheusnagildo (730 in chips) 
matheusnagildo: posts small blind 15
Mahu2021: posts big blind 30
*** HOLE CARDS ***
Dealt to Mahu2021 [3d 4s]
matheusnagildo: folds 
Uncalled bet (15) returned to Mahu2021
Mahu2021 collected 30 from pot
Mahu2021: doesn't show hand 
*** SUMMARY ***
Total pot 30 | Rake 0 
Seat 1: Mahu2021 (big blind) collected (30)
Seat 2: matheusnagildo (button) (small blind) folded before Flop



PokerStars Hand #246889627272: Tournament #3667433400, $1.84+$0.16 USD Hold'em No Limit - Level II (15/30) - 2023/11/02 21:47:04 CET [2023/11/02 16:47:04 ET]
Table '3667433400 1' 3-max Seat #1 is the button
Seat 1: Mahu2021 (785 in chips) 
Seat 2: matheusnagildo (715 in chips) 
Mahu2021: posts small blind 15
matheusnagildo: posts big blind 30
*** HOLE CARDS ***
Dealt to Mahu2021 [Th 6h]
Mahu2021: calls 15
matheusnagildo: checks 
*** FLOP *** [3s 8d Jh]
matheusnagildo: checks 
Mahu2021: bets 30
matheusnagildo: calls 30
*** TURN *** [3s 8d Jh] [9c]
matheusnagildo: checks 
Mahu2021: checks 
*** RIVER *** [3s 8d Jh 9c] [Ts]
matheusnagildo: checks 
Mahu2021: checks 
*** SHOW DOWN ***
matheusnagildo: shows [5d 6s] (high card Jack)
Mahu2021: shows [Th 6h] (a pair of Tens)
Mahu2021 collected 120 from pot
*** SUMMARY ***
Total pot 120 | Rake 0 
Board [3s 8d Jh 9c Ts]
Seat 1: Mahu2021 (button) (small blind) showed [Th 6h] and won (120) with a pair of Tens
Seat 2: matheusnagildo (big blind) showed [5d 6s] and lost with high card Jack



PokerStars Hand #246889633299: Tournament #3667433400, $1.84+$0.16 USD Hold'em No Limit - Level II (15/30) - 2023/11/02 21:47:21 CET [2023/11/02 16:47:21 ET]
Table '3667433400 1' 3-max Seat #2 is the button
Seat 1: Mahu2021 (845 in chips) 
Seat 2: matheusnagildo (655 in chips) 
matheusnagildo: posts small blind 15
Mahu2021: posts big blind 30
*** HOLE CARDS ***
Dealt to Mahu2021 [Ad 4h]
matheusnagildo: raises 30 to 60
Mahu2021: calls 30
*** FLOP *** [8h 8c Qs]
Mahu2021: checks 
matheusnagildo: checks 
*** TURN *** [8h 8c Qs] [6c]
Mahu2021: checks 
matheusnagildo: checks 
*** RIVER *** [8h 8c Qs 6c] [Qh]
Mahu2021: bets 60
matheusnagildo: calls 60
*** SHOW DOWN ***
Mahu2021: shows [Ad 4h] (two pair, Queens and Eights)
matheusnagildo: mucks hand 
Mahu2021 collected 240 from pot
*** SUMMARY ***
Total pot 240 | Rake 0 
Board [8h 8c Qs 6c Qh]
Seat 1: Mahu2021 (big blind) showed [Ad 4h] and won (240) with two pair, Queens and Eights
Seat 2: matheusnagildo (button) (small blind) mucked [Jh Kc]



PokerStars Hand #246889640656: Tournament #3667433400, $1.84+$0.16 USD Hold'em No Limit - Level III (20/40) - 2023/11/02 21:47:41 CET [2023/11/02 16:47:41 ET]
Table '3667433400 1' 3-max Seat #1 is the button
Seat 1: Mahu2021 (965 in chips) 
Seat 2: matheusnagildo (535 in chips) 
Mahu2021: posts small blind 20
matheusnagildo: posts big blind 40
*** HOLE CARDS ***
Dealt to Mahu2021 [Jd 3c]
Mahu2021: folds 
Uncalled bet (20) returned to matheusnagildo
matheusnagildo collected 40 from pot
matheusnagildo: doesn't show hand 
*** SUMMARY ***
Total pot 40 | Rake 0 
Seat 1: Mahu2021 (button) (small blind) folded before Flop
Seat 2: matheusnagildo (big blind) collected (40)



PokerStars Hand #246889642361: Tournament #3667433400, $1.84+$0.16 USD Hold'em No Limit - Level III (20/40) - 2023/11/02 21:47:45 CET [2023/11/02 16:47:45 ET]
Table '3667433400 1' 3-max Seat #2 is the button
Seat 1: Mahu2021 (945 in chips) 
Seat 2: matheusnagildo (555 in chips) 
matheusnagildo: posts small blind 20
Mahu2021: posts big blind 40
*** HOLE CARDS ***
Dealt to Mahu2021 [3s Jh]
matheusnagildo: folds 
Uncalled bet (20) returned to Mahu2021
Mahu2021 collected 40 from pot
Mahu2021: doesn't show hand 
*** SUMMARY ***
Total pot 40 | Rake 0 
Seat 1: Mahu2021 (big blind) collected (40)
Seat 2: matheusnagildo (button) (small blind) folded before Flop



PokerStars Hand #246889644308: Tournament #3667433400, $1.84+$0.16 USD Hold'em No Limit - Level III (20/40) - 2023/11/02 21:47:50 CET [2023/11/02 16:47:50 ET]
Table '3667433400 1' 3-max Seat #1 is the button
Seat 1: Mahu2021 (965 in chips) 
Seat 2: matheusnagildo (535 in chips) 
Mahu2021: posts small blind 20
matheusnagildo: posts big blind 40
*** HOLE CARDS ***
Dealt to Mahu2021 [Ks 5c]
Mahu2021: calls 20
matheusnagildo: checks 
*** FLOP *** [Kh Kc Kd]
matheusnagildo: checks 
Mahu2021: checks 
*** TURN *** [Kh Kc Kd] [7s]
matheusnagildo: checks 
Mahu2021: checks 
*** RIVER *** [Kh Kc Kd 7s] [3c]
matheusnagildo: checks 
Mahu2021: bets 925 and is all-in
matheusnagildo: folds 
Uncalled bet (925) returned to Mahu2021
Mahu2021 collected 80 from pot
Mahu2021: doesn't show hand 
*** SUMMARY ***
Total pot 80 | Rake 0 
Board [Kh Kc Kd 7s 3c]
Seat 1: Mahu2021 (button) (small blind) collected (80)
Seat 2: matheusnagildo (big blind) folded on the River



PokerStars Hand #246889650700: Tournament #3667433400, $1.84+$0.16 USD Hold'em No Limit - Level III (20/40) - 2023/11/02 21:48:08 CET [2023/11/02 16:48:08 ET]
Table '3667433400 1' 3-max Seat #2 is the button
Seat 1: Mahu2021 (1005 in chips) 
Seat 2: matheusnagildo (495 in chips) 
matheusnagildo: posts small blind 20
Mahu2021: posts big blind 40
*** HOLE CARDS ***
Dealt to Mahu2021 [Qd Td]
matheusnagildo: folds 
Uncalled bet (20) returned to Mahu2021
Mahu2021 collected 40 from pot
Mahu2021: doesn't show hand 
*** SUMMARY ***
Total pot 40 | Rake 0 
Seat 1: Mahu2021 (big blind) collected (40)
Seat 2: matheusnagildo (button) (small blind) folded before Flop



PokerStars Hand #246889651932: Tournament #3667433400, $1.84+$0.16 USD Hold'em No Limit - Level III (20/40) - 2023/11/02 21:48:11 CET [2023/11/02 16:48:11 ET]
Table '3667433400 1' 3-max Seat #1 is the button
Seat 1: Mahu2021 (1025 in chips) 
Seat 2: matheusnagildo (475 in chips) 
Mahu2021: posts small blind 20
matheusnagildo: posts big blind 40
*** HOLE CARDS ***
Dealt to Mahu2021 [Kd 6c]
Mahu2021: calls 20
matheusnagildo: checks 
*** FLOP *** [Ac 5s 9h]
matheusnagildo: checks 
Mahu2021: bets 40
matheusnagildo: folds 
Uncalled bet (40) returned to Mahu2021
Mahu2021 collected 80 from pot
Mahu2021: doesn't show hand 
*** SUMMARY ***
Total pot 80 | Rake 0 
Board [Ac 5s 9h]
Seat 1: Mahu2021 (button) (small blind) collected (80)
Seat 2: matheusnagildo (big blind) folded on the Flop



PokerStars Hand #246889657146: Tournament #3667433400, $1.84+$0.16 USD Hold'em No Limit - Level III (20/40) - 2023/11/02 21:48:25 CET [2023/11/02 16:48:25 ET]
Table '3667433400 1' 3-max Seat #2 is the button
Seat 1: Mahu2021 (1065 in chips) 
Seat 2: matheusnagildo (435 in chips) 
matheusnagildo: posts small blind 20
Mahu2021: posts big blind 40
*** HOLE CARDS ***
Dealt to Mahu2021 [6s 5d]
matheusnagildo: raises 40 to 80
Mahu2021: calls 40
*** FLOP *** [2c Td 9h]
Mahu2021: checks 
matheusnagildo: bets 80
Mahu2021: folds 
Uncalled bet (80) returned to matheusnagildo
matheusnagildo collected 160 from pot
matheusnagildo: doesn't show hand 
*** SUMMARY ***
Total pot 160 | Rake 0 
Board [2c Td 9h]
Seat 1: Mahu2021 (big blind) folded on the Flop
Seat 2: matheusnagildo (button) (small blind) collected (160)



PokerStars Hand #246889661230: Tournament #3667433400, $1.84+$0.16 USD Hold'em No Limit - Level III (20/40) - 2023/11/02 21:48:36 CET [2023/11/02 16:48:36 ET]
Table '3667433400 1' 3-max Seat #1 is the button
Seat 1: Mahu2021 (985 in chips) 
Seat 2: matheusnagildo (515 in chips) 
Mahu2021: posts small blind 20
matheusnagildo: posts big blind 40
*** HOLE CARDS ***
Dealt to Mahu2021 [Ac Kh]
Mahu2021: calls 20
matheusnagildo: checks 
*** FLOP *** [3h Kc Kd]
matheusnagildo: checks 
Mahu2021: checks 
*** TURN *** [3h Kc Kd] [8h]
matheusnagildo: checks 
Mahu2021: checks 
*** RIVER *** [3h Kc Kd 8h] [8c]
matheusnagildo: checks 
Mahu2021: bets 945 and is all-in
matheusnagildo: folds 
Uncalled bet (945) returned to Mahu2021
Mahu2021 collected 80 from pot
Mahu2021: doesn't show hand 
*** SUMMARY ***
Total pot 80 | Rake 0 
Board [3h Kc Kd 8h 8c]
Seat 1: Mahu2021 (button) (small blind) collected (80)
Seat 2: matheusnagildo (big blind) folded on the River



PokerStars Hand #246889667602: Tournament #3667433400, $1.84+$0.16 USD Hold'em No Limit - Level III (20/40) - 2023/11/02 21:48:53 CET [2023/11/02 16:48:53 ET]
Table '3667433400 1' 3-max Seat #2 is the button
Seat 1: Mahu2021 (1025 in chips) 
Seat 2: matheusnagildo (475 in chips) 
matheusnagildo: posts small blind 20
Mahu2021: posts big blind 40
*** HOLE CARDS ***
Dealt to Mahu2021 [Ah Ac]
matheusnagildo: folds 
Uncalled bet (20) returned to Mahu2021
Mahu2021 collected 40 from pot
Mahu2021: doesn't show hand 
*** SUMMARY ***
Total pot 40 | Rake 0 
Seat 1: Mahu2021 (big blind) collected (40)
Seat 2: matheusnagildo (button) (small blind) folded before Flop



PokerStars Hand #246889669789: Tournament #3667433400, $1.84+$0.16 USD Hold'em No Limit - Level III (20/40) - 2023/11/02 21:48:59 CET [2023/11/02 16:48:59 ET]
Table '3667433400 1' 3-max Seat #1 is the button
Seat 1: Mahu2021 (1045 in chips) 
Seat 2: matheusnagildo (455 in chips) 
Mahu2021: posts small blind 20
matheusnagildo: posts big blind 40
*** HOLE CARDS ***
Dealt to Mahu2021 [2c 7c]
Mahu2021: folds 
Uncalled bet (20) returned to matheusnagildo
matheusnagildo collected 40 from pot
matheusnagildo: doesn't show hand 
*** SUMMARY ***
Total pot 40 | Rake 0 
Seat 1: Mahu2021 (button) (small blind) folded before Flop
Seat 2: matheusnagildo (big blind) collected (40)



PokerStars Hand #246889671668: Tournament #3667433400, $1.84+$0.16 USD Hold'em No Limit - Level III (20/40) - 2023/11/02 21:49:04 CET [2023/11/02 16:49:04 ET]
Table '3667433400 1' 3-max Seat #2 is the button
Seat 1: Mahu2021 (1025 in chips) 
Seat 2: matheusnagildo (475 in chips) 
matheusnagildo: posts small blind 20
Mahu2021: posts big blind 40
*** HOLE CARDS ***
Dealt to Mahu2021 [7s 9c]
matheusnagildo: raises 435 to 475 and is all-in
Mahu2021: folds 
Uncalled bet (435) returned to matheusnagildo
matheusnagildo collected 80 from pot
matheusnagildo: doesn't show hand 
*** SUMMARY ***
Total pot 80 | Rake 0 
Seat 1: Mahu2021 (big blind) folded before Flop
Seat 2: matheusnagildo (button) (small blind) collected (80)



PokerStars Hand #246889673943: Tournament #3667433400, $1.84+$0.16 USD Hold'em No Limit - Level III (20/40) - 2023/11/02 21:49:11 CET [2023/11/02 16:49:11 ET]
Table '3667433400 1' 3-max Seat #1 is the button
Seat 1: Mahu2021 (985 in chips) 
Seat 2: matheusnagildo (515 in chips) 
Mahu2021: posts small blind 20
matheusnagildo: posts big blind 40
*** HOLE CARDS ***
Dealt to Mahu2021 [9c 7d]
Mahu2021: folds 
Uncalled bet (20) returned to matheusnagildo
matheusnagildo collected 40 from pot
matheusnagildo: doesn't show hand 
*** SUMMARY ***
Total pot 40 | Rake 0 
Seat 1: Mahu2021 (button) (small blind) folded before Flop
Seat 2: matheusnagildo (big blind) collected (40)



PokerStars Hand #246889675527: Tournament #3667433400, $1.84+$0.16 USD Hold'em No Limit - Level III (20/40) - 2023/11/02 21:49:15 CET [2023/11/02 16:49:15 ET]
Table '3667433400 1' 3-max Seat #2 is the button
Seat 1: Mahu2021 (965 in chips) 
Seat 2: matheusnagildo (535 in chips) 
matheusnagildo: posts small blind 20
Mahu2021: posts big blind 40
*** HOLE CARDS ***
Dealt to Mahu2021 [6d 9h]
matheusnagildo: raises 495 to 535 and is all-in
Mahu2021: folds 
Uncalled bet (495) returned to matheusnagildo
matheusnagildo collected 80 from pot
matheusnagildo: doesn't show hand 
*** SUMMARY ***
Total pot 80 | Rake 0 
Seat 1: Mahu2021 (big blind) folded before Flop
Seat 2: matheusnagildo (button) (small blind) collected (80)



PokerStars Hand #246889678042: Tournament #3667433400, $1.84+$0.16 USD Hold'em No Limit - Level III (20/40) - 2023/11/02 21:49:21 CET [2023/11/02 16:49:21 ET]
Table '3667433400 1' 3-max Seat #1 is the button
Seat 1: Mahu2021 (925 in chips) 
Seat 2: matheusnagildo (575 in chips) 
Mahu2021: posts small blind 20
matheusnagildo: posts big blind 40
*** HOLE CARDS ***
Dealt to Mahu2021 [7h Ah]
Mahu2021: calls 20
matheusnagildo: raises 535 to 575 and is all-in
Mahu2021: calls 535
*** FLOP *** [5s 8s 2c]
*** TURN *** [5s 8s 2c] [Tc]
*** RIVER *** [5s 8s 2c Tc] [Ac]
*** SHOW DOWN ***
matheusnagildo: shows [8c As] (two pair, Aces and Eights)
Mahu2021: shows [7h Ah] (a pair of Aces)
matheusnagildo collected 1150 from pot
*** SUMMARY ***
Total pot 1150 | Rake 0 
Board [5s 8s 2c Tc Ac]
Seat 1: Mahu2021 (button) (small blind) showed [7h Ah] and lost with a pair of Aces
Seat 2: matheusnagildo (big blind) showed [8c As] and won (1150) with two pair, Aces and Eights



PokerStars Hand #246889683950: Tournament #3667433400, $1.84+$0.16 USD Hold'em No Limit - Level III (20/40) - 2023/11/02 21:49:37 CET [2023/11/02 16:49:37 ET]
Table '3667433400 1' 3-max Seat #2 is the button
Seat 1: Mahu2021 (350 in chips) 
Seat 2: matheusnagildo (1150 in chips) 
matheusnagildo: posts small blind 20
Mahu2021: posts big blind 40
*** HOLE CARDS ***
Dealt to Mahu2021 [3h 2c]
matheusnagildo: folds 
Uncalled bet (20) returned to Mahu2021
Mahu2021 collected 40 from pot
Mahu2021: doesn't show hand 
*** SUMMARY ***
Total pot 40 | Rake 0 
Seat 1: Mahu2021 (big blind) collected (40)
Seat 2: matheusnagildo (button) (small blind) folded before Flop



PokerStars Hand #246889685868: Tournament #3667433400, $1.84+$0.16 USD Hold'em No Limit - Level III (20/40) - 2023/11/02 21:49:43 CET [2023/11/02 16:49:43 ET]
Table '3667433400 1' 3-max Seat #1 is the button
Seat 1: Mahu2021 (370 in chips) 
Seat 2: matheusnagildo (1130 in chips) 
Mahu2021: posts small blind 20
matheusnagildo: posts big blind 40
*** HOLE CARDS ***
Dealt to Mahu2021 [Js Ac]
Mahu2021: calls 20
matheusnagildo: checks 
*** FLOP *** [5s Qh 3s]
matheusnagildo: bets 40
Mahu2021: calls 40
*** TURN *** [5s Qh 3s] [Kh]
matheusnagildo: checks 
Mahu2021: bets 290 and is all-in
matheusnagildo: folds 
Uncalled bet (290) returned to Mahu2021
Mahu2021 collected 160 from pot
Mahu2021: doesn't show hand 
*** SUMMARY ***
Total pot 160 | Rake 0 
Board [5s Qh 3s Kh]
Seat 1: Mahu2021 (button) (small blind) collected (160)
Seat 2: matheusnagildo (big blind) folded on the Turn



PokerStars Hand #246889693946: Tournament #3667433400, $1.84+$0.16 USD Hold'em No Limit - Level III (20/40) - 2023/11/02 21:50:04 CET [2023/11/02 16:50:04 ET]
Table '3667433400 1' 3-max Seat #2 is the button
Seat 1: Mahu2021 (450 in chips) 
Seat 2: matheusnagildo (1050 in chips) 
matheusnagildo: posts small blind 20
Mahu2021: posts big blind 40
*** HOLE CARDS ***
Dealt to Mahu2021 [5s As]
matheusnagildo: folds 
Uncalled bet (20) returned to Mahu2021
Mahu2021 collected 40 from pot
Mahu2021: doesn't show hand 
*** SUMMARY ***
Total pot 40 | Rake 0 
Seat 1: Mahu2021 (big blind) collected (40)
Seat 2: matheusnagildo (button) (small blind) folded before Flop



PokerStars Hand #246889695404: Tournament #3667433400, $1.84+$0.16 USD Hold'em No Limit - Level III (20/40) - 2023/11/02 21:50:08 CET [2023/11/02 16:50:08 ET]
Table '3667433400 1' 3-max Seat #1 is the button
Seat 1: Mahu2021 (470 in chips) 
Seat 2: matheusnagildo (1030 in chips) 
Mahu2021: posts small blind 20
matheusnagildo: posts big blind 40
*** HOLE CARDS ***
Dealt to Mahu2021 [7s 3c]
Mahu2021: folds 
Uncalled bet (20) returned to matheusnagildo
matheusnagildo collected 40 from pot
matheusnagildo: doesn't show hand 
*** SUMMARY ***
Total pot 40 | Rake 0 
Seat 1: Mahu2021 (button) (small blind) folded before Flop
Seat 2: matheusnagildo (big blind) collected (40)



PokerStars Hand #246889697045: Tournament #3667433400, $1.84+$0.16 USD Hold'em No Limit - Level III (20/40) - 2023/11/02 21:50:12 CET [2023/11/02 16:50:12 ET]
Table '3667433400 1' 3-max Seat #2 is the button
Seat 1: Mahu2021 (450 in chips) 
Seat 2: matheusnagildo (1050 in chips) 
matheusnagildo: posts small blind 20
Mahu2021: posts big blind 40
*** HOLE CARDS ***
Dealt to Mahu2021 [Tc 6h]
matheusnagildo: raises 1010 to 1050 and is all-in
Mahu2021: folds 
Uncalled bet (1010) returned to matheusnagildo
matheusnagildo collected 80 from pot
matheusnagildo: doesn't show hand 
*** SUMMARY ***
Total pot 80 | Rake 0 
Seat 1: Mahu2021 (big blind) folded before Flop
Seat 2: matheusnagildo (button) (small blind) collected (80)



PokerStars Hand #246889699165: Tournament #3667433400, $1.84+$0.16 USD Hold'em No Limit - Level III (20/40) - 2023/11/02 21:50:18 CET [2023/11/02 16:50:18 ET]
Table '3667433400 1' 3-max Seat #1 is the button
Seat 1: Mahu2021 (410 in chips) 
Seat 2: matheusnagildo (1090 in chips) 
Mahu2021: posts small blind 20
matheusnagildo: posts big blind 40
*** HOLE CARDS ***
Dealt to Mahu2021 [Ts Tc]
Mahu2021: raises 370 to 410 and is all-in
matheusnagildo: folds 
Uncalled bet (370) returned to Mahu2021
Mahu2021 collected 80 from pot
Mahu2021: doesn't show hand 
*** SUMMARY ***
Total pot 80 | Rake 0 
Seat 1: Mahu2021 (button) (small blind) collected (80)
Seat 2: matheusnagildo (big blind) folded before Flop



PokerStars Hand #246889702768: Tournament #3667433400, $1.84+$0.16 USD Hold'em No Limit - Level III (20/40) - 2023/11/02 21:50:28 CET [2023/11/02 16:50:28 ET]
Table '3667433400 1' 3-max Seat #2 is the button
Seat 1: Mahu2021 (450 in chips) 
Seat 2: matheusnagildo (1050 in chips) 
matheusnagildo: posts small blind 20
Mahu2021: posts big blind 40
*** HOLE CARDS ***
Dealt to Mahu2021 [8h 8c]
matheusnagildo: raises 40 to 80
Mahu2021: raises 370 to 450 and is all-in
matheusnagildo: calls 370
*** FLOP *** [Ah 2d 6s]
*** TURN *** [Ah 2d 6s] [6h]
*** RIVER *** [Ah 2d 6s 6h] [Qc]
*** SHOW DOWN ***
Mahu2021: shows [8h 8c] (two pair, Eights and Sixes)
matheusnagildo: shows [5c 5d] (two pair, Sixes and Fives)
Mahu2021 collected 900 from pot
*** SUMMARY ***
Total pot 900 | Rake 0 
Board [Ah 2d 6s 6h Qc]
Seat 1: Mahu2021 (big blind) showed [8h 8c] and won (900) with two pair, Eights and Sixes
Seat 2: matheusnagildo (button) (small blind) showed [5c 5d] and lost with two pair, Sixes and Fives



PokerStars Hand #246889710026: Tournament #3667433400, $1.84+$0.16 USD Hold'em No Limit - Level IV (30/60) - 2023/11/02 21:50:47 CET [2023/11/02 16:50:47 ET]
Table '3667433400 1' 3-max Seat #1 is the button
Seat 1: Mahu2021 (900 in chips) 
Seat 2: matheusnagildo (600 in chips) 
Mahu2021: posts small blind 30
matheusnagildo: posts big blind 60
*** HOLE CARDS ***
Dealt to Mahu2021 [5s Jd]
Mahu2021: folds 
Uncalled bet (30) returned to matheusnagildo
matheusnagildo collected 60 from pot
matheusnagildo: doesn't show hand 
*** SUMMARY ***
Total pot 60 | Rake 0 
Seat 1: Mahu2021 (button) (small blind) folded before Flop
Seat 2: matheusnagildo (big blind) collected (60)



PokerStars Hand #246889711761: Tournament #3667433400, $1.84+$0.16 USD Hold'em No Limit - Level IV (30/60) - 2023/11/02 21:50:52 CET [2023/11/02 16:50:52 ET]
Table '3667433400 1' 3-max Seat #2 is the button
Seat 1: Mahu2021 (870 in chips) 
Seat 2: matheusnagildo (630 in chips) 
matheusnagildo: posts small blind 30
Mahu2021: posts big blind 60
*** HOLE CARDS ***
Dealt to Mahu2021 [8h Ts]
matheusnagildo: folds 
Uncalled bet (30) returned to Mahu2021
Mahu2021 collected 60 from pot
Mahu2021: doesn't show hand 
*** SUMMARY ***
Total pot 60 | Rake 0 
Seat 1: Mahu2021 (big blind) collected (60)
Seat 2: matheusnagildo (button) (small blind) folded before Flop



PokerStars Hand #246889713418: Tournament #3667433400, $1.84+$0.16 USD Hold'em No Limit - Level IV (30/60) - 2023/11/02 21:50:56 CET [2023/11/02 16:50:56 ET]
Table '3667433400 1' 3-max Seat #1 is the button
Seat 1: Mahu2021 (900 in chips) 
Seat 2: matheusnagildo (600 in chips) 
Mahu2021: posts small blind 30
matheusnagildo: posts big blind 60
*** HOLE CARDS ***
Dealt to Mahu2021 [Td Jh]
Mahu2021: calls 30
matheusnagildo: checks 
*** FLOP *** [4h 4c Kc]
matheusnagildo: checks 
Mahu2021: bets 60
matheusnagildo: calls 60
*** TURN *** [4h 4c Kc] [3s]
matheusnagildo: checks 
Mahu2021: checks 
*** RIVER *** [4h 4c Kc 3s] [7d]
matheusnagildo: bets 480 and is all-in
Mahu2021: folds 
Uncalled bet (480) returned to matheusnagildo
matheusnagildo collected 240 from pot
matheusnagildo: doesn't show hand 
*** SUMMARY ***
Total pot 240 | Rake 0 
Board [4h 4c Kc 3s 7d]
Seat 1: Mahu2021 (button) (small blind) folded on the River
Seat 2: matheusnagildo (big blind) collected (240)



PokerStars Hand #246889719402: Tournament #3667433400, $1.84+$0.16 USD Hold'em No Limit - Level IV (30/60) - 2023/11/02 21:51:12 CET [2023/11/02 16:51:12 ET]
Table '3667433400 1' 3-max Seat #2 is the button
Seat 1: Mahu2021 (780 in chips) 
Seat 2: matheusnagildo (720 in chips) 
matheusnagildo: posts small blind 30
Mahu2021: posts big blind 60
*** HOLE CARDS ***
Dealt to Mahu2021 [8h 3h]
matheusnagildo: raises 60 to 120
Mahu2021: folds 
Uncalled bet (60) returned to matheusnagildo
matheusnagildo collected 120 from pot
matheusnagildo: doesn't show hand 
*** SUMMARY ***
Total pot 120 | Rake 0 
Seat 1: Mahu2021 (big blind) folded before Flop
Seat 2: matheusnagildo (button) (small blind) collected (120)



PokerStars Hand #246889721257: Tournament #3667433400, $1.84+$0.16 USD Hold'em No Limit - Level IV (30/60) - 2023/11/02 21:51:17 CET [2023/11/02 16:51:17 ET]
Table '3667433400 1' 3-max Seat #1 is the button
Seat 1: Mahu2021 (720 in chips) 
Seat 2: matheusnagildo (780 in chips) 
Mahu2021: posts small blind 30
matheusnagildo: posts big blind 60
*** HOLE CARDS ***
Dealt to Mahu2021 [Qh 5s]
Mahu2021: folds 
Uncalled bet (30) returned to matheusnagildo
matheusnagildo collected 60 from pot
matheusnagildo: doesn't show hand 
*** SUMMARY ***
Total pot 60 | Rake 0 
Seat 1: Mahu2021 (button) (small blind) folded before Flop
Seat 2: matheusnagildo (big blind) collected (60)



PokerStars Hand #246889722827: Tournament #3667433400, $1.84+$0.16 USD Hold'em No Limit - Level IV (30/60) - 2023/11/02 21:51:22 CET [2023/11/02 16:51:22 ET]
Table '3667433400 1' 3-max Seat #2 is the button
Seat 1: Mahu2021 (690 in chips) 
Seat 2: matheusnagildo (810 in chips) 
matheusnagildo: posts small blind 30
Mahu2021: posts big blind 60
*** HOLE CARDS ***
Dealt to Mahu2021 [9d 6h]
matheusnagildo: folds 
Uncalled bet (30) returned to Mahu2021
Mahu2021 collected 60 from pot
Mahu2021: doesn't show hand 
*** SUMMARY ***
Total pot 60 | Rake 0 
Seat 1: Mahu2021 (big blind) collected (60)
Seat 2: matheusnagildo (button) (small blind) folded before Flop



PokerStars Hand #246889724186: Tournament #3667433400, $1.84+$0.16 USD Hold'em No Limit - Level IV (30/60) - 2023/11/02 21:51:25 CET [2023/11/02 16:51:25 ET]
Table '3667433400 1' 3-max Seat #1 is the button
Seat 1: Mahu2021 (720 in chips) 
Seat 2: matheusnagildo (780 in chips) 
Mahu2021: posts small blind 30
matheusnagildo: posts big blind 60
*** HOLE CARDS ***
Dealt to Mahu2021 [3s 8d]
Mahu2021: folds 
Uncalled bet (30) returned to matheusnagildo
matheusnagildo collected 60 from pot
matheusnagildo: doesn't show hand 
*** SUMMARY ***
Total pot 60 | Rake 0 
Seat 1: Mahu2021 (button) (small blind) folded before Flop
Seat 2: matheusnagildo (big blind) collected (60)



PokerStars Hand #246889725747: Tournament #3667433400, $1.84+$0.16 USD Hold'em No Limit - Level IV (30/60) - 2023/11/02 21:51:30 CET [2023/11/02 16:51:30 ET]
Table '3667433400 1' 3-max Seat #2 is the button
Seat 1: Mahu2021 (690 in chips) 
Seat 2: matheusnagildo (810 in chips) 
matheusnagildo: posts small blind 30
Mahu2021: posts big blind 60
*** HOLE CARDS ***
Dealt to Mahu2021 [7s 5c]
matheusnagildo: raises 60 to 120
Mahu2021: folds 
Uncalled bet (60) returned to matheusnagildo
matheusnagildo collected 120 from pot
matheusnagildo: doesn't show hand 
*** SUMMARY ***
Total pot 120 | Rake 0 
Seat 1: Mahu2021 (big blind) folded before Flop
Seat 2: matheusnagildo (button) (small blind) collected (120)



PokerStars Hand #246889727361: Tournament #3667433400, $1.84+$0.16 USD Hold'em No Limit - Level IV (30/60) - 2023/11/02 21:51:34 CET [2023/11/02 16:51:34 ET]
Table '3667433400 1' 3-max Seat #1 is the button
Seat 1: Mahu2021 (630 in chips) 
Seat 2: matheusnagildo (870 in chips) 
Mahu2021: posts small blind 30
matheusnagildo: posts big blind 60
*** HOLE CARDS ***
Dealt to Mahu2021 [Ac 3s]
Mahu2021: raises 60 to 120
matheusnagildo: calls 60
*** FLOP *** [Js 8h 2d]
matheusnagildo: checks 
Mahu2021: bets 120
matheusnagildo: folds 
Uncalled bet (120) returned to Mahu2021
Mahu2021 collected 240 from pot
Mahu2021: doesn't show hand 
*** SUMMARY ***
Total pot 240 | Rake 0 
Board [Js 8h 2d]
Seat 1: Mahu2021 (button) (small blind) collected (240)
Seat 2: matheusnagildo (big blind) folded on the Flop



PokerStars Hand #246889731809: Tournament #3667433400, $1.84+$0.16 USD Hold'em No Limit - Level IV (30/60) - 2023/11/02 21:51:46 CET [2023/11/02 16:51:46 ET]
Table '3667433400 1' 3-max Seat #2 is the button
Seat 1: Mahu2021 (750 in chips) 
Seat 2: matheusnagildo (750 in chips) 
matheusnagildo: posts small blind 30
Mahu2021: posts big blind 60
*** HOLE CARDS ***
Dealt to Mahu2021 [7h 6d]
matheusnagildo: raises 690 to 750 and is all-in
Mahu2021: folds 
Uncalled bet (690) returned to matheusnagildo
matheusnagildo collected 120 from pot
matheusnagildo: doesn't show hand 
*** SUMMARY ***
Total pot 120 | Rake 0 
Seat 1: Mahu2021 (big blind) folded before Flop
Seat 2: matheusnagildo (button) (small blind) collected (120)



PokerStars Hand #246889734163: Tournament #3667433400, $1.84+$0.16 USD Hold'em No Limit - Level IV (30/60) - 2023/11/02 21:51:52 CET [2023/11/02 16:51:52 ET]
Table '3667433400 1' 3-max Seat #1 is the button
Seat 1: Mahu2021 (690 in chips) 
Seat 2: matheusnagildo (810 in chips) 
Mahu2021: posts small blind 30
matheusnagildo: posts big blind 60
*** HOLE CARDS ***
Dealt to Mahu2021 [4d 7s]
Mahu2021: folds 
Uncalled bet (30) returned to matheusnagildo
matheusnagildo collected 60 from pot
matheusnagildo: doesn't show hand 
*** SUMMARY ***
Total pot 60 | Rake 0 
Seat 1: Mahu2021 (button) (small blind) folded before Flop
Seat 2: matheusnagildo (big blind) collected (60)



PokerStars Hand #246889735814: Tournament #3667433400, $1.84+$0.16 USD Hold'em No Limit - Level IV (30/60) - 2023/11/02 21:51:57 CET [2023/11/02 16:51:57 ET]
Table '3667433400 1' 3-max Seat #2 is the button
Seat 1: Mahu2021 (660 in chips) 
Seat 2: matheusnagildo (840 in chips) 
matheusnagildo: posts small blind 30
Mahu2021: posts big blind 60
*** HOLE CARDS ***
Dealt to Mahu2021 [Qh Ad]
matheusnagildo: folds 
Uncalled bet (30) returned to Mahu2021
Mahu2021 collected 60 from pot
Mahu2021: doesn't show hand 
*** SUMMARY ***
Total pot 60 | Rake 0 
Seat 1: Mahu2021 (big blind) collected (60)
Seat 2: matheusnagildo (button) (small blind) folded before Flop



PokerStars Hand #246889737515: Tournament #3667433400, $1.84+$0.16 USD Hold'em No Limit - Level IV (30/60) - 2023/11/02 21:52:01 CET [2023/11/02 16:52:01 ET]
Table '3667433400 1' 3-max Seat #1 is the button
Seat 1: Mahu2021 (690 in chips) 
Seat 2: matheusnagildo (810 in chips) 
Mahu2021: posts small blind 30
matheusnagildo: posts big blind 60
*** HOLE CARDS ***
Dealt to Mahu2021 [2c 3d]
Mahu2021: folds 
Uncalled bet (30) returned to matheusnagildo
matheusnagildo collected 60 from pot
matheusnagildo: doesn't show hand 
*** SUMMARY ***
Total pot 60 | Rake 0 
Seat 1: Mahu2021 (button) (small blind) folded before Flop
Seat 2: matheusnagildo (big blind) collected (60)



PokerStars Hand #246889739101: Tournament #3667433400, $1.84+$0.16 USD Hold'em No Limit - Level IV (30/60) - 2023/11/02 21:52:05 CET [2023/11/02 16:52:05 ET]
Table '3667433400 1' 3-max Seat #2 is the button
Seat 1: Mahu2021 (660 in chips) 
Seat 2: matheusnagildo (840 in chips) 
matheusnagildo: posts small blind 30
Mahu2021: posts big blind 60
*** HOLE CARDS ***
Dealt to Mahu2021 [2h 9d]
matheusnagildo: raises 60 to 120
Mahu2021: folds 
Uncalled bet (60) returned to matheusnagildo
matheusnagildo collected 120 from pot
matheusnagildo: doesn't show hand 
*** SUMMARY ***
Total pot 120 | Rake 0 
Seat 1: Mahu2021 (big blind) folded before Flop
Seat 2: matheusnagildo (button) (small blind) collected (120)



PokerStars Hand #246889740686: Tournament #3667433400, $1.84+$0.16 USD Hold'em No Limit - Level IV (30/60) - 2023/11/02 21:52:10 CET [2023/11/02 16:52:10 ET]
Table '3667433400 1' 3-max Seat #1 is the button
Seat 1: Mahu2021 (600 in chips) 
Seat 2: matheusnagildo (900 in chips) 
Mahu2021: posts small blind 30
matheusnagildo: posts big blind 60
*** HOLE CARDS ***
Dealt to Mahu2021 [Jc 7h]
Mahu2021: calls 30
matheusnagildo: checks 
*** FLOP *** [5c 9d 5s]
matheusnagildo: checks 
Mahu2021: checks 
*** TURN *** [5c 9d 5s] [Jh]
matheusnagildo: bets 120
Mahu2021: calls 120
*** RIVER *** [5c 9d 5s Jh] [Ac]
matheusnagildo: bets 180
Mahu2021: folds 
Uncalled bet (180) returned to matheusnagildo
matheusnagildo collected 360 from pot
matheusnagildo: doesn't show hand 
*** SUMMARY ***
Total pot 360 | Rake 0 
Board [5c 9d 5s Jh Ac]
Seat 1: Mahu2021 (button) (small blind) folded on the River
Seat 2: matheusnagildo (big blind) collected (360)



PokerStars Hand #246889749859: Tournament #3667433400, $1.84+$0.16 USD Hold'em No Limit - Level IV (30/60) - 2023/11/02 21:52:35 CET [2023/11/02 16:52:35 ET]
Table '3667433400 1' 3-max Seat #2 is the button
Seat 1: Mahu2021 (420 in chips) 
Seat 2: matheusnagildo (1080 in chips) 
matheusnagildo: posts small blind 30
Mahu2021: posts big blind 60
*** HOLE CARDS ***
Dealt to Mahu2021 [9c 4c]
matheusnagildo: folds 
Uncalled bet (30) returned to Mahu2021
Mahu2021 collected 60 from pot
Mahu2021: doesn't show hand 
*** SUMMARY ***
Total pot 60 | Rake 0 
Seat 1: Mahu2021 (big blind) collected (60)
Seat 2: matheusnagildo (button) (small blind) folded before Flop



PokerStars Hand #246889751272: Tournament #3667433400, $1.84+$0.16 USD Hold'em No Limit - Level IV (30/60) - 2023/11/02 21:52:38 CET [2023/11/02 16:52:38 ET]
Table '3667433400 1' 3-max Seat #1 is the button
Seat 1: Mahu2021 (450 in chips) 
Seat 2: matheusnagildo (1050 in chips) 
Mahu2021: posts small blind 30
matheusnagildo: posts big blind 60
*** HOLE CARDS ***
Dealt to Mahu2021 [3h 8d]
Mahu2021: folds 
Uncalled bet (30) returned to matheusnagildo
matheusnagildo collected 60 from pot
matheusnagildo: doesn't show hand 
*** SUMMARY ***
Total pot 60 | Rake 0 
Seat 1: Mahu2021 (button) (small blind) folded before Flop
Seat 2: matheusnagildo (big blind) collected (60)



PokerStars Hand #246889752815: Tournament #3667433400, $1.84+$0.16 USD Hold'em No Limit - Level IV (30/60) - 2023/11/02 21:52:43 CET [2023/11/02 16:52:43 ET]
Table '3667433400 1' 3-max Seat #2 is the button
Seat 1: Mahu2021 (420 in chips) 
Seat 2: matheusnagildo (1080 in chips) 
matheusnagildo: posts small blind 30
Mahu2021: posts big blind 60
*** HOLE CARDS ***
Dealt to Mahu2021 [Ac 8s]
matheusnagildo: folds 
Uncalled bet (30) returned to Mahu2021
Mahu2021 collected 60 from pot
Mahu2021: doesn't show hand 
*** SUMMARY ***
Total pot 60 | Rake 0 
Seat 1: Mahu2021 (big blind) collected (60)
Seat 2: matheusnagildo (button) (small blind) folded before Flop



PokerStars Hand #246889754883: Tournament #3667433400, $1.84+$0.16 USD Hold'em No Limit - Level IV (30/60) - 2023/11/02 21:52:48 CET [2023/11/02 16:52:48 ET]
Table '3667433400 1' 3-max Seat #1 is the button
Seat 1: Mahu2021 (450 in chips) 
Seat 2: matheusnagildo (1050 in chips) 
Mahu2021: posts small blind 30
matheusnagildo: posts big blind 60
*** HOLE CARDS ***
Dealt to Mahu2021 [As Qh]
Mahu2021: raises 390 to 450 and is all-in
matheusnagildo: folds 
Uncalled bet (390) returned to Mahu2021
Mahu2021 collected 120 from pot
Mahu2021: doesn't show hand 
*** SUMMARY ***
Total pot 120 | Rake 0 
Seat 1: Mahu2021 (button) (small blind) collected (120)
Seat 2: matheusnagildo (big blind) folded before Flop



PokerStars Hand #246889759912: Tournament #3667433400, $1.84+$0.16 USD Hold'em No Limit - Level IV (30/60) - 2023/11/02 21:53:02 CET [2023/11/02 16:53:02 ET]
Table '3667433400 1' 3-max Seat #2 is the button
Seat 1: Mahu2021 (510 in chips) 
Seat 2: matheusnagildo (990 in chips) 
matheusnagildo: posts small blind 30
Mahu2021: posts big blind 60
*** HOLE CARDS ***
Dealt to Mahu2021 [Kc Js]
matheusnagildo: folds 
Uncalled bet (30) returned to Mahu2021
Mahu2021 collected 60 from pot
Mahu2021: doesn't show hand 
*** SUMMARY ***
Total pot 60 | Rake 0 
Seat 1: Mahu2021 (big blind) collected (60)
Seat 2: matheusnagildo (button) (small blind) folded before Flop



PokerStars Hand #246889761204: Tournament #3667433400, $1.84+$0.16 USD Hold'em No Limit - Level IV (30/60) - 2023/11/02 21:53:05 CET [2023/11/02 16:53:05 ET]
Table '3667433400 1' 3-max Seat #1 is the button
Seat 1: Mahu2021 (540 in chips) 
Seat 2: matheusnagildo (960 in chips) 
Mahu2021: posts small blind 30
matheusnagildo: posts big blind 60
*** HOLE CARDS ***
Dealt to Mahu2021 [Qh 4s]
Mahu2021: calls 30
matheusnagildo: raises 60 to 120
Mahu2021: calls 60
*** FLOP *** [5d 6h 6c]
matheusnagildo: bets 120
Mahu2021: folds 
Uncalled bet (120) returned to matheusnagildo
matheusnagildo collected 240 from pot
matheusnagildo: doesn't show hand 
*** SUMMARY ***
Total pot 240 | Rake 0 
Board [5d 6h 6c]
Seat 1: Mahu2021 (button) (small blind) folded on the Flop
Seat 2: matheusnagildo (big blind) collected (240)



PokerStars Hand #246889766346: Tournament #3667433400, $1.84+$0.16 USD Hold'em No Limit - Level IV (30/60) - 2023/11/02 21:53:19 CET [2023/11/02 16:53:19 ET]
Table '3667433400 1' 3-max Seat #2 is the button
Seat 1: Mahu2021 (420 in chips) 
Seat 2: matheusnagildo (1080 in chips) 
matheusnagildo: posts small blind 30
Mahu2021: posts big blind 60
*** HOLE CARDS ***
Dealt to Mahu2021 [Jd 7d]
matheusnagildo: folds 
Uncalled bet (30) returned to Mahu2021
Mahu2021 collected 60 from pot
Mahu2021: doesn't show hand 
*** SUMMARY ***
Total pot 60 | Rake 0 
Seat 1: Mahu2021 (big blind) collected (60)
Seat 2: matheusnagildo (button) (small blind) folded before Flop



PokerStars Hand #246889767599: Tournament #3667433400, $1.84+$0.16 USD Hold'em No Limit - Level IV (30/60) - 2023/11/02 21:53:23 CET [2023/11/02 16:53:23 ET]
Table '3667433400 1' 3-max Seat #1 is the button
Seat 1: Mahu2021 (450 in chips) 
Seat 2: matheusnagildo (1050 in chips) 
Mahu2021: posts small blind 30
matheusnagildo: posts big blind 60
*** HOLE CARDS ***
Dealt to Mahu2021 [Th 3c]
Mahu2021: folds 
Uncalled bet (30) returned to matheusnagildo
matheusnagildo collected 60 from pot
matheusnagildo: doesn't show hand 
*** SUMMARY ***
Total pot 60 | Rake 0 
Seat 1: Mahu2021 (button) (small blind) folded before Flop
Seat 2: matheusnagildo (big blind) collected (60)



PokerStars Hand #246889769155: Tournament #3667433400, $1.84+$0.16 USD Hold'em No Limit - Level IV (30/60) - 2023/11/02 21:53:27 CET [2023/11/02 16:53:27 ET]
Table '3667433400 1' 3-max Seat #2 is the button
Seat 1: Mahu2021 (420 in chips) 
Seat 2: matheusnagildo (1080 in chips) 
matheusnagildo: posts small blind 30
Mahu2021: posts big blind 60
*** HOLE CARDS ***
Dealt to Mahu2021 [6s 4c]
matheusnagildo: folds 
Uncalled bet (30) returned to Mahu2021
Mahu2021 collected 60 from pot
Mahu2021: doesn't show hand 
*** SUMMARY ***
Total pot 60 | Rake 0 
Seat 1: Mahu2021 (big blind) collected (60)
Seat 2: matheusnagildo (button) (small blind) folded before Flop



PokerStars Hand #246889770493: Tournament #3667433400, $1.84+$0.16 USD Hold'em No Limit - Level IV (30/60) - 2023/11/02 21:53:31 CET [2023/11/02 16:53:31 ET]
Table '3667433400 1' 3-max Seat #1 is the button
Seat 1: Mahu2021 (450 in chips) 
Seat 2: matheusnagildo (1050 in chips) 
Mahu2021: posts small blind 30
matheusnagildo: posts big blind 60
*** HOLE CARDS ***
Dealt to Mahu2021 [Qs Kd]
Mahu2021: raises 390 to 450 and is all-in
matheusnagildo: folds 
Uncalled bet (390) returned to Mahu2021
Mahu2021 collected 120 from pot
Mahu2021: doesn't show hand 
*** SUMMARY ***
Total pot 120 | Rake 0 
Seat 1: Mahu2021 (button) (small blind) collected (120)
Seat 2: matheusnagildo (big blind) folded before Flop



PokerStars Hand #246889774010: Tournament #3667433400, $1.84+$0.16 USD Hold'em No Limit - Level V (40/80) - 2023/11/02 21:53:40 CET [2023/11/02 16:53:40 ET]
Table '3667433400 1' 3-max Seat #2 is the button
Seat 1: Mahu2021 (510 in chips) 
Seat 2: matheusnagildo (990 in chips) 
matheusnagildo: posts small blind 40
Mahu2021: posts big blind 80
*** HOLE CARDS ***
Dealt to Mahu2021 [Qh 8c]
matheusnagildo: raises 910 to 990 and is all-in
Mahu2021: calls 430 and is all-in
Uncalled bet (480) returned to matheusnagildo
*** FLOP *** [2h 6d 4h]
*** TURN *** [2h 6d 4h] [4c]
*** RIVER *** [2h 6d 4h 4c] [3d]
*** SHOW DOWN ***
Mahu2021: shows [Qh 8c] (a pair of Fours)
matheusnagildo: shows [2d Ad] (two pair, Fours and Deuces)
matheusnagildo collected 1020 from pot
Mahu2021 finished the tournament in 2nd place
matheusnagildo wins the tournament and receives $6.00 - congratulations!
*** SUMMARY ***
Total pot 1020 | Rake 0 
Board [2h 6d 4h 4c 3d]
Seat 1: Mahu2021 (big blind) showed [Qh 8c] and lost with a pair of Fours
Seat 2: matheusnagildo (button) (small blind) showed [2d Ad] and won (1020) with two pair, Fours and Deuces



