PokerStars Hand #242992823514: Tournament #3575224864, $0.92+$0.08 USD Hold'em No Limit - Level I (10/20) - 2023/04/09 23:15:19 CET [2023/04/09 17:15:19 ET]
Table '3575224864 1' 3-max Seat #1 is the button
Seat 1: 1234mk22 (500 in chips) 
Seat 2: babalas.alex (500 in chips) 
Seat 3: Mahu2021 (500 in chips) 
babalas.alex: posts small blind 10
Mahu2021: posts big blind 20
*** HOLE CARDS ***
Dealt to Mahu2021 [8h As]
1234mk22: folds 
babalas.alex: raises 80 to 100
Mahu2021: raises 400 to 500 and is all-in
babalas.alex: calls 400 and is all-in
*** FLOP *** [4d 8c Tc]
*** TURN *** [4d 8c Tc] [9c]
*** RIVER *** [4d 8c Tc 9c] [5h]
*** SHOW DOWN ***
babalas.alex: shows [Js Jc] (a pair of Jacks)
Mahu2021: shows [8h As] (a pair of Eights)
babalas.alex collected 1000 from pot
Mahu2021 finished the tournament in 3rd place
*** SUMMARY ***
Total pot 1000 | Rake 0 
Board [4d 8c Tc 9c 5h]
Seat 1: 1234mk22 (button) folded before Flop (didn't bet)
Seat 2: babalas.alex (small blind) showed [Js Jc] and won (1000) with a pair of Jacks
Seat 3: Mahu2021 (big blind) showed [8h As] and lost with a pair of Eights



