PokerStars Hand #249824989602: Tournament #3738375178, $1.84+$0.16 USD Hold'em No Limit - Level I (10/20) - 2024/04/06 14:59:29 CET [2024/04/06 8:59:29 ET]
Table '3738375178 1' 3-max Seat #1 is the button
Seat 1: Lauramilne72 (500 in chips) 
Seat 2: lobbo_rj (500 in chips) 
Seat 3: Mahu2021 (500 in chips) 
lobbo_rj: posts small blind 10
Mahu2021: posts big blind 20
*** HOLE CARDS ***
Dealt to Mahu2021 [9h Qd]
Lauramilne72: calls 20
lobbo_rj: raises 480 to 500 and is all-in
Mahu2021: folds 
Lauramilne72: folds 
Uncalled bet (480) returned to lobbo_rj
lobbo_rj collected 60 from pot
*** SUMMARY ***
Total pot 60 | Rake 0 
Seat 1: Lauramilne72 (button) folded before Flop
Seat 2: lobbo_rj (small blind) collected (60)
Seat 3: Mahu2021 (big blind) folded before Flop



PokerStars Hand #249824991985: Tournament #3738375178, $1.84+$0.16 USD Hold'em No Limit - Level I (10/20) - 2024/04/06 14:59:44 CET [2024/04/06 8:59:44 ET]
Table '3738375178 1' 3-max Seat #2 is the button
Seat 1: Lauramilne72 (480 in chips) 
Seat 2: lobbo_rj (540 in chips) 
Seat 3: Mahu2021 (480 in chips) 
Mahu2021: posts small blind 10
Lauramilne72: posts big blind 20
*** HOLE CARDS ***
Dealt to Mahu2021 [7s 8s]
lobbo_rj: folds 
Mahu2021: calls 10
Lauramilne72: checks 
*** FLOP *** [Tc 4h 2s]
Mahu2021: checks 
Lauramilne72: checks 
*** TURN *** [Tc 4h 2s] [6d]
Mahu2021: checks 
Lauramilne72: checks 
*** RIVER *** [Tc 4h 2s 6d] [5d]
Mahu2021: bets 460 and is all-in
Lauramilne72: folds 
Uncalled bet (460) returned to Mahu2021
Mahu2021 collected 40 from pot
Mahu2021: doesn't show hand 
*** SUMMARY ***
Total pot 40 | Rake 0 
Board [Tc 4h 2s 6d 5d]
Seat 1: Lauramilne72 (big blind) folded on the River
Seat 2: lobbo_rj (button) folded before Flop (didn't bet)
Seat 3: Mahu2021 (small blind) collected (40)



PokerStars Hand #249824995748: Tournament #3738375178, $1.84+$0.16 USD Hold'em No Limit - Level I (10/20) - 2024/04/06 15:00:06 CET [2024/04/06 9:00:06 ET]
Table '3738375178 1' 3-max Seat #3 is the button
Seat 1: Lauramilne72 (460 in chips) 
Seat 2: lobbo_rj (540 in chips) 
Seat 3: Mahu2021 (500 in chips) 
Lauramilne72: posts small blind 10
lobbo_rj: posts big blind 20
*** HOLE CARDS ***
Dealt to Mahu2021 [As 9c]
Mahu2021: calls 20
Lauramilne72: calls 10
lobbo_rj: checks 
*** FLOP *** [3d 6h 2c]
Lauramilne72: checks 
lobbo_rj: checks 
Mahu2021: checks 
*** TURN *** [3d 6h 2c] [4d]
Lauramilne72: bets 40
lobbo_rj: folds 
Mahu2021: folds 
Uncalled bet (40) returned to Lauramilne72
Lauramilne72 collected 60 from pot
Lauramilne72: doesn't show hand 
*** SUMMARY ***
Total pot 60 | Rake 0 
Board [3d 6h 2c 4d]
Seat 1: Lauramilne72 (small blind) collected (60)
Seat 2: lobbo_rj (big blind) folded on the Turn
Seat 3: Mahu2021 (button) folded on the Turn



PokerStars Hand #249825000341: Tournament #3738375178, $1.84+$0.16 USD Hold'em No Limit - Level I (10/20) - 2024/04/06 15:00:33 CET [2024/04/06 9:00:33 ET]
Table '3738375178 1' 3-max Seat #1 is the button
Seat 1: Lauramilne72 (500 in chips) 
Seat 2: lobbo_rj (520 in chips) 
Seat 3: Mahu2021 (480 in chips) 
lobbo_rj: posts small blind 10
Mahu2021: posts big blind 20
*** HOLE CARDS ***
Dealt to Mahu2021 [3c 4d]
Lauramilne72: calls 20
lobbo_rj: folds 
Mahu2021: checks 
*** FLOP *** [As 5d 8s]
Mahu2021: checks 
Lauramilne72: checks 
*** TURN *** [As 5d 8s] [2c]
Mahu2021: checks 
Lauramilne72: checks 
*** RIVER *** [As 5d 8s 2c] [9h]
Mahu2021: bets 50
Lauramilne72: folds 
Uncalled bet (50) returned to Mahu2021
Mahu2021 collected 50 from pot
Mahu2021: doesn't show hand 
*** SUMMARY ***
Total pot 50 | Rake 0 
Board [As 5d 8s 2c 9h]
Seat 1: Lauramilne72 (button) folded on the River
Seat 2: lobbo_rj (small blind) folded before Flop
Seat 3: Mahu2021 (big blind) collected (50)



PokerStars Hand #249825003385: Tournament #3738375178, $1.84+$0.16 USD Hold'em No Limit - Level I (10/20) - 2024/04/06 15:00:50 CET [2024/04/06 9:00:50 ET]
Table '3738375178 1' 3-max Seat #2 is the button
Seat 1: Lauramilne72 (480 in chips) 
Seat 2: lobbo_rj (510 in chips) 
Seat 3: Mahu2021 (510 in chips) 
Mahu2021: posts small blind 10
Lauramilne72: posts big blind 20
*** HOLE CARDS ***
Dealt to Mahu2021 [Ah Kc]
lobbo_rj: folds 
Mahu2021: raises 60 to 80
Lauramilne72: calls 60
*** FLOP *** [5h 5s 4h]
Mahu2021: checks 
Lauramilne72: checks 
*** TURN *** [5h 5s 4h] [6d]
Mahu2021: checks 
Lauramilne72: checks 
*** RIVER *** [5h 5s 4h 6d] [Qc]
Mahu2021: checks 
Lauramilne72: checks 
*** SHOW DOWN ***
Mahu2021: shows [Ah Kc] (a pair of Fives)
Lauramilne72: shows [3c 3s] (two pair, Fives and Threes)
Lauramilne72 collected 160 from pot
*** SUMMARY ***
Total pot 160 | Rake 0 
Board [5h 5s 4h 6d Qc]
Seat 1: Lauramilne72 (big blind) showed [3c 3s] and won (160) with two pair, Fives and Threes
Seat 2: lobbo_rj (button) folded before Flop (didn't bet)
Seat 3: Mahu2021 (small blind) showed [Ah Kc] and lost with a pair of Fives



PokerStars Hand #249825007186: Tournament #3738375178, $1.84+$0.16 USD Hold'em No Limit - Level I (10/20) - 2024/04/06 15:01:11 CET [2024/04/06 9:01:11 ET]
Table '3738375178 1' 3-max Seat #3 is the button
Seat 1: Lauramilne72 (560 in chips) 
Seat 2: lobbo_rj (510 in chips) 
Seat 3: Mahu2021 (430 in chips) 
Lauramilne72: posts small blind 10
lobbo_rj: posts big blind 20
*** HOLE CARDS ***
Dealt to Mahu2021 [Ac 8s]
Mahu2021: raises 20 to 40
Lauramilne72: folds 
lobbo_rj: calls 20
*** FLOP *** [3s Tc As]
lobbo_rj: checks 
Mahu2021: bets 40
lobbo_rj: calls 40
*** TURN *** [3s Tc As] [6s]
lobbo_rj: checks 
Mahu2021: bets 40
lobbo_rj: calls 40
*** RIVER *** [3s Tc As 6s] [Kh]
lobbo_rj: checks 
Mahu2021: checks 
*** SHOW DOWN ***
lobbo_rj: shows [Js Kc] (a pair of Kings)
Mahu2021: shows [Ac 8s] (a pair of Aces)
Mahu2021 collected 250 from pot
*** SUMMARY ***
Total pot 250 | Rake 0 
Board [3s Tc As 6s Kh]
Seat 1: Lauramilne72 (small blind) folded before Flop
Seat 2: lobbo_rj (big blind) showed [Js Kc] and lost with a pair of Kings
Seat 3: Mahu2021 (button) showed [Ac 8s] and won (250) with a pair of Aces



PokerStars Hand #249825012703: Tournament #3738375178, $1.84+$0.16 USD Hold'em No Limit - Level II (15/30) - 2024/04/06 15:01:39 CET [2024/04/06 9:01:39 ET]
Table '3738375178 1' 3-max Seat #1 is the button
Seat 1: Lauramilne72 (550 in chips) 
Seat 2: lobbo_rj (390 in chips) 
Seat 3: Mahu2021 (560 in chips) 
lobbo_rj: posts small blind 15
Mahu2021: posts big blind 30
*** HOLE CARDS ***
Dealt to Mahu2021 [4s Js]
Lauramilne72: folds 
lobbo_rj: raises 360 to 390 and is all-in
Mahu2021: folds 
Uncalled bet (360) returned to lobbo_rj
lobbo_rj collected 60 from pot
*** SUMMARY ***
Total pot 60 | Rake 0 
Seat 1: Lauramilne72 (button) folded before Flop (didn't bet)
Seat 2: lobbo_rj (small blind) collected (60)
Seat 3: Mahu2021 (big blind) folded before Flop



PokerStars Hand #249825015986: Tournament #3738375178, $1.84+$0.16 USD Hold'em No Limit - Level II (15/30) - 2024/04/06 15:01:56 CET [2024/04/06 9:01:56 ET]
Table '3738375178 1' 3-max Seat #2 is the button
Seat 1: Lauramilne72 (550 in chips) 
Seat 2: lobbo_rj (420 in chips) 
Seat 3: Mahu2021 (530 in chips) 
Mahu2021: posts small blind 15
Lauramilne72: posts big blind 30
*** HOLE CARDS ***
Dealt to Mahu2021 [3c 3h]
lobbo_rj: raises 30 to 60
Mahu2021: calls 45
Lauramilne72: folds 
*** FLOP *** [9h 4d Kh]
Mahu2021: checks 
lobbo_rj: bets 60
Mahu2021: calls 60
*** TURN *** [9h 4d Kh] [Td]
Mahu2021: checks 
lobbo_rj: bets 105
Mahu2021: folds 
Uncalled bet (105) returned to lobbo_rj
lobbo_rj collected 270 from pot
*** SUMMARY ***
Total pot 270 | Rake 0 
Board [9h 4d Kh Td]
Seat 1: Lauramilne72 (big blind) folded before Flop
Seat 2: lobbo_rj (button) collected (270)
Seat 3: Mahu2021 (small blind) folded on the Turn



PokerStars Hand #249825023970: Tournament #3738375178, $1.84+$0.16 USD Hold'em No Limit - Level II (15/30) - 2024/04/06 15:02:36 CET [2024/04/06 9:02:36 ET]
Table '3738375178 1' 3-max Seat #3 is the button
Seat 1: Lauramilne72 (520 in chips) 
Seat 2: lobbo_rj (570 in chips) 
Seat 3: Mahu2021 (410 in chips) 
Lauramilne72: posts small blind 15
lobbo_rj: posts big blind 30
*** HOLE CARDS ***
Dealt to Mahu2021 [3h 6c]
Mahu2021: folds 
Lauramilne72: calls 15
lobbo_rj: checks 
*** FLOP *** [Qs 7d 7s]
Lauramilne72: checks 
lobbo_rj: bets 30
Lauramilne72: calls 30
*** TURN *** [Qs 7d 7s] [2h]
Lauramilne72: checks 
lobbo_rj: checks 
*** RIVER *** [Qs 7d 7s 2h] [Js]
Lauramilne72: checks 
lobbo_rj: bets 60
Lauramilne72: calls 60
*** SHOW DOWN ***
lobbo_rj: shows [Td 3s] (a pair of Sevens)
Lauramilne72: shows [9d Jc] (two pair, Jacks and Sevens)
Lauramilne72 collected 240 from pot
*** SUMMARY ***
Total pot 240 | Rake 0 
Board [Qs 7d 7s 2h Js]
Seat 1: Lauramilne72 (small blind) showed [9d Jc] and won (240) with two pair, Jacks and Sevens
Seat 2: lobbo_rj (big blind) showed [Td 3s] and lost with a pair of Sevens
Seat 3: Mahu2021 (button) folded before Flop (didn't bet)



PokerStars Hand #249825030678: Tournament #3738375178, $1.84+$0.16 USD Hold'em No Limit - Level II (15/30) - 2024/04/06 15:03:09 CET [2024/04/06 9:03:09 ET]
Table '3738375178 1' 3-max Seat #1 is the button
Seat 1: Lauramilne72 (640 in chips) 
Seat 2: lobbo_rj (450 in chips) 
Seat 3: Mahu2021 (410 in chips) 
lobbo_rj: posts small blind 15
Mahu2021: posts big blind 30
*** HOLE CARDS ***
Dealt to Mahu2021 [Td 4c]
Lauramilne72: calls 30
lobbo_rj: raises 60 to 90
Mahu2021: folds 
Lauramilne72: calls 60
*** FLOP *** [9s Qc Ac]
lobbo_rj: bets 75
Lauramilne72: folds 
Uncalled bet (75) returned to lobbo_rj
lobbo_rj collected 210 from pot
*** SUMMARY ***
Total pot 210 | Rake 0 
Board [9s Qc Ac]
Seat 1: Lauramilne72 (button) folded on the Flop
Seat 2: lobbo_rj (small blind) collected (210)
Seat 3: Mahu2021 (big blind) folded before Flop



PokerStars Hand #249825033619: Tournament #3738375178, $1.84+$0.16 USD Hold'em No Limit - Level II (15/30) - 2024/04/06 15:03:23 CET [2024/04/06 9:03:23 ET]
Table '3738375178 1' 3-max Seat #2 is the button
Seat 1: Lauramilne72 (550 in chips) 
Seat 2: lobbo_rj (570 in chips) 
Seat 3: Mahu2021 (380 in chips) 
Mahu2021: posts small blind 15
Lauramilne72: posts big blind 30
*** HOLE CARDS ***
Dealt to Mahu2021 [3c Ks]
lobbo_rj: folds 
Mahu2021: calls 15
Lauramilne72: checks 
*** FLOP *** [Kh 3d 5s]
Mahu2021: checks 
Lauramilne72: checks 
*** TURN *** [Kh 3d 5s] [Tc]
Mahu2021: bets 30
Lauramilne72: folds 
Uncalled bet (30) returned to Mahu2021
Mahu2021 collected 60 from pot
Mahu2021: doesn't show hand 
*** SUMMARY ***
Total pot 60 | Rake 0 
Board [Kh 3d 5s Tc]
Seat 1: Lauramilne72 (big blind) folded on the Turn
Seat 2: lobbo_rj (button) folded before Flop (didn't bet)
Seat 3: Mahu2021 (small blind) collected (60)



PokerStars Hand #249825037464: Tournament #3738375178, $1.84+$0.16 USD Hold'em No Limit - Level III (20/40) - 2024/04/06 15:03:42 CET [2024/04/06 9:03:42 ET]
Table '3738375178 1' 3-max Seat #3 is the button
Seat 1: Lauramilne72 (520 in chips) 
Seat 2: lobbo_rj (570 in chips) 
Seat 3: Mahu2021 (410 in chips) 
Lauramilne72: posts small blind 20
lobbo_rj: posts big blind 40
*** HOLE CARDS ***
Dealt to Mahu2021 [Qs 8c]
Mahu2021: calls 40
Lauramilne72: folds 
lobbo_rj: checks 
*** FLOP *** [2d Jh As]
lobbo_rj: checks 
Mahu2021: bets 40
lobbo_rj: folds 
Uncalled bet (40) returned to Mahu2021
Mahu2021 collected 100 from pot
Mahu2021: doesn't show hand 
*** SUMMARY ***
Total pot 100 | Rake 0 
Board [2d Jh As]
Seat 1: Lauramilne72 (small blind) folded before Flop
Seat 2: lobbo_rj (big blind) folded on the Flop
Seat 3: Mahu2021 (button) collected (100)



PokerStars Hand #249825041092: Tournament #3738375178, $1.84+$0.16 USD Hold'em No Limit - Level III (20/40) - 2024/04/06 15:04:00 CET [2024/04/06 9:04:00 ET]
Table '3738375178 1' 3-max Seat #1 is the button
Seat 1: Lauramilne72 (500 in chips) 
Seat 2: lobbo_rj (530 in chips) 
Seat 3: Mahu2021 (470 in chips) 
lobbo_rj: posts small blind 20
Mahu2021: posts big blind 40
*** HOLE CARDS ***
Dealt to Mahu2021 [3c 8d]
Lauramilne72: calls 40
lobbo_rj: folds 
Mahu2021: checks 
*** FLOP *** [Jd 8c 9c]
Mahu2021: checks 
Lauramilne72: checks 
*** TURN *** [Jd 8c 9c] [Qd]
Mahu2021: checks 
Lauramilne72: checks 
*** RIVER *** [Jd 8c 9c Qd] [6h]
Mahu2021: bets 80
Lauramilne72: calls 80
*** SHOW DOWN ***
Mahu2021: shows [3c 8d] (a pair of Eights)
Lauramilne72: mucks hand 
Mahu2021 collected 260 from pot
*** SUMMARY ***
Total pot 260 | Rake 0 
Board [Jd 8c 9c Qd 6h]
Seat 1: Lauramilne72 (button) mucked [Ac 4s]
Seat 2: lobbo_rj (small blind) folded before Flop
Seat 3: Mahu2021 (big blind) showed [3c 8d] and won (260) with a pair of Eights



PokerStars Hand #249825044367: Tournament #3738375178, $1.84+$0.16 USD Hold'em No Limit - Level III (20/40) - 2024/04/06 15:04:16 CET [2024/04/06 9:04:16 ET]
Table '3738375178 1' 3-max Seat #2 is the button
Seat 1: Lauramilne72 (380 in chips) 
Seat 2: lobbo_rj (510 in chips) 
Seat 3: Mahu2021 (610 in chips) 
Mahu2021: posts small blind 20
Lauramilne72: posts big blind 40
*** HOLE CARDS ***
Dealt to Mahu2021 [5h 9c]
lobbo_rj: raises 40 to 80
Mahu2021: folds 
Lauramilne72: calls 40
*** FLOP *** [Ah 4d 3h]
Lauramilne72: checks 
lobbo_rj: checks 
*** TURN *** [Ah 4d 3h] [Tc]
Lauramilne72: checks 
lobbo_rj: bets 80
Lauramilne72: calls 80
*** RIVER *** [Ah 4d 3h Tc] [3d]
Lauramilne72: checks 
lobbo_rj: bets 170
Lauramilne72: calls 170
*** SHOW DOWN ***
lobbo_rj: shows [Ac 3c] (a full house, Threes full of Aces)
Lauramilne72: mucks hand 
lobbo_rj collected 680 from pot
*** SUMMARY ***
Total pot 680 | Rake 0 
Board [Ah 4d 3h Tc 3d]
Seat 1: Lauramilne72 (big blind) mucked [Ad 7h]
Seat 2: lobbo_rj (button) showed [Ac 3c] and won (680) with a full house, Threes full of Aces
Seat 3: Mahu2021 (small blind) folded before Flop



PokerStars Hand #249825049440: Tournament #3738375178, $1.84+$0.16 USD Hold'em No Limit - Level III (20/40) - 2024/04/06 15:04:41 CET [2024/04/06 9:04:41 ET]
Table '3738375178 1' 3-max Seat #3 is the button
Seat 1: Lauramilne72 (50 in chips) 
Seat 2: lobbo_rj (860 in chips) 
Seat 3: Mahu2021 (590 in chips) 
Lauramilne72: posts small blind 20
lobbo_rj: posts big blind 40
*** HOLE CARDS ***
Dealt to Mahu2021 [As Jh]
Mahu2021: raises 40 to 80
Lauramilne72: calls 30 and is all-in
lobbo_rj: raises 80 to 160
Mahu2021: raises 430 to 590 and is all-in
lobbo_rj: calls 430
*** FLOP *** [9d Tc Js]
*** TURN *** [9d Tc Js] [6s]
*** RIVER *** [9d Tc Js 6s] [5c]
*** SHOW DOWN ***
lobbo_rj: shows [Qc Ks] (a straight, Nine to King)
Mahu2021: shows [As Jh] (a pair of Jacks)
lobbo_rj collected 1080 from side pot
Lauramilne72: shows [2s 8c] (high card Jack)
lobbo_rj collected 150 from main pot
Mahu2021 finished the tournament in 2nd place
Lauramilne72 finished the tournament in 3rd place
lobbo_rj wins the tournament and receives $4.00 - congratulations!
*** SUMMARY ***
Total pot 1230 Main pot 150. Side pot 1080. | Rake 0 
Board [9d Tc Js 6s 5c]
Seat 1: Lauramilne72 (small blind) showed [2s 8c] and lost with high card Jack
Seat 2: lobbo_rj (big blind) showed [Qc Ks] and won (1230) with a straight, Nine to King
Seat 3: Mahu2021 (button) showed [As Jh] and lost with a pair of Jacks



