PokerStars Hand #245997903000: Tournament #3645845189, $0.92+$0.08 USD Hold'em No Limit - Level I (10/20) - 2023/09/16 18:12:23 CET [2023/09/16 12:12:23 ET]
Table '3645845189 1' 3-max Seat #1 is the button
Seat 1: Mahu2021 (500 in chips) 
Seat 2: Goonerbg92 (500 in chips) 
Seat 3: ersu1010 (500 in chips) 
Goonerbg92: posts small blind 10
ersu1010: posts big blind 20
*** HOLE CARDS ***
Dealt to Mahu2021 [Jc 2d]
Mahu2021: folds 
Goonerbg92: calls 10
ersu1010: checks 
*** FLOP *** [9c 7h 6d]
Goonerbg92: bets 20
ersu1010: calls 20
*** TURN *** [9c 7h 6d] [6h]
Goonerbg92: bets 20
ersu1010: raises 40 to 60
Goonerbg92: calls 40
*** RIVER *** [9c 7h 6d 6h] [4s]
Goonerbg92: checks 
ersu1010: checks 
*** SHOW DOWN ***
Goonerbg92: shows [9d Th] (two pair, Nines and Sixes)
ersu1010: shows [Ah 6c] (three of a kind, Sixes)
ersu1010 collected 200 from pot
*** SUMMARY ***
Total pot 200 | Rake 0 
Board [9c 7h 6d 6h 4s]
Seat 1: Mahu2021 (button) folded before Flop (didn't bet)
Seat 2: Goonerbg92 (small blind) showed [9d Th] and lost with two pair, Nines and Sixes
Seat 3: ersu1010 (big blind) showed [Ah 6c] and won (200) with three of a kind, Sixes



PokerStars Hand #245997909509: Tournament #3645845189, $0.92+$0.08 USD Hold'em No Limit - Level I (10/20) - 2023/09/16 18:12:45 CET [2023/09/16 12:12:45 ET]
Table '3645845189 1' 3-max Seat #2 is the button
Seat 1: Mahu2021 (500 in chips) 
Seat 2: Goonerbg92 (400 in chips) 
Seat 3: ersu1010 (600 in chips) 
ersu1010: posts small blind 10
Mahu2021: posts big blind 20
*** HOLE CARDS ***
Dealt to Mahu2021 [8d 4d]
Goonerbg92: calls 20
ersu1010: calls 10
Mahu2021: checks 
*** FLOP *** [5h 6d Qs]
ersu1010: checks 
Mahu2021: checks 
Goonerbg92: checks 
*** TURN *** [5h 6d Qs] [2h]
ersu1010: checks 
Mahu2021: bets 60
Goonerbg92: folds 
ersu1010: folds 
Uncalled bet (60) returned to Mahu2021
Mahu2021 collected 60 from pot
Mahu2021: doesn't show hand 
*** SUMMARY ***
Total pot 60 | Rake 0 
Board [5h 6d Qs 2h]
Seat 1: Mahu2021 (big blind) collected (60)
Seat 2: Goonerbg92 (button) folded on the Turn
Seat 3: ersu1010 (small blind) folded on the Turn



PokerStars Hand #245997917290: Tournament #3645845189, $0.92+$0.08 USD Hold'em No Limit - Level I (10/20) - 2023/09/16 18:13:12 CET [2023/09/16 12:13:12 ET]
Table '3645845189 1' 3-max Seat #3 is the button
Seat 1: Mahu2021 (540 in chips) 
Seat 2: Goonerbg92 (380 in chips) 
Seat 3: ersu1010 (580 in chips) 
Mahu2021: posts small blind 10
Goonerbg92: posts big blind 20
*** HOLE CARDS ***
Dealt to Mahu2021 [Ac 8s]
ersu1010: calls 20
Mahu2021: calls 10
Goonerbg92: checks 
*** FLOP *** [3h 8d 3c]
Mahu2021: bets 20
Goonerbg92: calls 20
ersu1010: calls 20
*** TURN *** [3h 8d 3c] [6h]
Mahu2021: checks 
Goonerbg92: checks 
ersu1010: checks 
*** RIVER *** [3h 8d 3c 6h] [5d]
Mahu2021: checks 
Goonerbg92: checks 
ersu1010: checks 
*** SHOW DOWN ***
Mahu2021: shows [Ac 8s] (two pair, Eights and Threes)
Goonerbg92: mucks hand 
ersu1010: mucks hand 
Mahu2021 collected 120 from pot
*** SUMMARY ***
Total pot 120 | Rake 0 
Board [3h 8d 3c 6h 5d]
Seat 1: Mahu2021 (small blind) showed [Ac 8s] and won (120) with two pair, Eights and Threes
Seat 2: Goonerbg92 (big blind) mucked [Qc Jd]
Seat 3: ersu1010 (button) mucked [Ah Ks]



PokerStars Hand #245997924751: Tournament #3645845189, $0.92+$0.08 USD Hold'em No Limit - Level I (10/20) - 2023/09/16 18:13:38 CET [2023/09/16 12:13:38 ET]
Table '3645845189 1' 3-max Seat #1 is the button
Seat 1: Mahu2021 (620 in chips) 
Seat 2: Goonerbg92 (340 in chips) 
Seat 3: ersu1010 (540 in chips) 
Goonerbg92: posts small blind 10
ersu1010: posts big blind 20
*** HOLE CARDS ***
Dealt to Mahu2021 [Jd 3s]
Mahu2021: folds 
Goonerbg92: calls 10
ersu1010: checks 
*** FLOP *** [Kh 4s 6h]
Goonerbg92: checks 
ersu1010: bets 60
Goonerbg92: folds 
Uncalled bet (60) returned to ersu1010
ersu1010 collected 40 from pot
ersu1010: doesn't show hand 
*** SUMMARY ***
Total pot 40 | Rake 0 
Board [Kh 4s 6h]
Seat 1: Mahu2021 (button) folded before Flop (didn't bet)
Seat 2: Goonerbg92 (small blind) folded on the Flop
Seat 3: ersu1010 (big blind) collected (40)



PokerStars Hand #245997933098: Tournament #3645845189, $0.92+$0.08 USD Hold'em No Limit - Level I (10/20) - 2023/09/16 18:14:06 CET [2023/09/16 12:14:06 ET]
Table '3645845189 1' 3-max Seat #2 is the button
Seat 1: Mahu2021 (620 in chips) 
Seat 2: Goonerbg92 (320 in chips) 
Seat 3: ersu1010 (560 in chips) 
ersu1010: posts small blind 10
Mahu2021: posts big blind 20
*** HOLE CARDS ***
Dealt to Mahu2021 [Qh 3h]
Goonerbg92: raises 20 to 40
ersu1010: folds 
Mahu2021: calls 20
*** FLOP *** [6c Kc 4s]
Mahu2021: checks 
Goonerbg92: bets 20
Mahu2021: folds 
Uncalled bet (20) returned to Goonerbg92
Goonerbg92 collected 90 from pot
*** SUMMARY ***
Total pot 90 | Rake 0 
Board [6c Kc 4s]
Seat 1: Mahu2021 (big blind) folded on the Flop
Seat 2: Goonerbg92 (button) collected (90)
Seat 3: ersu1010 (small blind) folded before Flop



PokerStars Hand #245997937217: Tournament #3645845189, $0.92+$0.08 USD Hold'em No Limit - Level I (10/20) - 2023/09/16 18:14:21 CET [2023/09/16 12:14:21 ET]
Table '3645845189 1' 3-max Seat #3 is the button
Seat 1: Mahu2021 (580 in chips) 
Seat 2: Goonerbg92 (370 in chips) 
Seat 3: ersu1010 (550 in chips) 
Mahu2021: posts small blind 10
Goonerbg92: posts big blind 20
*** HOLE CARDS ***
Dealt to Mahu2021 [2s Qc]
ersu1010: calls 20
Mahu2021: folds 
Goonerbg92: checks 
*** FLOP *** [Qh Qd Jh]
Goonerbg92: checks 
ersu1010: checks 
*** TURN *** [Qh Qd Jh] [3c]
Goonerbg92: checks 
ersu1010: checks 
*** RIVER *** [Qh Qd Jh 3c] [9d]
Goonerbg92: bets 20
ersu1010: calls 20
*** SHOW DOWN ***
Goonerbg92: shows [3d 6c] (two pair, Queens and Threes)
ersu1010: shows [8s 9h] (two pair, Queens and Nines)
ersu1010 collected 90 from pot
*** SUMMARY ***
Total pot 90 | Rake 0 
Board [Qh Qd Jh 3c 9d]
Seat 1: Mahu2021 (small blind) folded before Flop
Seat 2: Goonerbg92 (big blind) showed [3d 6c] and lost with two pair, Queens and Threes
Seat 3: ersu1010 (button) showed [8s 9h] and won (90) with two pair, Queens and Nines



PokerStars Hand #245997943016: Tournament #3645845189, $0.92+$0.08 USD Hold'em No Limit - Level II (15/30) - 2023/09/16 18:14:41 CET [2023/09/16 12:14:41 ET]
Table '3645845189 1' 3-max Seat #1 is the button
Seat 1: Mahu2021 (570 in chips) 
Seat 2: Goonerbg92 (330 in chips) 
Seat 3: ersu1010 (600 in chips) 
Goonerbg92: posts small blind 15
ersu1010: posts big blind 30
*** HOLE CARDS ***
Dealt to Mahu2021 [Th 9c]
Mahu2021: calls 30
Goonerbg92: folds 
ersu1010: checks 
*** FLOP *** [2d 7c 4d]
ersu1010: checks 
Mahu2021: checks 
*** TURN *** [2d 7c 4d] [3c]
ersu1010: checks 
Mahu2021: checks 
*** RIVER *** [2d 7c 4d 3c] [2h]
ersu1010: checks 
Mahu2021: checks 
*** SHOW DOWN ***
ersu1010: shows [8h 6c] (a pair of Deuces)
Mahu2021: shows [Th 9c] (a pair of Deuces - Ten kicker)
Mahu2021 collected 75 from pot
*** SUMMARY ***
Total pot 75 | Rake 0 
Board [2d 7c 4d 3c 2h]
Seat 1: Mahu2021 (button) showed [Th 9c] and won (75) with a pair of Deuces
Seat 2: Goonerbg92 (small blind) folded before Flop
Seat 3: ersu1010 (big blind) showed [8h 6c] and lost with a pair of Deuces



PokerStars Hand #245997947510: Tournament #3645845189, $0.92+$0.08 USD Hold'em No Limit - Level II (15/30) - 2023/09/16 18:14:57 CET [2023/09/16 12:14:57 ET]
Table '3645845189 1' 3-max Seat #2 is the button
Seat 1: Mahu2021 (615 in chips) 
Seat 2: Goonerbg92 (315 in chips) 
Seat 3: ersu1010 (570 in chips) 
ersu1010: posts small blind 15
Mahu2021: posts big blind 30
*** HOLE CARDS ***
Dealt to Mahu2021 [Qd 7c]
Goonerbg92: calls 30
ersu1010: calls 15
Mahu2021: checks 
*** FLOP *** [4h 9c Jh]
ersu1010: bets 30
Mahu2021: folds 
Goonerbg92: calls 30
*** TURN *** [4h 9c Jh] [2s]
ersu1010: checks 
Goonerbg92: checks 
*** RIVER *** [4h 9c Jh 2s] [Td]
ersu1010: checks 
Goonerbg92: bets 30
ersu1010: calls 30
*** SHOW DOWN ***
Goonerbg92: shows [Tc Qs] (a pair of Tens)
ersu1010: mucks hand 
Goonerbg92 collected 210 from pot
*** SUMMARY ***
Total pot 210 | Rake 0 
Board [4h 9c Jh 2s Td]
Seat 1: Mahu2021 (big blind) folded on the Flop
Seat 2: Goonerbg92 (button) showed [Tc Qs] and won (210) with a pair of Tens
Seat 3: ersu1010 (small blind) mucked [As 7h]



PokerStars Hand #245997953521: Tournament #3645845189, $0.92+$0.08 USD Hold'em No Limit - Level II (15/30) - 2023/09/16 18:15:17 CET [2023/09/16 12:15:17 ET]
Table '3645845189 1' 3-max Seat #3 is the button
Seat 1: Mahu2021 (585 in chips) 
Seat 2: Goonerbg92 (435 in chips) 
Seat 3: ersu1010 (480 in chips) 
Mahu2021: posts small blind 15
Goonerbg92: posts big blind 30
*** HOLE CARDS ***
Dealt to Mahu2021 [8c 2d]
ersu1010: folds 
Mahu2021: folds 
Uncalled bet (15) returned to Goonerbg92
Goonerbg92 collected 30 from pot
*** SUMMARY ***
Total pot 30 | Rake 0 
Seat 1: Mahu2021 (small blind) folded before Flop
Seat 2: Goonerbg92 (big blind) collected (30)
Seat 3: ersu1010 (button) folded before Flop (didn't bet)



PokerStars Hand #245997954868: Tournament #3645845189, $0.92+$0.08 USD Hold'em No Limit - Level II (15/30) - 2023/09/16 18:15:22 CET [2023/09/16 12:15:22 ET]
Table '3645845189 1' 3-max Seat #1 is the button
Seat 1: Mahu2021 (570 in chips) 
Seat 2: Goonerbg92 (450 in chips) 
Seat 3: ersu1010 (480 in chips) 
Goonerbg92: posts small blind 15
ersu1010: posts big blind 30
*** HOLE CARDS ***
Dealt to Mahu2021 [Th 2c]
Mahu2021: folds 
Goonerbg92: calls 15
ersu1010: checks 
*** FLOP *** [8c 6h Jh]
Goonerbg92: checks 
ersu1010: bets 30
Goonerbg92: folds 
Uncalled bet (30) returned to ersu1010
ersu1010 collected 60 from pot
ersu1010: doesn't show hand 
*** SUMMARY ***
Total pot 60 | Rake 0 
Board [8c 6h Jh]
Seat 1: Mahu2021 (button) folded before Flop (didn't bet)
Seat 2: Goonerbg92 (small blind) folded on the Flop
Seat 3: ersu1010 (big blind) collected (60)



PokerStars Hand #245997958979: Tournament #3645845189, $0.92+$0.08 USD Hold'em No Limit - Level II (15/30) - 2023/09/16 18:15:36 CET [2023/09/16 12:15:36 ET]
Table '3645845189 1' 3-max Seat #2 is the button
Seat 1: Mahu2021 (570 in chips) 
Seat 2: Goonerbg92 (420 in chips) 
Seat 3: ersu1010 (510 in chips) 
ersu1010: posts small blind 15
Mahu2021: posts big blind 30
*** HOLE CARDS ***
Dealt to Mahu2021 [4d 7d]
Goonerbg92: calls 30
ersu1010: calls 15
Mahu2021: checks 
*** FLOP *** [3c 8h 9c]
ersu1010: checks 
Mahu2021: checks 
Goonerbg92: checks 
*** TURN *** [3c 8h 9c] [Kd]
ersu1010: checks 
Mahu2021: checks 
Goonerbg92: checks 
*** RIVER *** [3c 8h 9c Kd] [2d]
ersu1010: checks 
Mahu2021: checks 
Goonerbg92: checks 
*** SHOW DOWN ***
ersu1010: shows [7h As] (high card Ace)
Mahu2021: mucks hand 
Goonerbg92: shows [Qs 2c] (a pair of Deuces)
Goonerbg92 collected 90 from pot
*** SUMMARY ***
Total pot 90 | Rake 0 
Board [3c 8h 9c Kd 2d]
Seat 1: Mahu2021 (big blind) mucked [4d 7d]
Seat 2: Goonerbg92 (button) showed [Qs 2c] and won (90) with a pair of Deuces
Seat 3: ersu1010 (small blind) showed [7h As] and lost with high card Ace



PokerStars Hand #245997963702: Tournament #3645845189, $0.92+$0.08 USD Hold'em No Limit - Level II (15/30) - 2023/09/16 18:15:52 CET [2023/09/16 12:15:52 ET]
Table '3645845189 1' 3-max Seat #3 is the button
Seat 1: Mahu2021 (540 in chips) 
Seat 2: Goonerbg92 (480 in chips) 
Seat 3: ersu1010 (480 in chips) 
Mahu2021: posts small blind 15
Goonerbg92: posts big blind 30
*** HOLE CARDS ***
Dealt to Mahu2021 [6h 3s]
ersu1010: calls 30
Mahu2021: calls 15
Goonerbg92: checks 
*** FLOP *** [Qd 5h 9h]
Mahu2021: checks 
Goonerbg92: checks 
ersu1010: checks 
*** TURN *** [Qd 5h 9h] [2c]
Mahu2021: checks 
Goonerbg92: checks 
ersu1010: checks 
*** RIVER *** [Qd 5h 9h 2c] [Jd]
Mahu2021: checks 
Goonerbg92: checks 
ersu1010: checks 
*** SHOW DOWN ***
Mahu2021: shows [6h 3s] (high card Queen)
Goonerbg92: shows [Kc 2d] (a pair of Deuces)
ersu1010: mucks hand 
Goonerbg92 collected 90 from pot
*** SUMMARY ***
Total pot 90 | Rake 0 
Board [Qd 5h 9h 2c Jd]
Seat 1: Mahu2021 (small blind) showed [6h 3s] and lost with high card Queen
Seat 2: Goonerbg92 (big blind) showed [Kc 2d] and won (90) with a pair of Deuces
Seat 3: ersu1010 (button) mucked [7d Td]



PokerStars Hand #245997968566: Tournament #3645845189, $0.92+$0.08 USD Hold'em No Limit - Level II (15/30) - 2023/09/16 18:16:08 CET [2023/09/16 12:16:08 ET]
Table '3645845189 1' 3-max Seat #1 is the button
Seat 1: Mahu2021 (510 in chips) 
Seat 2: Goonerbg92 (540 in chips) 
Seat 3: ersu1010 (450 in chips) 
Goonerbg92: posts small blind 15
ersu1010: posts big blind 30
*** HOLE CARDS ***
Dealt to Mahu2021 [5d Ts]
Mahu2021: folds 
Goonerbg92: calls 15
ersu1010: checks 
*** FLOP *** [4s 2c Tc]
Goonerbg92: bets 30
ersu1010: calls 30
*** TURN *** [4s 2c Tc] [4c]
Goonerbg92: bets 30
ersu1010: calls 30
*** RIVER *** [4s 2c Tc 4c] [4d]
Goonerbg92: bets 120
ersu1010: folds 
Uncalled bet (120) returned to Goonerbg92
Goonerbg92 collected 180 from pot
*** SUMMARY ***
Total pot 180 | Rake 0 
Board [4s 2c Tc 4c 4d]
Seat 1: Mahu2021 (button) folded before Flop (didn't bet)
Seat 2: Goonerbg92 (small blind) collected (180)
Seat 3: ersu1010 (big blind) folded on the River



PokerStars Hand #245997975106: Tournament #3645845189, $0.92+$0.08 USD Hold'em No Limit - Level III (20/40) - 2023/09/16 18:16:31 CET [2023/09/16 12:16:31 ET]
Table '3645845189 1' 3-max Seat #2 is the button
Seat 1: Mahu2021 (510 in chips) 
Seat 2: Goonerbg92 (630 in chips) 
Seat 3: ersu1010 (360 in chips) 
ersu1010: posts small blind 20
Mahu2021: posts big blind 40
*** HOLE CARDS ***
Dealt to Mahu2021 [4s Jh]
Goonerbg92: folds 
ersu1010: calls 20
Mahu2021: checks 
*** FLOP *** [3c As Kc]
ersu1010: checks 
Mahu2021: bets 40
ersu1010: calls 40
*** TURN *** [3c As Kc] [Js]
ersu1010: checks 
Mahu2021: checks 
*** RIVER *** [3c As Kc Js] [5h]
ersu1010: checks 
Mahu2021: checks 
*** SHOW DOWN ***
ersu1010: shows [9c 6c] (high card Ace)
Mahu2021: shows [4s Jh] (a pair of Jacks)
Mahu2021 collected 160 from pot
*** SUMMARY ***
Total pot 160 | Rake 0 
Board [3c As Kc Js 5h]
Seat 1: Mahu2021 (big blind) showed [4s Jh] and won (160) with a pair of Jacks
Seat 2: Goonerbg92 (button) folded before Flop (didn't bet)
Seat 3: ersu1010 (small blind) showed [9c 6c] and lost with high card Ace



PokerStars Hand #245997980043: Tournament #3645845189, $0.92+$0.08 USD Hold'em No Limit - Level III (20/40) - 2023/09/16 18:16:48 CET [2023/09/16 12:16:48 ET]
Table '3645845189 1' 3-max Seat #3 is the button
Seat 1: Mahu2021 (590 in chips) 
Seat 2: Goonerbg92 (630 in chips) 
Seat 3: ersu1010 (280 in chips) 
Mahu2021: posts small blind 20
Goonerbg92: posts big blind 40
*** HOLE CARDS ***
Dealt to Mahu2021 [5h 3d]
ersu1010: folds 
Mahu2021: calls 20
Goonerbg92: checks 
*** FLOP *** [Js 6c Th]
Mahu2021: checks 
Goonerbg92: bets 40
Mahu2021: folds 
Uncalled bet (40) returned to Goonerbg92
Goonerbg92 collected 80 from pot
*** SUMMARY ***
Total pot 80 | Rake 0 
Board [Js 6c Th]
Seat 1: Mahu2021 (small blind) folded on the Flop
Seat 2: Goonerbg92 (big blind) collected (80)
Seat 3: ersu1010 (button) folded before Flop (didn't bet)



PokerStars Hand #245997983078: Tournament #3645845189, $0.92+$0.08 USD Hold'em No Limit - Level III (20/40) - 2023/09/16 18:16:58 CET [2023/09/16 12:16:58 ET]
Table '3645845189 1' 3-max Seat #1 is the button
Seat 1: Mahu2021 (550 in chips) 
Seat 2: Goonerbg92 (670 in chips) 
Seat 3: ersu1010 (280 in chips) 
Goonerbg92: posts small blind 20
ersu1010: posts big blind 40
*** HOLE CARDS ***
Dealt to Mahu2021 [Qc Qd]
Mahu2021: raises 80 to 120
Goonerbg92: folds 
ersu1010: folds 
Uncalled bet (80) returned to Mahu2021
Mahu2021 collected 100 from pot
Mahu2021: doesn't show hand 
*** SUMMARY ***
Total pot 100 | Rake 0 
Seat 1: Mahu2021 (button) collected (100)
Seat 2: Goonerbg92 (small blind) folded before Flop
Seat 3: ersu1010 (big blind) folded before Flop



PokerStars Hand #245997985627: Tournament #3645845189, $0.92+$0.08 USD Hold'em No Limit - Level III (20/40) - 2023/09/16 18:17:07 CET [2023/09/16 12:17:07 ET]
Table '3645845189 1' 3-max Seat #2 is the button
Seat 1: Mahu2021 (610 in chips) 
Seat 2: Goonerbg92 (650 in chips) 
Seat 3: ersu1010 (240 in chips) 
ersu1010: posts small blind 20
Mahu2021: posts big blind 40
*** HOLE CARDS ***
Dealt to Mahu2021 [5c 7h]
Goonerbg92: calls 40
ersu1010: calls 20
Mahu2021: checks 
*** FLOP *** [Kc Qs 8c]
ersu1010: bets 40
Mahu2021: folds 
Goonerbg92: calls 40
*** TURN *** [Kc Qs 8c] [2h]
ersu1010: bets 160 and is all-in
Goonerbg92: calls 160
*** RIVER *** [Kc Qs 8c 2h] [3h]
*** SHOW DOWN ***
ersu1010: shows [Kd Qd] (two pair, Kings and Queens)
Goonerbg92: shows [Js Td] (high card King)
ersu1010 collected 520 from pot
*** SUMMARY ***
Total pot 520 | Rake 0 
Board [Kc Qs 8c 2h 3h]
Seat 1: Mahu2021 (big blind) folded on the Flop
Seat 2: Goonerbg92 (button) showed [Js Td] and lost with high card King
Seat 3: ersu1010 (small blind) showed [Kd Qd] and won (520) with two pair, Kings and Queens



PokerStars Hand #245997992552: Tournament #3645845189, $0.92+$0.08 USD Hold'em No Limit - Level III (20/40) - 2023/09/16 18:17:31 CET [2023/09/16 12:17:31 ET]
Table '3645845189 1' 3-max Seat #3 is the button
Seat 1: Mahu2021 (570 in chips) 
Seat 2: Goonerbg92 (410 in chips) 
Seat 3: ersu1010 (520 in chips) 
Mahu2021: posts small blind 20
Goonerbg92: posts big blind 40
*** HOLE CARDS ***
Dealt to Mahu2021 [7d 8d]
ersu1010: calls 40
Mahu2021: calls 20
Goonerbg92: checks 
*** FLOP *** [8s 3d Js]
Mahu2021: bets 40
Goonerbg92: calls 40
ersu1010: calls 40
*** TURN *** [8s 3d Js] [Ks]
Mahu2021: checks 
Goonerbg92: checks 
ersu1010: checks 
*** RIVER *** [8s 3d Js Ks] [6d]
Mahu2021: checks 
Goonerbg92: checks 
ersu1010: checks 
*** SHOW DOWN ***
Mahu2021: shows [7d 8d] (a pair of Eights)
Goonerbg92: mucks hand 
ersu1010: shows [Qs Jh] (a pair of Jacks)
ersu1010 collected 240 from pot
*** SUMMARY ***
Total pot 240 | Rake 0 
Board [8s 3d Js Ks 6d]
Seat 1: Mahu2021 (small blind) showed [7d 8d] and lost with a pair of Eights
Seat 2: Goonerbg92 (big blind) mucked [Td 9c]
Seat 3: ersu1010 (button) showed [Qs Jh] and won (240) with a pair of Jacks



PokerStars Hand #245997997944: Tournament #3645845189, $0.92+$0.08 USD Hold'em No Limit - Level III (20/40) - 2023/09/16 18:17:49 CET [2023/09/16 12:17:49 ET]
Table '3645845189 1' 3-max Seat #1 is the button
Seat 1: Mahu2021 (490 in chips) 
Seat 2: Goonerbg92 (330 in chips) 
Seat 3: ersu1010 (680 in chips) 
Goonerbg92: posts small blind 20
ersu1010: posts big blind 40
*** HOLE CARDS ***
Dealt to Mahu2021 [Tc 6c]
Mahu2021: raises 40 to 80
Goonerbg92: calls 60
ersu1010: calls 40
*** FLOP *** [Jh 2h 5d]
Goonerbg92: checks 
ersu1010: bets 80
Mahu2021: folds 
Goonerbg92: folds 
Uncalled bet (80) returned to ersu1010
ersu1010 collected 240 from pot
ersu1010: doesn't show hand 
*** SUMMARY ***
Total pot 240 | Rake 0 
Board [Jh 2h 5d]
Seat 1: Mahu2021 (button) folded on the Flop
Seat 2: Goonerbg92 (small blind) folded on the Flop
Seat 3: ersu1010 (big blind) collected (240)



PokerStars Hand #245998001912: Tournament #3645845189, $0.92+$0.08 USD Hold'em No Limit - Level III (20/40) - 2023/09/16 18:18:03 CET [2023/09/16 12:18:03 ET]
Table '3645845189 1' 3-max Seat #2 is the button
Seat 1: Mahu2021 (410 in chips) 
Seat 2: Goonerbg92 (250 in chips) 
Seat 3: ersu1010 (840 in chips) 
ersu1010: posts small blind 20
Mahu2021: posts big blind 40
*** HOLE CARDS ***
Dealt to Mahu2021 [4c 9h]
Goonerbg92: folds 
ersu1010: calls 20
Mahu2021: checks 
*** FLOP *** [8c Jh Ah]
ersu1010: bets 40
Mahu2021: folds 
Uncalled bet (40) returned to ersu1010
ersu1010 collected 80 from pot
ersu1010: doesn't show hand 
*** SUMMARY ***
Total pot 80 | Rake 0 
Board [8c Jh Ah]
Seat 1: Mahu2021 (big blind) folded on the Flop
Seat 2: Goonerbg92 (button) folded before Flop (didn't bet)
Seat 3: ersu1010 (small blind) collected (80)



PokerStars Hand #245998004716: Tournament #3645845189, $0.92+$0.08 USD Hold'em No Limit - Level III (20/40) - 2023/09/16 18:18:13 CET [2023/09/16 12:18:13 ET]
Table '3645845189 1' 3-max Seat #3 is the button
Seat 1: Mahu2021 (370 in chips) 
Seat 2: Goonerbg92 (250 in chips) 
Seat 3: ersu1010 (880 in chips) 
Mahu2021: posts small blind 20
Goonerbg92: posts big blind 40
*** HOLE CARDS ***
Dealt to Mahu2021 [2d Kc]
ersu1010: calls 40
Mahu2021: calls 20
Goonerbg92: checks 
*** FLOP *** [3c 7c Td]
Mahu2021: checks 
Goonerbg92: checks 
ersu1010: bets 80
Mahu2021: folds 
Goonerbg92: folds 
Uncalled bet (80) returned to ersu1010
ersu1010 collected 120 from pot
ersu1010: doesn't show hand 
*** SUMMARY ***
Total pot 120 | Rake 0 
Board [3c 7c Td]
Seat 1: Mahu2021 (small blind) folded on the Flop
Seat 2: Goonerbg92 (big blind) folded on the Flop
Seat 3: ersu1010 (button) collected (120)



PokerStars Hand #245998011229: Tournament #3645845189, $0.92+$0.08 USD Hold'em No Limit - Level IV (30/60) - 2023/09/16 18:18:35 CET [2023/09/16 12:18:35 ET]
Table '3645845189 1' 3-max Seat #1 is the button
Seat 1: Mahu2021 (330 in chips) 
Seat 2: Goonerbg92 (210 in chips) 
Seat 3: ersu1010 (960 in chips) 
Goonerbg92: posts small blind 30
ersu1010: posts big blind 60
*** HOLE CARDS ***
Dealt to Mahu2021 [Jc Td]
Mahu2021: raises 60 to 120
Goonerbg92: raises 90 to 210 and is all-in
ersu1010: calls 150
Mahu2021: calls 90
*** FLOP *** [Qs 5s 4h]
ersu1010: checks 
Mahu2021: checks 
*** TURN *** [Qs 5s 4h] [3h]
ersu1010: checks 
Mahu2021: checks 
*** RIVER *** [Qs 5s 4h 3h] [Kc]
ersu1010: checks 
Mahu2021: checks 
*** SHOW DOWN ***
Goonerbg92: shows [Ad Kh] (a pair of Kings)
ersu1010: mucks hand 
Mahu2021: mucks hand 
Goonerbg92 collected 630 from pot
*** SUMMARY ***
Total pot 630 | Rake 0 
Board [Qs 5s 4h 3h Kc]
Seat 1: Mahu2021 (button) mucked [Jc Td]
Seat 2: Goonerbg92 (small blind) showed [Ad Kh] and won (630) with a pair of Kings
Seat 3: ersu1010 (big blind) mucked [9c Ah]



PokerStars Hand #245998016890: Tournament #3645845189, $0.92+$0.08 USD Hold'em No Limit - Level IV (30/60) - 2023/09/16 18:18:54 CET [2023/09/16 12:18:54 ET]
Table '3645845189 1' 3-max Seat #2 is the button
Seat 1: Mahu2021 (120 in chips) 
Seat 2: Goonerbg92 (630 in chips) 
Seat 3: ersu1010 (750 in chips) 
ersu1010: posts small blind 30
Mahu2021: posts big blind 60
*** HOLE CARDS ***
Dealt to Mahu2021 [Kd 3h]
Goonerbg92: calls 60
ersu1010: folds 
Mahu2021: raises 60 to 120 and is all-in
Goonerbg92: calls 60
*** FLOP *** [Jc 8d Qd]
*** TURN *** [Jc 8d Qd] [9s]
*** RIVER *** [Jc 8d Qd 9s] [2h]
*** SHOW DOWN ***
Mahu2021: shows [Kd 3h] (high card King)
Goonerbg92: shows [4s Kh] (high card King)
Mahu2021 collected 135 from pot
Goonerbg92 collected 135 from pot
*** SUMMARY ***
Total pot 270 | Rake 0 
Board [Jc 8d Qd 9s 2h]
Seat 1: Mahu2021 (big blind) showed [Kd 3h] and won (135) with high card King
Seat 2: Goonerbg92 (button) showed [4s Kh] and won (135) with high card King
Seat 3: ersu1010 (small blind) folded before Flop



PokerStars Hand #245998021626: Tournament #3645845189, $0.92+$0.08 USD Hold'em No Limit - Level IV (30/60) - 2023/09/16 18:19:10 CET [2023/09/16 12:19:10 ET]
Table '3645845189 1' 3-max Seat #3 is the button
Seat 1: Mahu2021 (135 in chips) 
Seat 2: Goonerbg92 (645 in chips) 
Seat 3: ersu1010 (720 in chips) 
Mahu2021: posts small blind 30
Goonerbg92: posts big blind 60
*** HOLE CARDS ***
Dealt to Mahu2021 [8c 4h]
ersu1010: raises 60 to 120
Mahu2021: folds 
Goonerbg92: calls 60
*** FLOP *** [5s 3h 5c]
Goonerbg92: checks 
ersu1010: bets 120
Goonerbg92: folds 
Uncalled bet (120) returned to ersu1010
ersu1010 collected 270 from pot
ersu1010: doesn't show hand 
*** SUMMARY ***
Total pot 270 | Rake 0 
Board [5s 3h 5c]
Seat 1: Mahu2021 (small blind) folded before Flop
Seat 2: Goonerbg92 (big blind) folded on the Flop
Seat 3: ersu1010 (button) collected (270)



PokerStars Hand #245998024942: Tournament #3645845189, $0.92+$0.08 USD Hold'em No Limit - Level IV (30/60) - 2023/09/16 18:19:22 CET [2023/09/16 12:19:22 ET]
Table '3645845189 1' 3-max Seat #1 is the button
Seat 1: Mahu2021 (105 in chips) 
Seat 2: Goonerbg92 (525 in chips) 
Seat 3: ersu1010 (870 in chips) 
Goonerbg92: posts small blind 30
ersu1010: posts big blind 60
*** HOLE CARDS ***
Dealt to Mahu2021 [8c 4d]
Mahu2021: folds 
Goonerbg92: raises 60 to 120
ersu1010: folds 
Uncalled bet (60) returned to Goonerbg92
Goonerbg92 collected 120 from pot
*** SUMMARY ***
Total pot 120 | Rake 0 
Seat 1: Mahu2021 (button) folded before Flop (didn't bet)
Seat 2: Goonerbg92 (small blind) collected (120)
Seat 3: ersu1010 (big blind) folded before Flop



PokerStars Hand #245998026759: Tournament #3645845189, $0.92+$0.08 USD Hold'em No Limit - Level IV (30/60) - 2023/09/16 18:19:28 CET [2023/09/16 12:19:28 ET]
Table '3645845189 1' 3-max Seat #2 is the button
Seat 1: Mahu2021 (105 in chips) 
Seat 2: Goonerbg92 (585 in chips) 
Seat 3: ersu1010 (810 in chips) 
ersu1010: posts small blind 30
Mahu2021: posts big blind 60
*** HOLE CARDS ***
Dealt to Mahu2021 [9c Qs]
Goonerbg92: folds 
ersu1010: calls 30
Mahu2021: raises 45 to 105 and is all-in
ersu1010: calls 45
*** FLOP *** [Kd Jd As]
*** TURN *** [Kd Jd As] [6h]
*** RIVER *** [Kd Jd As 6h] [9d]
*** SHOW DOWN ***
ersu1010: shows [Ks Th] (a pair of Kings)
Mahu2021: shows [9c Qs] (a pair of Nines)
ersu1010 collected 210 from pot
Mahu2021 finished the tournament in 3rd place
*** SUMMARY ***
Total pot 210 | Rake 0 
Board [Kd Jd As 6h 9d]
Seat 1: Mahu2021 (big blind) showed [9c Qs] and lost with a pair of Nines
Seat 2: Goonerbg92 (button) folded before Flop (didn't bet)
Seat 3: ersu1010 (small blind) showed [Ks Th] and won (210) with a pair of Kings



