PokerStars Hand #253517056863: Tournament #3826119233, $1.84+$0.16 USD Hold'em No Limit - Level I (10/20) - 2024/11/22 10:39:54 CET [2024/11/22 4:39:54 ET]
Table '3826119233 1' 3-max Seat #1 is the button
Seat 1: kRISTINA-ID (500 in chips) 
Seat 2: pokerbig13 (500 in chips) 
Seat 3: Mahu2021 (500 in chips) 
pokerbig13: posts small blind 10
Mahu2021: posts big blind 20
*** HOLE CARDS ***
Dealt to Mahu2021 [8c 4d]
kRISTINA-ID: calls 20
pokerbig13: raises 40 to 60
Mahu2021: folds 
kRISTINA-ID: calls 40
*** FLOP *** [3h 2s 8h]
pokerbig13: checks 
kRISTINA-ID: checks 
*** TURN *** [3h 2s 8h] [2h]
pokerbig13: checks 
kRISTINA-ID: checks 
*** RIVER *** [3h 2s 8h 2h] [Kc]
pokerbig13: checks 
kRISTINA-ID: bets 40
pokerbig13: folds 
Uncalled bet (40) returned to kRISTINA-ID
kRISTINA-ID collected 140 from pot
kRISTINA-ID: doesn't show hand 
*** SUMMARY ***
Total pot 140 | Rake 0 
Board [3h 2s 8h 2h Kc]
Seat 1: kRISTINA-ID (button) collected (140)
Seat 2: pokerbig13 (small blind) folded on the River
Seat 3: Mahu2021 (big blind) folded before Flop



PokerStars Hand #253517061505: Tournament #3826119233, $1.84+$0.16 USD Hold'em No Limit - Level I (10/20) - 2024/11/22 10:40:43 CET [2024/11/22 4:40:43 ET]
Table '3826119233 1' 3-max Seat #2 is the button
Seat 1: kRISTINA-ID (580 in chips) 
Seat 2: pokerbig13 (440 in chips) 
Seat 3: Mahu2021 (480 in chips) 
Mahu2021: posts small blind 10
kRISTINA-ID: posts big blind 20
*** HOLE CARDS ***
Dealt to Mahu2021 [Ad 9h]
pokerbig13: folds 
Mahu2021: raises 40 to 60
kRISTINA-ID: folds 
Uncalled bet (40) returned to Mahu2021
Mahu2021 collected 40 from pot
Mahu2021: doesn't show hand 
*** SUMMARY ***
Total pot 40 | Rake 0 
Seat 1: kRISTINA-ID (big blind) folded before Flop
Seat 2: pokerbig13 (button) folded before Flop (didn't bet)
Seat 3: Mahu2021 (small blind) collected (40)



PokerStars Hand #253517062951: Tournament #3826119233, $1.84+$0.16 USD Hold'em No Limit - Level I (10/20) - 2024/11/22 10:40:59 CET [2024/11/22 4:40:59 ET]
Table '3826119233 1' 3-max Seat #3 is the button
Seat 1: kRISTINA-ID (560 in chips) 
Seat 2: pokerbig13 (440 in chips) 
Seat 3: Mahu2021 (500 in chips) 
kRISTINA-ID: posts small blind 10
pokerbig13: posts big blind 20
*** HOLE CARDS ***
Dealt to Mahu2021 [Kd Th]
Mahu2021: raises 20 to 40
kRISTINA-ID: folds 
pokerbig13: calls 20
*** FLOP *** [8s Ts 4c]
pokerbig13: bets 20
Mahu2021: calls 20
*** TURN *** [8s Ts 4c] [2s]
pokerbig13: bets 20
Mahu2021: calls 20
*** RIVER *** [8s Ts 4c 2s] [3h]
pokerbig13: bets 20
Mahu2021: calls 20
*** SHOW DOWN ***
pokerbig13: shows [Js 8h] (a pair of Eights)
Mahu2021: shows [Kd Th] (a pair of Tens)
Mahu2021 collected 210 from pot
*** SUMMARY ***
Total pot 210 | Rake 0 
Board [8s Ts 4c 2s 3h]
Seat 1: kRISTINA-ID (small blind) folded before Flop
Seat 2: pokerbig13 (big blind) showed [Js 8h] and lost with a pair of Eights
Seat 3: Mahu2021 (button) showed [Kd Th] and won (210) with a pair of Tens



PokerStars Hand #253517064972: Tournament #3826119233, $1.84+$0.16 USD Hold'em No Limit - Level I (10/20) - 2024/11/22 10:41:19 CET [2024/11/22 4:41:19 ET]
Table '3826119233 1' 3-max Seat #1 is the button
Seat 1: kRISTINA-ID (550 in chips) 
Seat 2: pokerbig13 (340 in chips) 
Seat 3: Mahu2021 (610 in chips) 
pokerbig13: posts small blind 10
Mahu2021: posts big blind 20
*** HOLE CARDS ***
Dealt to Mahu2021 [3s Qc]
kRISTINA-ID has timed out
kRISTINA-ID: folds 
kRISTINA-ID is sitting out
pokerbig13: raises 20 to 40
Mahu2021: folds 
Uncalled bet (20) returned to pokerbig13
pokerbig13 collected 40 from pot
*** SUMMARY ***
Total pot 40 | Rake 0 
Seat 1: kRISTINA-ID (button) folded before Flop (didn't bet)
Seat 2: pokerbig13 (small blind) collected (40)
Seat 3: Mahu2021 (big blind) folded before Flop



PokerStars Hand #253517066747: Tournament #3826119233, $1.84+$0.16 USD Hold'em No Limit - Level I (10/20) - 2024/11/22 10:41:38 CET [2024/11/22 4:41:38 ET]
Table '3826119233 1' 3-max Seat #2 is the button
Seat 1: kRISTINA-ID (550 in chips) is sitting out
Seat 2: pokerbig13 (360 in chips) 
Seat 3: Mahu2021 (590 in chips) 
Mahu2021: posts small blind 10
kRISTINA-ID: posts big blind 20
*** HOLE CARDS ***
Dealt to Mahu2021 [2h 9d]
kRISTINA-ID has returned
pokerbig13: raises 20 to 40
Mahu2021: folds 
kRISTINA-ID: calls 20
*** FLOP *** [Ks Jh 4c]
kRISTINA-ID: checks 
pokerbig13: bets 20
kRISTINA-ID: folds 
Uncalled bet (20) returned to pokerbig13
pokerbig13 collected 90 from pot
*** SUMMARY ***
Total pot 90 | Rake 0 
Board [Ks Jh 4c]
Seat 1: kRISTINA-ID (big blind) folded on the Flop
Seat 2: pokerbig13 (button) collected (90)
Seat 3: Mahu2021 (small blind) folded before Flop



PokerStars Hand #253517068318: Tournament #3826119233, $1.84+$0.16 USD Hold'em No Limit - Level I (10/20) - 2024/11/22 10:41:54 CET [2024/11/22 4:41:54 ET]
Table '3826119233 1' 3-max Seat #3 is the button
Seat 1: kRISTINA-ID (510 in chips) 
Seat 2: pokerbig13 (410 in chips) 
Seat 3: Mahu2021 (580 in chips) 
kRISTINA-ID: posts small blind 10
pokerbig13: posts big blind 20
*** HOLE CARDS ***
Dealt to Mahu2021 [Kc Ac]
Mahu2021: raises 40 to 60
kRISTINA-ID: folds 
pokerbig13: calls 40
*** FLOP *** [3c 2d 3s]
pokerbig13: checks 
Mahu2021: checks 
*** TURN *** [3c 2d 3s] [Ad]
pokerbig13: checks 
Mahu2021: bets 130
pokerbig13: folds 
Uncalled bet (130) returned to Mahu2021
Mahu2021 collected 130 from pot
Mahu2021: doesn't show hand 
*** SUMMARY ***
Total pot 130 | Rake 0 
Board [3c 2d 3s Ad]
Seat 1: kRISTINA-ID (small blind) folded before Flop
Seat 2: pokerbig13 (big blind) folded on the Turn
Seat 3: Mahu2021 (button) collected (130)



PokerStars Hand #253517070919: Tournament #3826119233, $1.84+$0.16 USD Hold'em No Limit - Level I (10/20) - 2024/11/22 10:42:20 CET [2024/11/22 4:42:20 ET]
Table '3826119233 1' 3-max Seat #1 is the button
Seat 1: kRISTINA-ID (500 in chips) 
Seat 2: pokerbig13 (350 in chips) 
Seat 3: Mahu2021 (650 in chips) 
pokerbig13: posts small blind 10
Mahu2021: posts big blind 20
*** HOLE CARDS ***
Dealt to Mahu2021 [4c 9c]
kRISTINA-ID: folds 
pokerbig13: raises 20 to 40
Mahu2021: folds 
Uncalled bet (20) returned to pokerbig13
pokerbig13 collected 40 from pot
*** SUMMARY ***
Total pot 40 | Rake 0 
Seat 1: kRISTINA-ID (button) folded before Flop (didn't bet)
Seat 2: pokerbig13 (small blind) collected (40)
Seat 3: Mahu2021 (big blind) folded before Flop



PokerStars Hand #253517072095: Tournament #3826119233, $1.84+$0.16 USD Hold'em No Limit - Level I (10/20) - 2024/11/22 10:42:32 CET [2024/11/22 4:42:32 ET]
Table '3826119233 1' 3-max Seat #2 is the button
Seat 1: kRISTINA-ID (500 in chips) 
Seat 2: pokerbig13 (370 in chips) 
Seat 3: Mahu2021 (630 in chips) 
Mahu2021: posts small blind 10
kRISTINA-ID: posts big blind 20
*** HOLE CARDS ***
Dealt to Mahu2021 [4d 7d]
pokerbig13: raises 50 to 70
Mahu2021: folds 
kRISTINA-ID: raises 430 to 500 and is all-in
pokerbig13: calls 300 and is all-in
Uncalled bet (130) returned to kRISTINA-ID
*** FLOP *** [Qh Ts 7s]
*** TURN *** [Qh Ts 7s] [9d]
*** RIVER *** [Qh Ts 7s 9d] [Qd]
*** SHOW DOWN ***
kRISTINA-ID: shows [Ah Ad] (two pair, Aces and Queens)
pokerbig13: shows [Ac As] (two pair, Aces and Queens)
kRISTINA-ID collected 375 from pot
pokerbig13 collected 375 from pot
*** SUMMARY ***
Total pot 750 | Rake 0 
Board [Qh Ts 7s 9d Qd]
Seat 1: kRISTINA-ID (big blind) showed [Ah Ad] and won (375) with two pair, Aces and Queens
Seat 2: pokerbig13 (button) showed [Ac As] and won (375) with two pair, Aces and Queens
Seat 3: Mahu2021 (small blind) folded before Flop



PokerStars Hand #253517074102: Tournament #3826119233, $1.84+$0.16 USD Hold'em No Limit - Level I (10/20) - 2024/11/22 10:42:53 CET [2024/11/22 4:42:53 ET]
Table '3826119233 1' 3-max Seat #3 is the button
Seat 1: kRISTINA-ID (505 in chips) 
Seat 2: pokerbig13 (375 in chips) 
Seat 3: Mahu2021 (620 in chips) 
kRISTINA-ID: posts small blind 10
pokerbig13: posts big blind 20
*** HOLE CARDS ***
Dealt to Mahu2021 [Tc Qh]
Mahu2021: folds 
kRISTINA-ID: folds 
Uncalled bet (10) returned to pokerbig13
pokerbig13 collected 20 from pot
*** SUMMARY ***
Total pot 20 | Rake 0 
Seat 1: kRISTINA-ID (small blind) folded before Flop
Seat 2: pokerbig13 (big blind) collected (20)
Seat 3: Mahu2021 (button) folded before Flop (didn't bet)



PokerStars Hand #253517075658: Tournament #3826119233, $1.84+$0.16 USD Hold'em No Limit - Level II (15/30) - 2024/11/22 10:43:09 CET [2024/11/22 4:43:09 ET]
Table '3826119233 1' 3-max Seat #1 is the button
Seat 1: kRISTINA-ID (495 in chips) 
Seat 2: pokerbig13 (385 in chips) 
Seat 3: Mahu2021 (620 in chips) 
pokerbig13: posts small blind 15
Mahu2021: posts big blind 30
*** HOLE CARDS ***
Dealt to Mahu2021 [8c Ac]
kRISTINA-ID: raises 30 to 60
pokerbig13: calls 45
Mahu2021: calls 30
*** FLOP *** [Td Js 4h]
pokerbig13: checks 
Mahu2021: checks 
kRISTINA-ID: bets 180
pokerbig13: folds 
Mahu2021: folds 
Uncalled bet (180) returned to kRISTINA-ID
kRISTINA-ID collected 180 from pot
kRISTINA-ID: doesn't show hand 
*** SUMMARY ***
Total pot 180 | Rake 0 
Board [Td Js 4h]
Seat 1: kRISTINA-ID (button) collected (180)
Seat 2: pokerbig13 (small blind) folded on the Flop
Seat 3: Mahu2021 (big blind) folded on the Flop



PokerStars Hand #253517077662: Tournament #3826119233, $1.84+$0.16 USD Hold'em No Limit - Level II (15/30) - 2024/11/22 10:43:30 CET [2024/11/22 4:43:30 ET]
Table '3826119233 1' 3-max Seat #2 is the button
Seat 1: kRISTINA-ID (615 in chips) 
Seat 2: pokerbig13 (325 in chips) 
Seat 3: Mahu2021 (560 in chips) 
Mahu2021: posts small blind 15
kRISTINA-ID: posts big blind 30
*** HOLE CARDS ***
Dealt to Mahu2021 [9d 3d]
pokerbig13: raises 30 to 60
Mahu2021: folds 
kRISTINA-ID: folds 
Uncalled bet (30) returned to pokerbig13
pokerbig13 collected 75 from pot
*** SUMMARY ***
Total pot 75 | Rake 0 
Seat 1: kRISTINA-ID (big blind) folded before Flop
Seat 2: pokerbig13 (button) collected (75)
Seat 3: Mahu2021 (small blind) folded before Flop



PokerStars Hand #253517078415: Tournament #3826119233, $1.84+$0.16 USD Hold'em No Limit - Level II (15/30) - 2024/11/22 10:43:37 CET [2024/11/22 4:43:37 ET]
Table '3826119233 1' 3-max Seat #3 is the button
Seat 1: kRISTINA-ID (585 in chips) 
Seat 2: pokerbig13 (370 in chips) 
Seat 3: Mahu2021 (545 in chips) 
kRISTINA-ID: posts small blind 15
pokerbig13: posts big blind 30
*** HOLE CARDS ***
Dealt to Mahu2021 [6c 8c]
Mahu2021: folds 
kRISTINA-ID: folds 
Uncalled bet (15) returned to pokerbig13
pokerbig13 collected 30 from pot
*** SUMMARY ***
Total pot 30 | Rake 0 
Seat 1: kRISTINA-ID (small blind) folded before Flop
Seat 2: pokerbig13 (big blind) collected (30)
Seat 3: Mahu2021 (button) folded before Flop (didn't bet)



PokerStars Hand #253517079186: Tournament #3826119233, $1.84+$0.16 USD Hold'em No Limit - Level II (15/30) - 2024/11/22 10:43:45 CET [2024/11/22 4:43:45 ET]
Table '3826119233 1' 3-max Seat #1 is the button
Seat 1: kRISTINA-ID (570 in chips) 
Seat 2: pokerbig13 (385 in chips) 
Seat 3: Mahu2021 (545 in chips) 
pokerbig13: posts small blind 15
Mahu2021: posts big blind 30
*** HOLE CARDS ***
Dealt to Mahu2021 [Qd Ac]
kRISTINA-ID: folds 
pokerbig13: raises 60 to 90
Mahu2021: raises 455 to 545 and is all-in
pokerbig13: calls 295 and is all-in
Uncalled bet (160) returned to Mahu2021
*** FLOP *** [Td Ks Tc]
*** TURN *** [Td Ks Tc] [6h]
*** RIVER *** [Td Ks Tc 6h] [2d]
*** SHOW DOWN ***
pokerbig13: shows [9h 9s] (two pair, Tens and Nines)
Mahu2021: shows [Qd Ac] (a pair of Tens)
pokerbig13 collected 770 from pot
*** SUMMARY ***
Total pot 770 | Rake 0 
Board [Td Ks Tc 6h 2d]
Seat 1: kRISTINA-ID (button) folded before Flop (didn't bet)
Seat 2: pokerbig13 (small blind) showed [9h 9s] and won (770) with two pair, Tens and Nines
Seat 3: Mahu2021 (big blind) showed [Qd Ac] and lost with a pair of Tens



PokerStars Hand #253517080680: Tournament #3826119233, $1.84+$0.16 USD Hold'em No Limit - Level II (15/30) - 2024/11/22 10:44:00 CET [2024/11/22 4:44:00 ET]
Table '3826119233 1' 3-max Seat #2 is the button
Seat 1: kRISTINA-ID (570 in chips) 
Seat 2: pokerbig13 (770 in chips) 
Seat 3: Mahu2021 (160 in chips) 
Mahu2021: posts small blind 15
kRISTINA-ID: posts big blind 30
*** HOLE CARDS ***
Dealt to Mahu2021 [Tc 2s]
pokerbig13: raises 30 to 60
Mahu2021: folds 
kRISTINA-ID: calls 30
*** FLOP *** [Kh Jc 9d]
kRISTINA-ID: checks 
pokerbig13: bets 30
kRISTINA-ID: folds 
Uncalled bet (30) returned to pokerbig13
pokerbig13 collected 135 from pot
*** SUMMARY ***
Total pot 135 | Rake 0 
Board [Kh Jc 9d]
Seat 1: kRISTINA-ID (big blind) folded on the Flop
Seat 2: pokerbig13 (button) collected (135)
Seat 3: Mahu2021 (small blind) folded before Flop



PokerStars Hand #253517082593: Tournament #3826119233, $1.84+$0.16 USD Hold'em No Limit - Level II (15/30) - 2024/11/22 10:44:19 CET [2024/11/22 4:44:19 ET]
Table '3826119233 1' 3-max Seat #3 is the button
Seat 1: kRISTINA-ID (510 in chips) 
Seat 2: pokerbig13 (845 in chips) 
Seat 3: Mahu2021 (145 in chips) 
kRISTINA-ID: posts small blind 15
pokerbig13: posts big blind 30
*** HOLE CARDS ***
Dealt to Mahu2021 [2s 4c]
Mahu2021: folds 
kRISTINA-ID: calls 15
pokerbig13: checks 
*** FLOP *** [Th 7h 3s]
kRISTINA-ID: checks 
pokerbig13: bets 30
kRISTINA-ID: calls 30
*** TURN *** [Th 7h 3s] [Js]
kRISTINA-ID: checks 
pokerbig13: checks 
*** RIVER *** [Th 7h 3s Js] [6c]
kRISTINA-ID: checks 
pokerbig13: checks 
*** SHOW DOWN ***
kRISTINA-ID: shows [9s Ad] (high card Ace)
pokerbig13: shows [3d 9h] (a pair of Threes)
pokerbig13 collected 120 from pot
*** SUMMARY ***
Total pot 120 | Rake 0 
Board [Th 7h 3s Js 6c]
Seat 1: kRISTINA-ID (small blind) showed [9s Ad] and lost with high card Ace
Seat 2: pokerbig13 (big blind) showed [3d 9h] and won (120) with a pair of Threes
Seat 3: Mahu2021 (button) folded before Flop (didn't bet)



PokerStars Hand #253517085898: Tournament #3826119233, $1.84+$0.16 USD Hold'em No Limit - Level II (15/30) - 2024/11/22 10:44:51 CET [2024/11/22 4:44:51 ET]
Table '3826119233 1' 3-max Seat #1 is the button
Seat 1: kRISTINA-ID (450 in chips) 
Seat 2: pokerbig13 (905 in chips) 
Seat 3: Mahu2021 (145 in chips) 
pokerbig13: posts small blind 15
Mahu2021: posts big blind 30
*** HOLE CARDS ***
Dealt to Mahu2021 [2d 6d]
kRISTINA-ID: folds 
pokerbig13: folds 
Uncalled bet (15) returned to Mahu2021
Mahu2021 collected 30 from pot
Mahu2021: doesn't show hand 
*** SUMMARY ***
Total pot 30 | Rake 0 
Seat 1: kRISTINA-ID (button) folded before Flop (didn't bet)
Seat 2: pokerbig13 (small blind) folded before Flop
Seat 3: Mahu2021 (big blind) collected (30)



PokerStars Hand #253517087346: Tournament #3826119233, $1.84+$0.16 USD Hold'em No Limit - Level II (15/30) - 2024/11/22 10:45:06 CET [2024/11/22 4:45:06 ET]
Table '3826119233 1' 3-max Seat #2 is the button
Seat 1: kRISTINA-ID (450 in chips) 
Seat 2: pokerbig13 (890 in chips) 
Seat 3: Mahu2021 (160 in chips) 
Mahu2021: posts small blind 15
kRISTINA-ID: posts big blind 30
*** HOLE CARDS ***
Dealt to Mahu2021 [6d Qs]
pokerbig13: raises 860 to 890 and is all-in
Mahu2021: folds 
kRISTINA-ID: folds 
Uncalled bet (860) returned to pokerbig13
pokerbig13 collected 75 from pot
*** SUMMARY ***
Total pot 75 | Rake 0 
Seat 1: kRISTINA-ID (big blind) folded before Flop
Seat 2: pokerbig13 (button) collected (75)
Seat 3: Mahu2021 (small blind) folded before Flop



PokerStars Hand #253517088327: Tournament #3826119233, $1.84+$0.16 USD Hold'em No Limit - Level II (15/30) - 2024/11/22 10:45:16 CET [2024/11/22 4:45:16 ET]
Table '3826119233 1' 3-max Seat #3 is the button
Seat 1: kRISTINA-ID (420 in chips) 
Seat 2: pokerbig13 (935 in chips) 
Seat 3: Mahu2021 (145 in chips) 
kRISTINA-ID: posts small blind 15
pokerbig13: posts big blind 30
*** HOLE CARDS ***
Dealt to Mahu2021 [9d 7d]
Mahu2021: folds 
kRISTINA-ID: raises 30 to 60
pokerbig13: calls 30
*** FLOP *** [Ah Qd 3c]
kRISTINA-ID: checks 
pokerbig13: checks 
*** TURN *** [Ah Qd 3c] [5s]
kRISTINA-ID: bets 90
pokerbig13: folds 
Uncalled bet (90) returned to kRISTINA-ID
kRISTINA-ID collected 120 from pot
kRISTINA-ID: doesn't show hand 
*** SUMMARY ***
Total pot 120 | Rake 0 
Board [Ah Qd 3c 5s]
Seat 1: kRISTINA-ID (small blind) collected (120)
Seat 2: pokerbig13 (big blind) folded on the Turn
Seat 3: Mahu2021 (button) folded before Flop (didn't bet)



PokerStars Hand #253517090541: Tournament #3826119233, $1.84+$0.16 USD Hold'em No Limit - Level II (15/30) - 2024/11/22 10:45:38 CET [2024/11/22 4:45:38 ET]
Table '3826119233 1' 3-max Seat #1 is the button
Seat 1: kRISTINA-ID (480 in chips) 
Seat 2: pokerbig13 (875 in chips) 
Seat 3: Mahu2021 (145 in chips) 
pokerbig13: posts small blind 15
Mahu2021: posts big blind 30
*** HOLE CARDS ***
Dealt to Mahu2021 [6d Qc]
kRISTINA-ID: folds 
pokerbig13: calls 15
Mahu2021: raises 115 to 145 and is all-in
pokerbig13: folds 
Uncalled bet (115) returned to Mahu2021
Mahu2021 collected 60 from pot
Mahu2021: doesn't show hand 
*** SUMMARY ***
Total pot 60 | Rake 0 
Seat 1: kRISTINA-ID (button) folded before Flop (didn't bet)
Seat 2: pokerbig13 (small blind) folded before Flop
Seat 3: Mahu2021 (big blind) collected (60)



PokerStars Hand #253517093333: Tournament #3826119233, $1.84+$0.16 USD Hold'em No Limit - Level III (20/40) - 2024/11/22 10:46:06 CET [2024/11/22 4:46:06 ET]
Table '3826119233 1' 3-max Seat #2 is the button
Seat 1: kRISTINA-ID (480 in chips) 
Seat 2: pokerbig13 (845 in chips) 
Seat 3: Mahu2021 (175 in chips) 
Mahu2021: posts small blind 20
kRISTINA-ID: posts big blind 40
*** HOLE CARDS ***
Dealt to Mahu2021 [Ah 2s]
pokerbig13: folds 
Mahu2021: raises 135 to 175 and is all-in
kRISTINA-ID: folds 
Uncalled bet (135) returned to Mahu2021
Mahu2021 collected 80 from pot
Mahu2021: doesn't show hand 
*** SUMMARY ***
Total pot 80 | Rake 0 
Seat 1: kRISTINA-ID (big blind) folded before Flop
Seat 2: pokerbig13 (button) folded before Flop (didn't bet)
Seat 3: Mahu2021 (small blind) collected (80)



PokerStars Hand #253517094422: Tournament #3826119233, $1.84+$0.16 USD Hold'em No Limit - Level III (20/40) - 2024/11/22 10:46:17 CET [2024/11/22 4:46:17 ET]
Table '3826119233 1' 3-max Seat #3 is the button
Seat 1: kRISTINA-ID (440 in chips) 
Seat 2: pokerbig13 (845 in chips) 
Seat 3: Mahu2021 (215 in chips) 
kRISTINA-ID: posts small blind 20
pokerbig13: posts big blind 40
*** HOLE CARDS ***
Dealt to Mahu2021 [4s 8s]
Mahu2021: folds 
kRISTINA-ID: folds 
Uncalled bet (20) returned to pokerbig13
pokerbig13 collected 40 from pot
*** SUMMARY ***
Total pot 40 | Rake 0 
Seat 1: kRISTINA-ID (small blind) folded before Flop
Seat 2: pokerbig13 (big blind) collected (40)
Seat 3: Mahu2021 (button) folded before Flop (didn't bet)



PokerStars Hand #253517095130: Tournament #3826119233, $1.84+$0.16 USD Hold'em No Limit - Level III (20/40) - 2024/11/22 10:46:24 CET [2024/11/22 4:46:24 ET]
Table '3826119233 1' 3-max Seat #1 is the button
Seat 1: kRISTINA-ID (420 in chips) 
Seat 2: pokerbig13 (865 in chips) 
Seat 3: Mahu2021 (215 in chips) 
pokerbig13: posts small blind 20
Mahu2021: posts big blind 40
*** HOLE CARDS ***
Dealt to Mahu2021 [7h 9c]
kRISTINA-ID: raises 40 to 80
pokerbig13: raises 40 to 120
Mahu2021: folds 
kRISTINA-ID: calls 40
*** FLOP *** [8c Jd As]
pokerbig13: checks 
kRISTINA-ID: bets 300 and is all-in
pokerbig13: folds 
Uncalled bet (300) returned to kRISTINA-ID
kRISTINA-ID collected 280 from pot
kRISTINA-ID: doesn't show hand 
*** SUMMARY ***
Total pot 280 | Rake 0 
Board [8c Jd As]
Seat 1: kRISTINA-ID (button) collected (280)
Seat 2: pokerbig13 (small blind) folded on the Flop
Seat 3: Mahu2021 (big blind) folded before Flop



PokerStars Hand #253517096603: Tournament #3826119233, $1.84+$0.16 USD Hold'em No Limit - Level III (20/40) - 2024/11/22 10:46:38 CET [2024/11/22 4:46:38 ET]
Table '3826119233 1' 3-max Seat #2 is the button
Seat 1: kRISTINA-ID (580 in chips) 
Seat 2: pokerbig13 (745 in chips) 
Seat 3: Mahu2021 (175 in chips) 
Mahu2021: posts small blind 20
kRISTINA-ID: posts big blind 40
*** HOLE CARDS ***
Dealt to Mahu2021 [Qc Jc]
pokerbig13: raises 705 to 745 and is all-in
Mahu2021: calls 155 and is all-in
kRISTINA-ID: folds 
Uncalled bet (570) returned to pokerbig13
*** FLOP *** [5c Tc 9d]
*** TURN *** [5c Tc 9d] [6h]
*** RIVER *** [5c Tc 9d 6h] [Js]
*** SHOW DOWN ***
Mahu2021: shows [Qc Jc] (a pair of Jacks)
pokerbig13: shows [3h Ac] (high card Ace)
Mahu2021 collected 390 from pot
*** SUMMARY ***
Total pot 390 | Rake 0 
Board [5c Tc 9d 6h Js]
Seat 1: kRISTINA-ID (big blind) folded before Flop
Seat 2: pokerbig13 (button) showed [3h Ac] and lost with high card Ace
Seat 3: Mahu2021 (small blind) showed [Qc Jc] and won (390) with a pair of Jacks



PokerStars Hand #253517098095: Tournament #3826119233, $1.84+$0.16 USD Hold'em No Limit - Level III (20/40) - 2024/11/22 10:46:53 CET [2024/11/22 4:46:53 ET]
Table '3826119233 1' 3-max Seat #3 is the button
Seat 1: kRISTINA-ID (540 in chips) 
Seat 2: pokerbig13 (570 in chips) 
Seat 3: Mahu2021 (390 in chips) 
kRISTINA-ID: posts small blind 20
pokerbig13: posts big blind 40
*** HOLE CARDS ***
Dealt to Mahu2021 [2c 2s]
Mahu2021: calls 40
kRISTINA-ID: raises 500 to 540 and is all-in
pokerbig13: folds 
Mahu2021: folds 
Uncalled bet (500) returned to kRISTINA-ID
kRISTINA-ID collected 120 from pot
kRISTINA-ID: doesn't show hand 
*** SUMMARY ***
Total pot 120 | Rake 0 
Seat 1: kRISTINA-ID (small blind) collected (120)
Seat 2: pokerbig13 (big blind) folded before Flop
Seat 3: Mahu2021 (button) folded before Flop



PokerStars Hand #253517099660: Tournament #3826119233, $1.84+$0.16 USD Hold'em No Limit - Level III (20/40) - 2024/11/22 10:47:07 CET [2024/11/22 4:47:07 ET]
Table '3826119233 1' 3-max Seat #1 is the button
Seat 1: kRISTINA-ID (620 in chips) 
Seat 2: pokerbig13 (530 in chips) 
Seat 3: Mahu2021 (350 in chips) 
pokerbig13: posts small blind 20
Mahu2021: posts big blind 40
*** HOLE CARDS ***
Dealt to Mahu2021 [Qd 6h]
kRISTINA-ID: folds 
pokerbig13: raises 490 to 530 and is all-in
Mahu2021: folds 
Uncalled bet (490) returned to pokerbig13
pokerbig13 collected 80 from pot
*** SUMMARY ***
Total pot 80 | Rake 0 
Seat 1: kRISTINA-ID (button) folded before Flop (didn't bet)
Seat 2: pokerbig13 (small blind) collected (80)
Seat 3: Mahu2021 (big blind) folded before Flop



PokerStars Hand #253517100478: Tournament #3826119233, $1.84+$0.16 USD Hold'em No Limit - Level III (20/40) - 2024/11/22 10:47:15 CET [2024/11/22 4:47:15 ET]
Table '3826119233 1' 3-max Seat #2 is the button
Seat 1: kRISTINA-ID (620 in chips) 
Seat 2: pokerbig13 (570 in chips) 
Seat 3: Mahu2021 (310 in chips) 
Mahu2021: posts small blind 20
kRISTINA-ID: posts big blind 40
*** HOLE CARDS ***
Dealt to Mahu2021 [Ah 7s]
pokerbig13: raises 530 to 570 and is all-in
Mahu2021: calls 290 and is all-in
kRISTINA-ID: folds 
Uncalled bet (260) returned to pokerbig13
*** FLOP *** [Ts Td 9c]
*** TURN *** [Ts Td 9c] [Qd]
*** RIVER *** [Ts Td 9c Qd] [9s]
*** SHOW DOWN ***
Mahu2021: shows [Ah 7s] (two pair, Tens and Nines)
pokerbig13: shows [7h As] (two pair, Tens and Nines)
Mahu2021 collected 330 from pot
pokerbig13 collected 330 from pot
*** SUMMARY ***
Total pot 660 | Rake 0 
Board [Ts Td 9c Qd 9s]
Seat 1: kRISTINA-ID (big blind) folded before Flop
Seat 2: pokerbig13 (button) showed [7h As] and won (330) with two pair, Tens and Nines
Seat 3: Mahu2021 (small blind) showed [Ah 7s] and won (330) with two pair, Tens and Nines



PokerStars Hand #253517102333: Tournament #3826119233, $1.84+$0.16 USD Hold'em No Limit - Level III (20/40) - 2024/11/22 10:47:33 CET [2024/11/22 4:47:33 ET]
Table '3826119233 1' 3-max Seat #3 is the button
Seat 1: kRISTINA-ID (580 in chips) 
Seat 2: pokerbig13 (590 in chips) 
Seat 3: Mahu2021 (330 in chips) 
kRISTINA-ID: posts small blind 20
pokerbig13: posts big blind 40
*** HOLE CARDS ***
Dealt to Mahu2021 [6c Qs]
Mahu2021: folds 
kRISTINA-ID: folds 
Uncalled bet (20) returned to pokerbig13
pokerbig13 collected 40 from pot
*** SUMMARY ***
Total pot 40 | Rake 0 
Seat 1: kRISTINA-ID (small blind) folded before Flop
Seat 2: pokerbig13 (big blind) collected (40)
Seat 3: Mahu2021 (button) folded before Flop (didn't bet)



PokerStars Hand #253517103570: Tournament #3826119233, $1.84+$0.16 USD Hold'em No Limit - Level III (20/40) - 2024/11/22 10:47:46 CET [2024/11/22 4:47:46 ET]
Table '3826119233 1' 3-max Seat #1 is the button
Seat 1: kRISTINA-ID (560 in chips) 
Seat 2: pokerbig13 (610 in chips) 
Seat 3: Mahu2021 (330 in chips) 
pokerbig13: posts small blind 20
Mahu2021: posts big blind 40
*** HOLE CARDS ***
Dealt to Mahu2021 [3d 5c]
kRISTINA-ID: folds 
pokerbig13: raises 570 to 610 and is all-in
Mahu2021: folds 
Uncalled bet (570) returned to pokerbig13
pokerbig13 collected 80 from pot
*** SUMMARY ***
Total pot 80 | Rake 0 
Seat 1: kRISTINA-ID (button) folded before Flop (didn't bet)
Seat 2: pokerbig13 (small blind) collected (80)
Seat 3: Mahu2021 (big blind) folded before Flop



PokerStars Hand #253517104873: Tournament #3826119233, $1.84+$0.16 USD Hold'em No Limit - Level III (20/40) - 2024/11/22 10:47:58 CET [2024/11/22 4:47:58 ET]
Table '3826119233 1' 3-max Seat #2 is the button
Seat 1: kRISTINA-ID (560 in chips) 
Seat 2: pokerbig13 (650 in chips) 
Seat 3: Mahu2021 (290 in chips) 
Mahu2021: posts small blind 20
kRISTINA-ID: posts big blind 40
*** HOLE CARDS ***
Dealt to Mahu2021 [2s Ah]
pokerbig13: calls 40
Mahu2021: raises 250 to 290 and is all-in
kRISTINA-ID: folds 
pokerbig13: folds 
Uncalled bet (250) returned to Mahu2021
Mahu2021 collected 120 from pot
Mahu2021: doesn't show hand 
*** SUMMARY ***
Total pot 120 | Rake 0 
Seat 1: kRISTINA-ID (big blind) folded before Flop
Seat 2: pokerbig13 (button) folded before Flop
Seat 3: Mahu2021 (small blind) collected (120)



PokerStars Hand #253517106681: Tournament #3826119233, $1.84+$0.16 USD Hold'em No Limit - Level III (20/40) - 2024/11/22 10:48:16 CET [2024/11/22 4:48:16 ET]
Table '3826119233 1' 3-max Seat #3 is the button
Seat 1: kRISTINA-ID (520 in chips) 
Seat 2: pokerbig13 (610 in chips) 
Seat 3: Mahu2021 (370 in chips) 
kRISTINA-ID: posts small blind 20
pokerbig13: posts big blind 40
*** HOLE CARDS ***
Dealt to Mahu2021 [Ah 5c]
Mahu2021: raises 330 to 370 and is all-in
kRISTINA-ID: folds 
pokerbig13: folds 
Uncalled bet (330) returned to Mahu2021
Mahu2021 collected 100 from pot
Mahu2021: doesn't show hand 
*** SUMMARY ***
Total pot 100 | Rake 0 
Seat 1: kRISTINA-ID (small blind) folded before Flop
Seat 2: pokerbig13 (big blind) folded before Flop
Seat 3: Mahu2021 (button) collected (100)



PokerStars Hand #253517107864: Tournament #3826119233, $1.84+$0.16 USD Hold'em No Limit - Level III (20/40) - 2024/11/22 10:48:27 CET [2024/11/22 4:48:27 ET]
Table '3826119233 1' 3-max Seat #1 is the button
Seat 1: kRISTINA-ID (500 in chips) 
Seat 2: pokerbig13 (570 in chips) 
Seat 3: Mahu2021 (430 in chips) 
pokerbig13: posts small blind 20
Mahu2021: posts big blind 40
*** HOLE CARDS ***
Dealt to Mahu2021 [4s 5h]
kRISTINA-ID: folds 
pokerbig13: raises 40 to 80
Mahu2021: folds 
Uncalled bet (40) returned to pokerbig13
pokerbig13 collected 80 from pot
*** SUMMARY ***
Total pot 80 | Rake 0 
Seat 1: kRISTINA-ID (button) folded before Flop (didn't bet)
Seat 2: pokerbig13 (small blind) collected (80)
Seat 3: Mahu2021 (big blind) folded before Flop



PokerStars Hand #253517108546: Tournament #3826119233, $1.84+$0.16 USD Hold'em No Limit - Level III (20/40) - 2024/11/22 10:48:34 CET [2024/11/22 4:48:34 ET]
Table '3826119233 1' 3-max Seat #2 is the button
Seat 1: kRISTINA-ID (500 in chips) 
Seat 2: pokerbig13 (610 in chips) 
Seat 3: Mahu2021 (390 in chips) 
Mahu2021: posts small blind 20
kRISTINA-ID: posts big blind 40
*** HOLE CARDS ***
Dealt to Mahu2021 [4s Kh]
pokerbig13: calls 40
Mahu2021: calls 20
kRISTINA-ID: checks 
*** FLOP *** [Tc 5s 9h]
Mahu2021: checks 
kRISTINA-ID: checks 
pokerbig13: checks 
*** TURN *** [Tc 5s 9h] [7d]
Mahu2021: checks 
kRISTINA-ID: checks 
pokerbig13: bets 40
Mahu2021: folds 
kRISTINA-ID: calls 40
*** RIVER *** [Tc 5s 9h 7d] [8h]
kRISTINA-ID: checks 
pokerbig13: checks 
*** SHOW DOWN ***
kRISTINA-ID: shows [8s 5c] (two pair, Eights and Fives)
pokerbig13: mucks hand 
kRISTINA-ID collected 200 from pot
*** SUMMARY ***
Total pot 200 | Rake 0 
Board [Tc 5s 9h 7d 8h]
Seat 1: kRISTINA-ID (big blind) showed [8s 5c] and won (200) with two pair, Eights and Fives
Seat 2: pokerbig13 (button) mucked [3c 7c]
Seat 3: Mahu2021 (small blind) folded on the Turn



PokerStars Hand #253517112952: Tournament #3826119233, $1.84+$0.16 USD Hold'em No Limit - Level IV (30/60) - 2024/11/22 10:49:17 CET [2024/11/22 4:49:17 ET]
Table '3826119233 1' 3-max Seat #3 is the button
Seat 1: kRISTINA-ID (620 in chips) 
Seat 2: pokerbig13 (530 in chips) 
Seat 3: Mahu2021 (350 in chips) 
kRISTINA-ID: posts small blind 30
pokerbig13: posts big blind 60
*** HOLE CARDS ***
Dealt to Mahu2021 [2d 2h]
Mahu2021: raises 290 to 350 and is all-in
kRISTINA-ID: folds 
pokerbig13: calls 290
*** FLOP *** [4s 3s Qh]
*** TURN *** [4s 3s Qh] [Ac]
*** RIVER *** [4s 3s Qh Ac] [5c]
*** SHOW DOWN ***
pokerbig13: shows [As 9h] (a pair of Aces)
Mahu2021: shows [2d 2h] (a straight, Ace to Five)
Mahu2021 collected 730 from pot
*** SUMMARY ***
Total pot 730 | Rake 0 
Board [4s 3s Qh Ac 5c]
Seat 1: kRISTINA-ID (small blind) folded before Flop
Seat 2: pokerbig13 (big blind) showed [As 9h] and lost with a pair of Aces
Seat 3: Mahu2021 (button) showed [2d 2h] and won (730) with a straight, Ace to Five



PokerStars Hand #253517114511: Tournament #3826119233, $1.84+$0.16 USD Hold'em No Limit - Level IV (30/60) - 2024/11/22 10:49:33 CET [2024/11/22 4:49:33 ET]
Table '3826119233 1' 3-max Seat #1 is the button
Seat 1: kRISTINA-ID (590 in chips) 
Seat 2: pokerbig13 (180 in chips) 
Seat 3: Mahu2021 (730 in chips) 
pokerbig13: posts small blind 30
Mahu2021: posts big blind 60
*** HOLE CARDS ***
Dealt to Mahu2021 [7s 5c]
kRISTINA-ID: calls 60
pokerbig13: raises 120 to 180 and is all-in
Mahu2021: folds 
kRISTINA-ID: calls 120
*** FLOP *** [3d 9h 7d]
*** TURN *** [3d 9h 7d] [Kh]
*** RIVER *** [3d 9h 7d Kh] [8h]
*** SHOW DOWN ***
pokerbig13: shows [6s As] (high card Ace)
kRISTINA-ID: shows [Qs Tc] (high card King)
pokerbig13 collected 420 from pot
*** SUMMARY ***
Total pot 420 | Rake 0 
Board [3d 9h 7d Kh 8h]
Seat 1: kRISTINA-ID (button) showed [Qs Tc] and lost with high card King
Seat 2: pokerbig13 (small blind) showed [6s As] and won (420) with high card Ace
Seat 3: Mahu2021 (big blind) folded before Flop



PokerStars Hand #253517117486: Tournament #3826119233, $1.84+$0.16 USD Hold'em No Limit - Level IV (30/60) - 2024/11/22 10:50:02 CET [2024/11/22 4:50:02 ET]
Table '3826119233 1' 3-max Seat #2 is the button
Seat 1: kRISTINA-ID (410 in chips) 
Seat 2: pokerbig13 (420 in chips) 
Seat 3: Mahu2021 (670 in chips) 
Mahu2021: posts small blind 30
kRISTINA-ID: posts big blind 60
*** HOLE CARDS ***
Dealt to Mahu2021 [6d Ah]
pokerbig13: folds 
Mahu2021: raises 610 to 670 and is all-in
kRISTINA-ID: folds 
Uncalled bet (610) returned to Mahu2021
Mahu2021 collected 120 from pot
Mahu2021: doesn't show hand 
*** SUMMARY ***
Total pot 120 | Rake 0 
Seat 1: kRISTINA-ID (big blind) folded before Flop
Seat 2: pokerbig13 (button) folded before Flop (didn't bet)
Seat 3: Mahu2021 (small blind) collected (120)



PokerStars Hand #253517119143: Tournament #3826119233, $1.84+$0.16 USD Hold'em No Limit - Level IV (30/60) - 2024/11/22 10:50:18 CET [2024/11/22 4:50:18 ET]
Table '3826119233 1' 3-max Seat #3 is the button
Seat 1: kRISTINA-ID (350 in chips) 
Seat 2: pokerbig13 (420 in chips) 
Seat 3: Mahu2021 (730 in chips) 
kRISTINA-ID: posts small blind 30
pokerbig13: posts big blind 60
*** HOLE CARDS ***
Dealt to Mahu2021 [Kh Jc]
Mahu2021: raises 60 to 120
kRISTINA-ID: folds 
pokerbig13: folds 
Uncalled bet (60) returned to Mahu2021
Mahu2021 collected 150 from pot
Mahu2021: doesn't show hand 
*** SUMMARY ***
Total pot 150 | Rake 0 
Seat 1: kRISTINA-ID (small blind) folded before Flop
Seat 2: pokerbig13 (big blind) folded before Flop
Seat 3: Mahu2021 (button) collected (150)



PokerStars Hand #253517121014: Tournament #3826119233, $1.84+$0.16 USD Hold'em No Limit - Level IV (30/60) - 2024/11/22 10:50:37 CET [2024/11/22 4:50:37 ET]
Table '3826119233 1' 3-max Seat #1 is the button
Seat 1: kRISTINA-ID (320 in chips) 
Seat 2: pokerbig13 (360 in chips) 
Seat 3: Mahu2021 (820 in chips) 
pokerbig13: posts small blind 30
Mahu2021: posts big blind 60
*** HOLE CARDS ***
Dealt to Mahu2021 [7d 2s]
kRISTINA-ID: folds 
pokerbig13: folds 
Uncalled bet (30) returned to Mahu2021
Mahu2021 collected 60 from pot
Mahu2021: doesn't show hand 
*** SUMMARY ***
Total pot 60 | Rake 0 
Seat 1: kRISTINA-ID (button) folded before Flop (didn't bet)
Seat 2: pokerbig13 (small blind) folded before Flop
Seat 3: Mahu2021 (big blind) collected (60)



PokerStars Hand #253517121567: Tournament #3826119233, $1.84+$0.16 USD Hold'em No Limit - Level IV (30/60) - 2024/11/22 10:50:43 CET [2024/11/22 4:50:43 ET]
Table '3826119233 1' 3-max Seat #2 is the button
Seat 1: kRISTINA-ID (320 in chips) 
Seat 2: pokerbig13 (330 in chips) 
Seat 3: Mahu2021 (850 in chips) 
Mahu2021: posts small blind 30
kRISTINA-ID: posts big blind 60
*** HOLE CARDS ***
Dealt to Mahu2021 [7h Qs]
pokerbig13: raises 60 to 120
Mahu2021: folds 
kRISTINA-ID: calls 60
*** FLOP *** [5h 2c 2s]
kRISTINA-ID: checks 
pokerbig13: bets 210 and is all-in
kRISTINA-ID: folds 
Uncalled bet (210) returned to pokerbig13
pokerbig13 collected 270 from pot
*** SUMMARY ***
Total pot 270 | Rake 0 
Board [5h 2c 2s]
Seat 1: kRISTINA-ID (big blind) folded on the Flop
Seat 2: pokerbig13 (button) collected (270)
Seat 3: Mahu2021 (small blind) folded before Flop



PokerStars Hand #253517123118: Tournament #3826119233, $1.84+$0.16 USD Hold'em No Limit - Level IV (30/60) - 2024/11/22 10:50:58 CET [2024/11/22 4:50:58 ET]
Table '3826119233 1' 3-max Seat #3 is the button
Seat 1: kRISTINA-ID (200 in chips) 
Seat 2: pokerbig13 (480 in chips) 
Seat 3: Mahu2021 (820 in chips) 
kRISTINA-ID: posts small blind 30
pokerbig13: posts big blind 60
*** HOLE CARDS ***
Dealt to Mahu2021 [4h Kh]
Mahu2021: calls 60
kRISTINA-ID: raises 140 to 200 and is all-in
pokerbig13: raises 280 to 480 and is all-in
Mahu2021: folds 
Uncalled bet (280) returned to pokerbig13
*** FLOP *** [2h Th 2c]
*** TURN *** [2h Th 2c] [7h]
*** RIVER *** [2h Th 2c 7h] [8d]
*** SHOW DOWN ***
kRISTINA-ID: shows [Kd Qs] (a pair of Deuces)
pokerbig13: shows [Qh Jc] (a pair of Deuces - lower kicker)
kRISTINA-ID collected 460 from pot
*** SUMMARY ***
Total pot 460 | Rake 0 
Board [2h Th 2c 7h 8d]
Seat 1: kRISTINA-ID (small blind) showed [Kd Qs] and won (460) with a pair of Deuces
Seat 2: pokerbig13 (big blind) showed [Qh Jc] and lost with a pair of Deuces
Seat 3: Mahu2021 (button) folded before Flop



PokerStars Hand #253517125094: Tournament #3826119233, $1.84+$0.16 USD Hold'em No Limit - Level IV (30/60) - 2024/11/22 10:51:18 CET [2024/11/22 4:51:18 ET]
Table '3826119233 1' 3-max Seat #1 is the button
Seat 1: kRISTINA-ID (460 in chips) 
Seat 2: pokerbig13 (280 in chips) 
Seat 3: Mahu2021 (760 in chips) 
pokerbig13: posts small blind 30
Mahu2021: posts big blind 60
*** HOLE CARDS ***
Dealt to Mahu2021 [2d 5c]
kRISTINA-ID: folds 
pokerbig13: raises 60 to 120
Mahu2021: folds 
Uncalled bet (60) returned to pokerbig13
pokerbig13 collected 120 from pot
*** SUMMARY ***
Total pot 120 | Rake 0 
Seat 1: kRISTINA-ID (button) folded before Flop (didn't bet)
Seat 2: pokerbig13 (small blind) collected (120)
Seat 3: Mahu2021 (big blind) folded before Flop



PokerStars Hand #253517126296: Tournament #3826119233, $1.84+$0.16 USD Hold'em No Limit - Level IV (30/60) - 2024/11/22 10:51:30 CET [2024/11/22 4:51:30 ET]
Table '3826119233 1' 3-max Seat #2 is the button
Seat 1: kRISTINA-ID (460 in chips) 
Seat 2: pokerbig13 (340 in chips) 
Seat 3: Mahu2021 (700 in chips) 
Mahu2021: posts small blind 30
kRISTINA-ID: posts big blind 60
*** HOLE CARDS ***
Dealt to Mahu2021 [6d 2c]
pokerbig13: raises 60 to 120
Mahu2021: folds 
kRISTINA-ID: calls 60
*** FLOP *** [2s 9d 6s]
kRISTINA-ID: bets 340 and is all-in
pokerbig13: calls 220 and is all-in
Uncalled bet (120) returned to kRISTINA-ID
*** TURN *** [2s 9d 6s] [4h]
*** RIVER *** [2s 9d 6s 4h] [5h]
*** SHOW DOWN ***
kRISTINA-ID: shows [8s 7s] (a straight, Five to Nine)
pokerbig13: shows [8h 6c] (a pair of Sixes)
kRISTINA-ID collected 710 from pot
pokerbig13 finished the tournament in 3rd place
*** SUMMARY ***
Total pot 710 | Rake 0 
Board [2s 9d 6s 4h 5h]
Seat 1: kRISTINA-ID (big blind) showed [8s 7s] and won (710) with a straight, Five to Nine
Seat 2: pokerbig13 (button) showed [8h 6c] and lost with a pair of Sixes
Seat 3: Mahu2021 (small blind) folded before Flop



PokerStars Hand #253517128460: Tournament #3826119233, $1.84+$0.16 USD Hold'em No Limit - Level IV (30/60) - 2024/11/22 10:51:51 CET [2024/11/22 4:51:51 ET]
Table '3826119233 1' 3-max Seat #1 is the button
Seat 1: kRISTINA-ID (830 in chips) 
Seat 3: Mahu2021 (670 in chips) 
kRISTINA-ID: posts small blind 30
Mahu2021: posts big blind 60
*** HOLE CARDS ***
Dealt to Mahu2021 [Js 4c]
kRISTINA-ID: calls 30
Mahu2021: checks 
*** FLOP *** [Kh Qh 5h]
Mahu2021: checks 
kRISTINA-ID: checks 
*** TURN *** [Kh Qh 5h] [3s]
Mahu2021: checks 
kRISTINA-ID: bets 60
Mahu2021: folds 
Uncalled bet (60) returned to kRISTINA-ID
kRISTINA-ID collected 120 from pot
kRISTINA-ID: doesn't show hand 
*** SUMMARY ***
Total pot 120 | Rake 0 
Board [Kh Qh 5h 3s]
Seat 1: kRISTINA-ID (button) (small blind) collected (120)
Seat 3: Mahu2021 (big blind) folded on the Turn



PokerStars Hand #253517129988: Tournament #3826119233, $1.84+$0.16 USD Hold'em No Limit - Level V (40/80) - 2024/11/22 10:52:06 CET [2024/11/22 4:52:06 ET]
Table '3826119233 1' 3-max Seat #3 is the button
Seat 1: kRISTINA-ID (890 in chips) 
Seat 3: Mahu2021 (610 in chips) 
Mahu2021: posts small blind 40
kRISTINA-ID: posts big blind 80
*** HOLE CARDS ***
Dealt to Mahu2021 [3c 6h]
Mahu2021: folds 
Uncalled bet (40) returned to kRISTINA-ID
kRISTINA-ID collected 80 from pot
kRISTINA-ID: doesn't show hand 
*** SUMMARY ***
Total pot 80 | Rake 0 
Seat 1: kRISTINA-ID (big blind) collected (80)
Seat 3: Mahu2021 (button) (small blind) folded before Flop



PokerStars Hand #253517130407: Tournament #3826119233, $1.84+$0.16 USD Hold'em No Limit - Level V (40/80) - 2024/11/22 10:52:10 CET [2024/11/22 4:52:10 ET]
Table '3826119233 1' 3-max Seat #1 is the button
Seat 1: kRISTINA-ID (930 in chips) 
Seat 3: Mahu2021 (570 in chips) 
kRISTINA-ID: posts small blind 40
Mahu2021: posts big blind 80
*** HOLE CARDS ***
Dealt to Mahu2021 [9h Tc]
kRISTINA-ID: calls 40
Mahu2021: checks 
*** FLOP *** [4h 8h 2c]
Mahu2021: checks 
kRISTINA-ID: checks 
*** TURN *** [4h 8h 2c] [Qc]
Mahu2021: checks 
kRISTINA-ID: bets 120
Mahu2021: calls 120
*** RIVER *** [4h 8h 2c Qc] [7h]
Mahu2021: bets 370 and is all-in
kRISTINA-ID: calls 370
*** SHOW DOWN ***
Mahu2021: shows [9h Tc] (high card Queen)
kRISTINA-ID: shows [3c Qs] (a pair of Queens)
kRISTINA-ID collected 1140 from pot
Mahu2021 finished the tournament in 2nd place
kRISTINA-ID wins the tournament and receives $6.00 - congratulations!
*** SUMMARY ***
Total pot 1140 | Rake 0 
Board [4h 8h 2c Qc 7h]
Seat 1: kRISTINA-ID (button) (small blind) showed [3c Qs] and won (1140) with a pair of Queens
Seat 3: Mahu2021 (big blind) showed [9h Tc] and lost with high card Queen



