PokerStars Hand #247694560188: Tournament #3687297922, $1.84+$0.16 USD Hold'em No Limit - Level I (10/20) - 2023/12/16 18:31:59 CET [2023/12/16 12:31:59 ET]
Table '3687297922 1' 3-max Seat #1 is the button
Seat 1: aurel4260 (500 in chips) 
Seat 2: Mahu2021 (500 in chips) 
Seat 3: neapoli3101 (500 in chips) 
Mahu2021: posts small blind 10
neapoli3101: posts big blind 20
*** HOLE CARDS ***
Dealt to Mahu2021 [Js 9s]
aurel4260: calls 20
Mahu2021: calls 10
neapoli3101: checks 
*** FLOP *** [As 4h Ks]
Mahu2021: bets 20
neapoli3101: calls 20
aurel4260: raises 60 to 80
Mahu2021: calls 60
neapoli3101: calls 60
*** TURN *** [As 4h Ks] [3d]
Mahu2021: checks 
neapoli3101: checks 
aurel4260: bets 20
Mahu2021: calls 20
neapoli3101: calls 20
*** RIVER *** [As 4h Ks 3d] [5h]
Mahu2021: checks 
neapoli3101: checks 
aurel4260: bets 380 and is all-in
Mahu2021: folds 
neapoli3101: folds 
Uncalled bet (380) returned to aurel4260
aurel4260 collected 360 from pot
*** SUMMARY ***
Total pot 360 | Rake 0 
Board [As 4h Ks 3d 5h]
Seat 1: aurel4260 (button) collected (360)
Seat 2: Mahu2021 (small blind) folded on the River
Seat 3: neapoli3101 (big blind) folded on the River



PokerStars Hand #247694570825: Tournament #3687297922, $1.84+$0.16 USD Hold'em No Limit - Level I (10/20) - 2023/12/16 18:32:34 CET [2023/12/16 12:32:34 ET]
Table '3687297922 1' 3-max Seat #2 is the button
Seat 1: aurel4260 (740 in chips) 
Seat 2: Mahu2021 (380 in chips) 
Seat 3: neapoli3101 (380 in chips) 
neapoli3101: posts small blind 10
aurel4260: posts big blind 20
*** HOLE CARDS ***
Dealt to Mahu2021 [Kc Kh]
Mahu2021: raises 360 to 380 and is all-in
neapoli3101: folds 
aurel4260: folds 
Uncalled bet (360) returned to Mahu2021
Mahu2021 collected 50 from pot
Mahu2021: doesn't show hand 
*** SUMMARY ***
Total pot 50 | Rake 0 
Seat 1: aurel4260 (big blind) folded before Flop
Seat 2: Mahu2021 (button) collected (50)
Seat 3: neapoli3101 (small blind) folded before Flop



PokerStars Hand #247694573226: Tournament #3687297922, $1.84+$0.16 USD Hold'em No Limit - Level I (10/20) - 2023/12/16 18:32:41 CET [2023/12/16 12:32:41 ET]
Table '3687297922 1' 3-max Seat #3 is the button
Seat 1: aurel4260 (720 in chips) 
Seat 2: Mahu2021 (410 in chips) 
Seat 3: neapoli3101 (370 in chips) 
aurel4260: posts small blind 10
Mahu2021: posts big blind 20
*** HOLE CARDS ***
Dealt to Mahu2021 [3h Ts]
neapoli3101: folds 
aurel4260: calls 10
Mahu2021: checks 
*** FLOP *** [2d 3s Qd]
aurel4260: checks 
Mahu2021: bets 20
aurel4260: calls 20
*** TURN *** [2d 3s Qd] [9d]
aurel4260: checks 
Mahu2021: checks 
*** RIVER *** [2d 3s Qd 9d] [As]
aurel4260: checks 
Mahu2021: checks 
*** SHOW DOWN ***
aurel4260: shows [Kc 4h] (high card Ace)
Mahu2021: shows [3h Ts] (a pair of Threes)
Mahu2021 collected 80 from pot
*** SUMMARY ***
Total pot 80 | Rake 0 
Board [2d 3s Qd 9d As]
Seat 1: aurel4260 (small blind) showed [Kc 4h] and lost with high card Ace
Seat 2: Mahu2021 (big blind) showed [3h Ts] and won (80) with a pair of Threes
Seat 3: neapoli3101 (button) folded before Flop (didn't bet)



PokerStars Hand #247694578057: Tournament #3687297922, $1.84+$0.16 USD Hold'em No Limit - Level I (10/20) - 2023/12/16 18:32:57 CET [2023/12/16 12:32:57 ET]
Table '3687297922 1' 3-max Seat #1 is the button
Seat 1: aurel4260 (680 in chips) 
Seat 2: Mahu2021 (450 in chips) 
Seat 3: neapoli3101 (370 in chips) 
Mahu2021: posts small blind 10
neapoli3101: posts big blind 20
*** HOLE CARDS ***
Dealt to Mahu2021 [3s 5c]
aurel4260: calls 20
Mahu2021: calls 10
neapoli3101: checks 
*** FLOP *** [3h 2c Jc]
Mahu2021: bets 20
neapoli3101: calls 20
aurel4260: folds 
*** TURN *** [3h 2c Jc] [5h]
Mahu2021: bets 20
neapoli3101: raises 40 to 60
Mahu2021: calls 40
*** RIVER *** [3h 2c Jc 5h] [5s]
Mahu2021: bets 220
neapoli3101: folds 
Uncalled bet (220) returned to Mahu2021
Mahu2021 collected 220 from pot
Mahu2021: doesn't show hand 
*** SUMMARY ***
Total pot 220 | Rake 0 
Board [3h 2c Jc 5h 5s]
Seat 1: aurel4260 (button) folded on the Flop
Seat 2: Mahu2021 (small blind) collected (220)
Seat 3: neapoli3101 (big blind) folded on the River



PokerStars Hand #247694584628: Tournament #3687297922, $1.84+$0.16 USD Hold'em No Limit - Level I (10/20) - 2023/12/16 18:33:19 CET [2023/12/16 12:33:19 ET]
Table '3687297922 1' 3-max Seat #2 is the button
Seat 1: aurel4260 (660 in chips) 
Seat 2: Mahu2021 (570 in chips) 
Seat 3: neapoli3101 (270 in chips) 
neapoli3101: posts small blind 10
aurel4260: posts big blind 20
*** HOLE CARDS ***
Dealt to Mahu2021 [8d Ts]
Mahu2021: folds 
neapoli3101: calls 10
aurel4260: raises 20 to 40
neapoli3101: calls 20
*** FLOP *** [Jd 6h 7d]
neapoli3101: checks 
aurel4260: bets 620 and is all-in
neapoli3101: calls 230 and is all-in
Uncalled bet (390) returned to aurel4260
*** TURN *** [Jd 6h 7d] [3c]
*** RIVER *** [Jd 6h 7d 3c] [8h]
*** SHOW DOWN ***
neapoli3101: shows [Kd 2d] (high card King)
aurel4260: shows [Qd Tc] (high card Queen)
neapoli3101 collected 540 from pot
*** SUMMARY ***
Total pot 540 | Rake 0 
Board [Jd 6h 7d 3c 8h]
Seat 1: aurel4260 (big blind) showed [Qd Tc] and lost with high card Queen
Seat 2: Mahu2021 (button) folded before Flop (didn't bet)
Seat 3: neapoli3101 (small blind) showed [Kd 2d] and won (540) with high card King



PokerStars Hand #247694591061: Tournament #3687297922, $1.84+$0.16 USD Hold'em No Limit - Level I (10/20) - 2023/12/16 18:33:40 CET [2023/12/16 12:33:40 ET]
Table '3687297922 1' 3-max Seat #3 is the button
Seat 1: aurel4260 (390 in chips) 
Seat 2: Mahu2021 (570 in chips) 
Seat 3: neapoli3101 (540 in chips) 
aurel4260: posts small blind 10
Mahu2021: posts big blind 20
*** HOLE CARDS ***
Dealt to Mahu2021 [Ah Jd]
neapoli3101: folds 
aurel4260: raises 370 to 390 and is all-in
Mahu2021: calls 370
*** FLOP *** [3h 3c Th]
*** TURN *** [3h 3c Th] [7c]
*** RIVER *** [3h 3c Th 7c] [Qc]
*** SHOW DOWN ***
aurel4260: shows [4s 4d] (two pair, Fours and Threes)
Mahu2021: shows [Ah Jd] (a pair of Threes)
aurel4260 collected 780 from pot
*** SUMMARY ***
Total pot 780 | Rake 0 
Board [3h 3c Th 7c Qc]
Seat 1: aurel4260 (small blind) showed [4s 4d] and won (780) with two pair, Fours and Threes
Seat 2: Mahu2021 (big blind) showed [Ah Jd] and lost with a pair of Threes
Seat 3: neapoli3101 (button) folded before Flop (didn't bet)



PokerStars Hand #247694595682: Tournament #3687297922, $1.84+$0.16 USD Hold'em No Limit - Level I (10/20) - 2023/12/16 18:33:55 CET [2023/12/16 12:33:55 ET]
Table '3687297922 1' 3-max Seat #1 is the button
Seat 1: aurel4260 (780 in chips) 
Seat 2: Mahu2021 (180 in chips) 
Seat 3: neapoli3101 (540 in chips) 
Mahu2021: posts small blind 10
neapoli3101: posts big blind 20
*** HOLE CARDS ***
Dealt to Mahu2021 [7d 6s]
aurel4260: folds 
Mahu2021: folds 
Uncalled bet (10) returned to neapoli3101
neapoli3101 collected 20 from pot
neapoli3101: doesn't show hand 
*** SUMMARY ***
Total pot 20 | Rake 0 
Seat 1: aurel4260 (button) folded before Flop (didn't bet)
Seat 2: Mahu2021 (small blind) folded before Flop
Seat 3: neapoli3101 (big blind) collected (20)



PokerStars Hand #247694599531: Tournament #3687297922, $1.84+$0.16 USD Hold'em No Limit - Level II (15/30) - 2023/12/16 18:34:08 CET [2023/12/16 12:34:08 ET]
Table '3687297922 1' 3-max Seat #2 is the button
Seat 1: aurel4260 (780 in chips) 
Seat 2: Mahu2021 (170 in chips) 
Seat 3: neapoli3101 (550 in chips) 
neapoli3101: posts small blind 15
aurel4260: posts big blind 30
*** HOLE CARDS ***
Dealt to Mahu2021 [8s 4h]
Mahu2021: folds 
neapoli3101: folds 
Uncalled bet (15) returned to aurel4260
aurel4260 collected 30 from pot
*** SUMMARY ***
Total pot 30 | Rake 0 
Seat 1: aurel4260 (big blind) collected (30)
Seat 2: Mahu2021 (button) folded before Flop (didn't bet)
Seat 3: neapoli3101 (small blind) folded before Flop



PokerStars Hand #247694602536: Tournament #3687297922, $1.84+$0.16 USD Hold'em No Limit - Level II (15/30) - 2023/12/16 18:34:17 CET [2023/12/16 12:34:17 ET]
Table '3687297922 1' 3-max Seat #3 is the button
Seat 1: aurel4260 (795 in chips) 
Seat 2: Mahu2021 (170 in chips) 
Seat 3: neapoli3101 (535 in chips) 
aurel4260: posts small blind 15
Mahu2021: posts big blind 30
*** HOLE CARDS ***
Dealt to Mahu2021 [9s 2s]
neapoli3101: calls 30
aurel4260: calls 15
Mahu2021: checks 
*** FLOP *** [Ac Kc Th]
aurel4260: checks 
Mahu2021: checks 
neapoli3101: checks 
*** TURN *** [Ac Kc Th] [Qs]
aurel4260: bets 90
Mahu2021: folds 
neapoli3101: raises 90 to 180
aurel4260: raises 585 to 765 and is all-in
neapoli3101: calls 325 and is all-in
Uncalled bet (260) returned to aurel4260
*** RIVER *** [Ac Kc Th Qs] [9d]
*** SHOW DOWN ***
aurel4260: shows [7s Jh] (a straight, Ten to Ace)
neapoli3101: shows [Kd Jd] (a straight, Ten to Ace)
aurel4260 collected 550 from pot
neapoli3101 collected 550 from pot
*** SUMMARY ***
Total pot 1100 | Rake 0 
Board [Ac Kc Th Qs 9d]
Seat 1: aurel4260 (small blind) showed [7s Jh] and won (550) with a straight, Ten to Ace
Seat 2: Mahu2021 (big blind) folded on the Turn
Seat 3: neapoli3101 (button) showed [Kd Jd] and won (550) with a straight, Ten to Ace



PokerStars Hand #247694609497: Tournament #3687297922, $1.84+$0.16 USD Hold'em No Limit - Level II (15/30) - 2023/12/16 18:34:40 CET [2023/12/16 12:34:40 ET]
Table '3687297922 1' 3-max Seat #1 is the button
Seat 1: aurel4260 (810 in chips) 
Seat 2: Mahu2021 (140 in chips) 
Seat 3: neapoli3101 (550 in chips) 
Mahu2021: posts small blind 15
neapoli3101: posts big blind 30
*** HOLE CARDS ***
Dealt to Mahu2021 [Jh 6d]
aurel4260: folds 
Mahu2021: raises 110 to 140 and is all-in
neapoli3101: calls 110
*** FLOP *** [6c Ts Td]
*** TURN *** [6c Ts Td] [9s]
*** RIVER *** [6c Ts Td 9s] [Jc]
*** SHOW DOWN ***
Mahu2021: shows [Jh 6d] (two pair, Jacks and Tens)
neapoli3101: shows [6h Qh] (two pair, Tens and Sixes)
Mahu2021 collected 280 from pot
*** SUMMARY ***
Total pot 280 | Rake 0 
Board [6c Ts Td 9s Jc]
Seat 1: aurel4260 (button) folded before Flop (didn't bet)
Seat 2: Mahu2021 (small blind) showed [Jh 6d] and won (280) with two pair, Jacks and Tens
Seat 3: neapoli3101 (big blind) showed [6h Qh] and lost with two pair, Tens and Sixes



PokerStars Hand #247694613754: Tournament #3687297922, $1.84+$0.16 USD Hold'em No Limit - Level II (15/30) - 2023/12/16 18:34:54 CET [2023/12/16 12:34:54 ET]
Table '3687297922 1' 3-max Seat #2 is the button
Seat 1: aurel4260 (810 in chips) 
Seat 2: Mahu2021 (280 in chips) 
Seat 3: neapoli3101 (410 in chips) 
neapoli3101: posts small blind 15
aurel4260: posts big blind 30
*** HOLE CARDS ***
Dealt to Mahu2021 [2c Qs]
Mahu2021: folds 
neapoli3101: calls 15
aurel4260: checks 
*** FLOP *** [As 6s Jd]
neapoli3101: checks 
aurel4260: bets 30
neapoli3101: calls 30
*** TURN *** [As 6s Jd] [Js]
neapoli3101: checks 
aurel4260: bets 120
neapoli3101: folds 
Uncalled bet (120) returned to aurel4260
aurel4260 collected 120 from pot
*** SUMMARY ***
Total pot 120 | Rake 0 
Board [As 6s Jd Js]
Seat 1: aurel4260 (big blind) collected (120)
Seat 2: Mahu2021 (button) folded before Flop (didn't bet)
Seat 3: neapoli3101 (small blind) folded on the Turn



PokerStars Hand #247694618973: Tournament #3687297922, $1.84+$0.16 USD Hold'em No Limit - Level II (15/30) - 2023/12/16 18:35:11 CET [2023/12/16 12:35:11 ET]
Table '3687297922 1' 3-max Seat #3 is the button
Seat 1: aurel4260 (870 in chips) 
Seat 2: Mahu2021 (280 in chips) 
Seat 3: neapoli3101 (350 in chips) 
aurel4260: posts small blind 15
Mahu2021: posts big blind 30
*** HOLE CARDS ***
Dealt to Mahu2021 [3c Ts]
neapoli3101: folds 
aurel4260: calls 15
Mahu2021: checks 
*** FLOP *** [4h 9d Kd]
aurel4260: checks 
Mahu2021: checks 
*** TURN *** [4h 9d Kd] [Kc]
aurel4260: bets 30
Mahu2021: folds 
Uncalled bet (30) returned to aurel4260
aurel4260 collected 60 from pot
*** SUMMARY ***
Total pot 60 | Rake 0 
Board [4h 9d Kd Kc]
Seat 1: aurel4260 (small blind) collected (60)
Seat 2: Mahu2021 (big blind) folded on the Turn
Seat 3: neapoli3101 (button) folded before Flop (didn't bet)



PokerStars Hand #247694622916: Tournament #3687297922, $1.84+$0.16 USD Hold'em No Limit - Level II (15/30) - 2023/12/16 18:35:24 CET [2023/12/16 12:35:24 ET]
Table '3687297922 1' 3-max Seat #1 is the button
Seat 1: aurel4260 (900 in chips) 
Seat 2: Mahu2021 (250 in chips) 
Seat 3: neapoli3101 (350 in chips) 
Mahu2021: posts small blind 15
neapoli3101: posts big blind 30
*** HOLE CARDS ***
Dealt to Mahu2021 [Ac 7h]
aurel4260: calls 30
Mahu2021: raises 220 to 250 and is all-in
neapoli3101: folds 
aurel4260: calls 220
*** FLOP *** [As 3d 8s]
*** TURN *** [As 3d 8s] [Tc]
*** RIVER *** [As 3d 8s Tc] [Ks]
*** SHOW DOWN ***
Mahu2021: shows [Ac 7h] (a pair of Aces)
aurel4260: shows [9s Qd] (high card Ace)
Mahu2021 collected 530 from pot
*** SUMMARY ***
Total pot 530 | Rake 0 
Board [As 3d 8s Tc Ks]
Seat 1: aurel4260 (button) showed [9s Qd] and lost with high card Ace
Seat 2: Mahu2021 (small blind) showed [Ac 7h] and won (530) with a pair of Aces
Seat 3: neapoli3101 (big blind) folded before Flop



PokerStars Hand #247694630436: Tournament #3687297922, $1.84+$0.16 USD Hold'em No Limit - Level II (15/30) - 2023/12/16 18:35:48 CET [2023/12/16 12:35:48 ET]
Table '3687297922 1' 3-max Seat #2 is the button
Seat 1: aurel4260 (650 in chips) 
Seat 2: Mahu2021 (530 in chips) 
Seat 3: neapoli3101 (320 in chips) 
neapoli3101: posts small blind 15
aurel4260: posts big blind 30
*** HOLE CARDS ***
Dealt to Mahu2021 [9s 3h]
Mahu2021: folds 
neapoli3101: folds 
Uncalled bet (15) returned to aurel4260
aurel4260 collected 30 from pot
*** SUMMARY ***
Total pot 30 | Rake 0 
Seat 1: aurel4260 (big blind) collected (30)
Seat 2: Mahu2021 (button) folded before Flop (didn't bet)
Seat 3: neapoli3101 (small blind) folded before Flop



PokerStars Hand #247694632112: Tournament #3687297922, $1.84+$0.16 USD Hold'em No Limit - Level II (15/30) - 2023/12/16 18:35:54 CET [2023/12/16 12:35:54 ET]
Table '3687297922 1' 3-max Seat #3 is the button
Seat 1: aurel4260 (665 in chips) 
Seat 2: Mahu2021 (530 in chips) 
Seat 3: neapoli3101 (305 in chips) 
aurel4260: posts small blind 15
Mahu2021: posts big blind 30
*** HOLE CARDS ***
Dealt to Mahu2021 [2s Ks]
neapoli3101: folds 
aurel4260: calls 15
Mahu2021: checks 
*** FLOP *** [5d Ah 5h]
aurel4260: checks 
Mahu2021: bets 60
aurel4260: folds 
Uncalled bet (60) returned to Mahu2021
Mahu2021 collected 60 from pot
Mahu2021: doesn't show hand 
*** SUMMARY ***
Total pot 60 | Rake 0 
Board [5d Ah 5h]
Seat 1: aurel4260 (small blind) folded on the Flop
Seat 2: Mahu2021 (big blind) collected (60)
Seat 3: neapoli3101 (button) folded before Flop (didn't bet)



PokerStars Hand #247694637078: Tournament #3687297922, $1.84+$0.16 USD Hold'em No Limit - Level III (20/40) - 2023/12/16 18:36:10 CET [2023/12/16 12:36:10 ET]
Table '3687297922 1' 3-max Seat #1 is the button
Seat 1: aurel4260 (635 in chips) 
Seat 2: Mahu2021 (560 in chips) 
Seat 3: neapoli3101 (305 in chips) 
Mahu2021: posts small blind 20
neapoli3101: posts big blind 40
*** HOLE CARDS ***
Dealt to Mahu2021 [Tc 8d]
aurel4260: folds 
Mahu2021: folds 
Uncalled bet (20) returned to neapoli3101
neapoli3101 collected 40 from pot
neapoli3101: doesn't show hand 
*** SUMMARY ***
Total pot 40 | Rake 0 
Seat 1: aurel4260 (button) folded before Flop (didn't bet)
Seat 2: Mahu2021 (small blind) folded before Flop
Seat 3: neapoli3101 (big blind) collected (40)



PokerStars Hand #247694639752: Tournament #3687297922, $1.84+$0.16 USD Hold'em No Limit - Level III (20/40) - 2023/12/16 18:36:19 CET [2023/12/16 12:36:19 ET]
Table '3687297922 1' 3-max Seat #2 is the button
Seat 1: aurel4260 (635 in chips) 
Seat 2: Mahu2021 (540 in chips) 
Seat 3: neapoli3101 (325 in chips) 
neapoli3101: posts small blind 20
aurel4260: posts big blind 40
*** HOLE CARDS ***
Dealt to Mahu2021 [3c Kh]
Mahu2021: folds 
neapoli3101: calls 20
aurel4260: checks 
*** FLOP *** [4d 3s Js]
neapoli3101: checks 
aurel4260: bets 40
neapoli3101: folds 
Uncalled bet (40) returned to aurel4260
aurel4260 collected 80 from pot
*** SUMMARY ***
Total pot 80 | Rake 0 
Board [4d 3s Js]
Seat 1: aurel4260 (big blind) collected (80)
Seat 2: Mahu2021 (button) folded before Flop (didn't bet)
Seat 3: neapoli3101 (small blind) folded on the Flop



PokerStars Hand #247694647211: Tournament #3687297922, $1.84+$0.16 USD Hold'em No Limit - Level III (20/40) - 2023/12/16 18:36:43 CET [2023/12/16 12:36:43 ET]
Table '3687297922 1' 3-max Seat #3 is the button
Seat 1: aurel4260 (675 in chips) 
Seat 2: Mahu2021 (540 in chips) 
Seat 3: neapoli3101 (285 in chips) 
aurel4260: posts small blind 20
Mahu2021: posts big blind 40
*** HOLE CARDS ***
Dealt to Mahu2021 [Jd Qs]
neapoli3101: calls 40
aurel4260: calls 20
Mahu2021: checks 
*** FLOP *** [Ac 8c 9d]
aurel4260: checks 
Mahu2021: checks 
neapoli3101: checks 
*** TURN *** [Ac 8c 9d] [6d]
aurel4260: checks 
Mahu2021: bets 40
neapoli3101: folds 
aurel4260: folds 
Uncalled bet (40) returned to Mahu2021
Mahu2021 collected 120 from pot
Mahu2021: doesn't show hand 
*** SUMMARY ***
Total pot 120 | Rake 0 
Board [Ac 8c 9d 6d]
Seat 1: aurel4260 (small blind) folded on the Turn
Seat 2: Mahu2021 (big blind) collected (120)
Seat 3: neapoli3101 (button) folded on the Turn



PokerStars Hand #247694653932: Tournament #3687297922, $1.84+$0.16 USD Hold'em No Limit - Level III (20/40) - 2023/12/16 18:37:05 CET [2023/12/16 12:37:05 ET]
Table '3687297922 1' 3-max Seat #1 is the button
Seat 1: aurel4260 (635 in chips) 
Seat 2: Mahu2021 (620 in chips) 
Seat 3: neapoli3101 (245 in chips) 
Mahu2021: posts small blind 20
neapoli3101: posts big blind 40
*** HOLE CARDS ***
Dealt to Mahu2021 [Jh 4c]
aurel4260: folds 
Mahu2021: folds 
Uncalled bet (20) returned to neapoli3101
neapoli3101 collected 40 from pot
neapoli3101: doesn't show hand 
*** SUMMARY ***
Total pot 40 | Rake 0 
Seat 1: aurel4260 (button) folded before Flop (didn't bet)
Seat 2: Mahu2021 (small blind) folded before Flop
Seat 3: neapoli3101 (big blind) collected (40)



PokerStars Hand #247694655810: Tournament #3687297922, $1.84+$0.16 USD Hold'em No Limit - Level III (20/40) - 2023/12/16 18:37:11 CET [2023/12/16 12:37:11 ET]
Table '3687297922 1' 3-max Seat #2 is the button
Seat 1: aurel4260 (635 in chips) 
Seat 2: Mahu2021 (600 in chips) 
Seat 3: neapoli3101 (265 in chips) 
neapoli3101: posts small blind 20
aurel4260: posts big blind 40
*** HOLE CARDS ***
Dealt to Mahu2021 [Ts 4h]
Mahu2021: folds 
neapoli3101: folds 
Uncalled bet (20) returned to aurel4260
aurel4260 collected 40 from pot
*** SUMMARY ***
Total pot 40 | Rake 0 
Seat 1: aurel4260 (big blind) collected (40)
Seat 2: Mahu2021 (button) folded before Flop (didn't bet)
Seat 3: neapoli3101 (small blind) folded before Flop



PokerStars Hand #247694657723: Tournament #3687297922, $1.84+$0.16 USD Hold'em No Limit - Level III (20/40) - 2023/12/16 18:37:18 CET [2023/12/16 12:37:18 ET]
Table '3687297922 1' 3-max Seat #3 is the button
Seat 1: aurel4260 (655 in chips) 
Seat 2: Mahu2021 (600 in chips) 
Seat 3: neapoli3101 (245 in chips) 
aurel4260: posts small blind 20
Mahu2021: posts big blind 40
*** HOLE CARDS ***
Dealt to Mahu2021 [9d 6h]
neapoli3101: calls 40
aurel4260: calls 20
Mahu2021: checks 
*** FLOP *** [3h 8d 3s]
aurel4260: checks 
Mahu2021: checks 
neapoli3101: checks 
*** TURN *** [3h 8d 3s] [8c]
aurel4260: bets 40
Mahu2021: calls 40
neapoli3101: folds 
*** RIVER *** [3h 8d 3s 8c] [Kc]
aurel4260: bets 40
Mahu2021: folds 
Uncalled bet (40) returned to aurel4260
aurel4260 collected 200 from pot
*** SUMMARY ***
Total pot 200 | Rake 0 
Board [3h 8d 3s 8c Kc]
Seat 1: aurel4260 (small blind) collected (200)
Seat 2: Mahu2021 (big blind) folded on the River
Seat 3: neapoli3101 (button) folded on the Turn



PokerStars Hand #247694663505: Tournament #3687297922, $1.84+$0.16 USD Hold'em No Limit - Level III (20/40) - 2023/12/16 18:37:37 CET [2023/12/16 12:37:37 ET]
Table '3687297922 1' 3-max Seat #1 is the button
Seat 1: aurel4260 (775 in chips) 
Seat 2: Mahu2021 (520 in chips) 
Seat 3: neapoli3101 (205 in chips) 
Mahu2021: posts small blind 20
neapoli3101: posts big blind 40
*** HOLE CARDS ***
Dealt to Mahu2021 [3c Ac]
aurel4260: folds 
Mahu2021: raises 480 to 520 and is all-in
neapoli3101: calls 165 and is all-in
Uncalled bet (315) returned to Mahu2021
*** FLOP *** [Tc 9d 7s]
*** TURN *** [Tc 9d 7s] [Th]
*** RIVER *** [Tc 9d 7s Th] [8d]
*** SHOW DOWN ***
Mahu2021: shows [3c Ac] (a pair of Tens)
neapoli3101: shows [8c 4c] (two pair, Tens and Eights)
neapoli3101 collected 410 from pot
*** SUMMARY ***
Total pot 410 | Rake 0 
Board [Tc 9d 7s Th 8d]
Seat 1: aurel4260 (button) folded before Flop (didn't bet)
Seat 2: Mahu2021 (small blind) showed [3c Ac] and lost with a pair of Tens
Seat 3: neapoli3101 (big blind) showed [8c 4c] and won (410) with two pair, Tens and Eights



PokerStars Hand #247694668087: Tournament #3687297922, $1.84+$0.16 USD Hold'em No Limit - Level III (20/40) - 2023/12/16 18:37:52 CET [2023/12/16 12:37:52 ET]
Table '3687297922 1' 3-max Seat #2 is the button
Seat 1: aurel4260 (775 in chips) 
Seat 2: Mahu2021 (315 in chips) 
Seat 3: neapoli3101 (410 in chips) 
neapoli3101: posts small blind 20
aurel4260: posts big blind 40
*** HOLE CARDS ***
Dealt to Mahu2021 [9c Ac]
Mahu2021: raises 275 to 315 and is all-in
neapoli3101: folds 
aurel4260: calls 275
*** FLOP *** [3c 4c Qd]
*** TURN *** [3c 4c Qd] [7c]
*** RIVER *** [3c 4c Qd 7c] [Kh]
*** SHOW DOWN ***
aurel4260: shows [Jd 2d] (high card King)
Mahu2021: shows [9c Ac] (a flush, Ace high)
Mahu2021 collected 650 from pot
*** SUMMARY ***
Total pot 650 | Rake 0 
Board [3c 4c Qd 7c Kh]
Seat 1: aurel4260 (big blind) showed [Jd 2d] and lost with high card King
Seat 2: Mahu2021 (button) showed [9c Ac] and won (650) with a flush, Ace high
Seat 3: neapoli3101 (small blind) folded before Flop



PokerStars Hand #247694673579: Tournament #3687297922, $1.84+$0.16 USD Hold'em No Limit - Level IV (30/60) - 2023/12/16 18:38:10 CET [2023/12/16 12:38:10 ET]
Table '3687297922 1' 3-max Seat #3 is the button
Seat 1: aurel4260 (460 in chips) 
Seat 2: Mahu2021 (650 in chips) 
Seat 3: neapoli3101 (390 in chips) 
aurel4260: posts small blind 30
Mahu2021: posts big blind 60
*** HOLE CARDS ***
Dealt to Mahu2021 [Ad 7h]
neapoli3101: folds 
aurel4260: folds 
Uncalled bet (30) returned to Mahu2021
Mahu2021 collected 60 from pot
Mahu2021: doesn't show hand 
*** SUMMARY ***
Total pot 60 | Rake 0 
Seat 1: aurel4260 (small blind) folded before Flop
Seat 2: Mahu2021 (big blind) collected (60)
Seat 3: neapoli3101 (button) folded before Flop (didn't bet)



PokerStars Hand #247694675588: Tournament #3687297922, $1.84+$0.16 USD Hold'em No Limit - Level IV (30/60) - 2023/12/16 18:38:17 CET [2023/12/16 12:38:17 ET]
Table '3687297922 1' 3-max Seat #1 is the button
Seat 1: aurel4260 (430 in chips) 
Seat 2: Mahu2021 (680 in chips) 
Seat 3: neapoli3101 (390 in chips) 
Mahu2021: posts small blind 30
neapoli3101: posts big blind 60
*** HOLE CARDS ***
Dealt to Mahu2021 [5h Qc]
aurel4260: raises 60 to 120
Mahu2021: folds 
neapoli3101: calls 60
*** FLOP *** [8c Qs 6s]
neapoli3101: checks 
aurel4260: checks 
*** TURN *** [8c Qs 6s] [Ac]
neapoli3101: checks 
aurel4260: bets 310 and is all-in
neapoli3101: folds 
Uncalled bet (310) returned to aurel4260
aurel4260 collected 270 from pot
*** SUMMARY ***
Total pot 270 | Rake 0 
Board [8c Qs 6s Ac]
Seat 1: aurel4260 (button) collected (270)
Seat 2: Mahu2021 (small blind) folded before Flop
Seat 3: neapoli3101 (big blind) folded on the Turn



PokerStars Hand #247694680744: Tournament #3687297922, $1.84+$0.16 USD Hold'em No Limit - Level IV (30/60) - 2023/12/16 18:38:34 CET [2023/12/16 12:38:34 ET]
Table '3687297922 1' 3-max Seat #2 is the button
Seat 1: aurel4260 (580 in chips) 
Seat 2: Mahu2021 (650 in chips) 
Seat 3: neapoli3101 (270 in chips) 
neapoli3101: posts small blind 30
aurel4260: posts big blind 60
*** HOLE CARDS ***
Dealt to Mahu2021 [Kh 8c]
Mahu2021: folds 
neapoli3101: folds 
Uncalled bet (30) returned to aurel4260
aurel4260 collected 60 from pot
*** SUMMARY ***
Total pot 60 | Rake 0 
Seat 1: aurel4260 (big blind) collected (60)
Seat 2: Mahu2021 (button) folded before Flop (didn't bet)
Seat 3: neapoli3101 (small blind) folded before Flop



PokerStars Hand #247694682545: Tournament #3687297922, $1.84+$0.16 USD Hold'em No Limit - Level IV (30/60) - 2023/12/16 18:38:40 CET [2023/12/16 12:38:40 ET]
Table '3687297922 1' 3-max Seat #3 is the button
Seat 1: aurel4260 (610 in chips) 
Seat 2: Mahu2021 (650 in chips) 
Seat 3: neapoli3101 (240 in chips) 
aurel4260: posts small blind 30
Mahu2021: posts big blind 60
*** HOLE CARDS ***
Dealt to Mahu2021 [4h 7c]
neapoli3101: raises 60 to 120
aurel4260: raises 490 to 610 and is all-in
Mahu2021: folds 
neapoli3101: calls 120 and is all-in
Uncalled bet (370) returned to aurel4260
*** FLOP *** [9h Ac 9c]
*** TURN *** [9h Ac 9c] [7d]
*** RIVER *** [9h Ac 9c 7d] [5c]
*** SHOW DOWN ***
aurel4260: shows [Kd Qd] (a pair of Nines)
neapoli3101: shows [Jd Js] (two pair, Jacks and Nines)
neapoli3101 collected 540 from pot
*** SUMMARY ***
Total pot 540 | Rake 0 
Board [9h Ac 9c 7d 5c]
Seat 1: aurel4260 (small blind) showed [Kd Qd] and lost with a pair of Nines
Seat 2: Mahu2021 (big blind) folded before Flop
Seat 3: neapoli3101 (button) showed [Jd Js] and won (540) with two pair, Jacks and Nines



PokerStars Hand #247694687347: Tournament #3687297922, $1.84+$0.16 USD Hold'em No Limit - Level IV (30/60) - 2023/12/16 18:38:56 CET [2023/12/16 12:38:56 ET]
Table '3687297922 1' 3-max Seat #1 is the button
Seat 1: aurel4260 (370 in chips) 
Seat 2: Mahu2021 (590 in chips) 
Seat 3: neapoli3101 (540 in chips) 
Mahu2021: posts small blind 30
neapoli3101: posts big blind 60
*** HOLE CARDS ***
Dealt to Mahu2021 [Kc Tc]
aurel4260: folds 
Mahu2021: raises 60 to 120
neapoli3101: folds 
Uncalled bet (60) returned to Mahu2021
Mahu2021 collected 120 from pot
Mahu2021: doesn't show hand 
*** SUMMARY ***
Total pot 120 | Rake 0 
Seat 1: aurel4260 (button) folded before Flop (didn't bet)
Seat 2: Mahu2021 (small blind) collected (120)
Seat 3: neapoli3101 (big blind) folded before Flop



PokerStars Hand #247694689454: Tournament #3687297922, $1.84+$0.16 USD Hold'em No Limit - Level IV (30/60) - 2023/12/16 18:39:03 CET [2023/12/16 12:39:03 ET]
Table '3687297922 1' 3-max Seat #2 is the button
Seat 1: aurel4260 (370 in chips) 
Seat 2: Mahu2021 (650 in chips) 
Seat 3: neapoli3101 (480 in chips) 
neapoli3101: posts small blind 30
aurel4260: posts big blind 60
*** HOLE CARDS ***
Dealt to Mahu2021 [2h Qs]
Mahu2021: folds 
neapoli3101: calls 30
aurel4260: checks 
*** FLOP *** [As 3h 6s]
neapoli3101: checks 
aurel4260: bets 310 and is all-in
neapoli3101: folds 
Uncalled bet (310) returned to aurel4260
aurel4260 collected 120 from pot
*** SUMMARY ***
Total pot 120 | Rake 0 
Board [As 3h 6s]
Seat 1: aurel4260 (big blind) collected (120)
Seat 2: Mahu2021 (button) folded before Flop (didn't bet)
Seat 3: neapoli3101 (small blind) folded on the Flop



PokerStars Hand #247694693855: Tournament #3687297922, $1.84+$0.16 USD Hold'em No Limit - Level IV (30/60) - 2023/12/16 18:39:17 CET [2023/12/16 12:39:17 ET]
Table '3687297922 1' 3-max Seat #3 is the button
Seat 1: aurel4260 (430 in chips) 
Seat 2: Mahu2021 (650 in chips) 
Seat 3: neapoli3101 (420 in chips) 
aurel4260: posts small blind 30
Mahu2021: posts big blind 60
*** HOLE CARDS ***
Dealt to Mahu2021 [3c 7s]
neapoli3101: folds 
aurel4260: folds 
Uncalled bet (30) returned to Mahu2021
Mahu2021 collected 60 from pot
Mahu2021: doesn't show hand 
*** SUMMARY ***
Total pot 60 | Rake 0 
Seat 1: aurel4260 (small blind) folded before Flop
Seat 2: Mahu2021 (big blind) collected (60)
Seat 3: neapoli3101 (button) folded before Flop (didn't bet)



PokerStars Hand #247694695923: Tournament #3687297922, $1.84+$0.16 USD Hold'em No Limit - Level IV (30/60) - 2023/12/16 18:39:24 CET [2023/12/16 12:39:24 ET]
Table '3687297922 1' 3-max Seat #1 is the button
Seat 1: aurel4260 (400 in chips) 
Seat 2: Mahu2021 (680 in chips) 
Seat 3: neapoli3101 (420 in chips) 
Mahu2021: posts small blind 30
neapoli3101: posts big blind 60
*** HOLE CARDS ***
Dealt to Mahu2021 [Js 8d]
aurel4260: folds 
Mahu2021: calls 30
neapoli3101: checks 
*** FLOP *** [5s Qc Ah]
Mahu2021: bets 60
neapoli3101: folds 
Uncalled bet (60) returned to Mahu2021
Mahu2021 collected 120 from pot
Mahu2021: doesn't show hand 
*** SUMMARY ***
Total pot 120 | Rake 0 
Board [5s Qc Ah]
Seat 1: aurel4260 (button) folded before Flop (didn't bet)
Seat 2: Mahu2021 (small blind) collected (120)
Seat 3: neapoli3101 (big blind) folded on the Flop



PokerStars Hand #247694698437: Tournament #3687297922, $1.84+$0.16 USD Hold'em No Limit - Level IV (30/60) - 2023/12/16 18:39:32 CET [2023/12/16 12:39:32 ET]
Table '3687297922 1' 3-max Seat #2 is the button
Seat 1: aurel4260 (400 in chips) 
Seat 2: Mahu2021 (740 in chips) 
Seat 3: neapoli3101 (360 in chips) 
neapoli3101: posts small blind 30
aurel4260: posts big blind 60
*** HOLE CARDS ***
Dealt to Mahu2021 [6s 5h]
Mahu2021: folds 
neapoli3101: calls 30
aurel4260: checks 
*** FLOP *** [Js 8h 7d]
neapoli3101: checks 
aurel4260: bets 340 and is all-in
neapoli3101: folds 
Uncalled bet (340) returned to aurel4260
aurel4260 collected 120 from pot
*** SUMMARY ***
Total pot 120 | Rake 0 
Board [Js 8h 7d]
Seat 1: aurel4260 (big blind) collected (120)
Seat 2: Mahu2021 (button) folded before Flop (didn't bet)
Seat 3: neapoli3101 (small blind) folded on the Flop



PokerStars Hand #247694701843: Tournament #3687297922, $1.84+$0.16 USD Hold'em No Limit - Level IV (30/60) - 2023/12/16 18:39:43 CET [2023/12/16 12:39:43 ET]
Table '3687297922 1' 3-max Seat #3 is the button
Seat 1: aurel4260 (460 in chips) 
Seat 2: Mahu2021 (740 in chips) 
Seat 3: neapoli3101 (300 in chips) 
aurel4260: posts small blind 30
Mahu2021: posts big blind 60
*** HOLE CARDS ***
Dealt to Mahu2021 [3h Ac]
neapoli3101: folds 
aurel4260: calls 30
Mahu2021: checks 
*** FLOP *** [4s Ah 2s]
aurel4260: bets 60
Mahu2021: calls 60
*** TURN *** [4s Ah 2s] [As]
aurel4260: bets 340 and is all-in
Mahu2021: calls 340
*** RIVER *** [4s Ah 2s As] [7c]
*** SHOW DOWN ***
aurel4260: shows [Qc Kh] (a pair of Aces)
Mahu2021: shows [3h Ac] (three of a kind, Aces)
Mahu2021 collected 920 from pot
aurel4260 finished the tournament in 3rd place
*** SUMMARY ***
Total pot 920 | Rake 0 
Board [4s Ah 2s As 7c]
Seat 1: aurel4260 (small blind) showed [Qc Kh] and lost with a pair of Aces
Seat 2: Mahu2021 (big blind) showed [3h Ac] and won (920) with three of a kind, Aces
Seat 3: neapoli3101 (button) folded before Flop (didn't bet)



PokerStars Hand #247694707720: Tournament #3687297922, $1.84+$0.16 USD Hold'em No Limit - Level V (40/80) - 2023/12/16 18:40:03 CET [2023/12/16 12:40:03 ET]
Table '3687297922 1' 3-max Seat #2 is the button
Seat 2: Mahu2021 (1200 in chips) 
Seat 3: neapoli3101 (300 in chips) 
Mahu2021: posts small blind 40
neapoli3101: posts big blind 80
*** HOLE CARDS ***
Dealt to Mahu2021 [5s Js]
Mahu2021: raises 1120 to 1200 and is all-in
neapoli3101: folds 
Uncalled bet (1120) returned to Mahu2021
Mahu2021 collected 160 from pot
Mahu2021: doesn't show hand 
*** SUMMARY ***
Total pot 160 | Rake 0 
Seat 2: Mahu2021 (button) (small blind) collected (160)
Seat 3: neapoli3101 (big blind) folded before Flop



PokerStars Hand #247694709761: Tournament #3687297922, $1.84+$0.16 USD Hold'em No Limit - Level V (40/80) - 2023/12/16 18:40:10 CET [2023/12/16 12:40:10 ET]
Table '3687297922 1' 3-max Seat #3 is the button
Seat 2: Mahu2021 (1280 in chips) 
Seat 3: neapoli3101 (220 in chips) 
neapoli3101: posts small blind 40
Mahu2021: posts big blind 80
*** HOLE CARDS ***
Dealt to Mahu2021 [2d 3d]
neapoli3101: calls 40
Mahu2021: checks 
*** FLOP *** [Jc 9d 9h]
Mahu2021: checks 
neapoli3101: checks 
*** TURN *** [Jc 9d 9h] [6s]
Mahu2021: bets 80
neapoli3101: folds 
Uncalled bet (80) returned to Mahu2021
Mahu2021 collected 160 from pot
Mahu2021: doesn't show hand 
*** SUMMARY ***
Total pot 160 | Rake 0 
Board [Jc 9d 9h 6s]
Seat 2: Mahu2021 (big blind) collected (160)
Seat 3: neapoli3101 (button) (small blind) folded on the Turn



