PokerStars Hand #242942038504: Tournament #3573577689, $0.92+$0.08 USD Hold'em No Limit - Level I (10/20) - 2023/04/07 16:35:55 CET [2023/04/07 10:35:55 ET]
Table '3573577689 1' 3-max Seat #1 is the button
Seat 1: Booklet time (500 in chips) 
Seat 2: Mahu2021 (500 in chips) 
Seat 3: Trabala655 (500 in chips) 
Mahu2021: posts small blind 10
Trabala655: posts big blind 20
*** HOLE CARDS ***
Dealt to Mahu2021 [6s 6h]
Booklet time: raises 20 to 40
Mahu2021: raises 460 to 500 and is all-in
Trabala655: folds 
Booklet time: calls 460 and is all-in
*** FLOP *** [8h 6c 7h]
*** TURN *** [8h 6c 7h] [Kd]
*** RIVER *** [8h 6c 7h Kd] [3s]
*** SHOW DOWN ***
Mahu2021: shows [6s 6h] (three of a kind, Sixes)
Booklet time: shows [As Jh] (high card Ace)
Mahu2021 collected 1020 from pot
Booklet time finished the tournament in 3rd place
*** SUMMARY ***
Total pot 1020 | Rake 0 
Board [8h 6c 7h Kd 3s]
Seat 1: Booklet time (button) showed [As Jh] and lost with high card Ace
Seat 2: Mahu2021 (small blind) showed [6s 6h] and won (1020) with three of a kind, Sixes
Seat 3: Trabala655 (big blind) folded before Flop



PokerStars Hand #242942043678: Tournament #3573577689, $0.92+$0.08 USD Hold'em No Limit - Level I (10/20) - 2023/04/07 16:36:13 CET [2023/04/07 10:36:13 ET]
Table '3573577689 1' 3-max Seat #3 is the button
Seat 2: Mahu2021 (1020 in chips) 
Seat 3: Trabala655 (480 in chips) 
Trabala655: posts small blind 10
Mahu2021: posts big blind 20
*** HOLE CARDS ***
Dealt to Mahu2021 [5s 8d]
Trabala655: raises 40 to 60
Mahu2021: folds 
Uncalled bet (40) returned to Trabala655
Trabala655 collected 40 from pot
Trabala655: doesn't show hand 
*** SUMMARY ***
Total pot 40 | Rake 0 
Seat 2: Mahu2021 (big blind) folded before Flop
Seat 3: Trabala655 (button) (small blind) collected (40)



PokerStars Hand #242942045999: Tournament #3573577689, $0.92+$0.08 USD Hold'em No Limit - Level I (10/20) - 2023/04/07 16:36:22 CET [2023/04/07 10:36:22 ET]
Table '3573577689 1' 3-max Seat #2 is the button
Seat 2: Mahu2021 (1000 in chips) 
Seat 3: Trabala655 (500 in chips) 
Mahu2021: posts small blind 10
Trabala655: posts big blind 20
*** HOLE CARDS ***
Dealt to Mahu2021 [2h 5s]
Mahu2021: folds 
Uncalled bet (10) returned to Trabala655
Trabala655 collected 20 from pot
Trabala655: doesn't show hand 
*** SUMMARY ***
Total pot 20 | Rake 0 
Seat 2: Mahu2021 (button) (small blind) folded before Flop
Seat 3: Trabala655 (big blind) collected (20)



PokerStars Hand #242942047232: Tournament #3573577689, $0.92+$0.08 USD Hold'em No Limit - Level I (10/20) - 2023/04/07 16:36:26 CET [2023/04/07 10:36:26 ET]
Table '3573577689 1' 3-max Seat #3 is the button
Seat 2: Mahu2021 (990 in chips) 
Seat 3: Trabala655 (510 in chips) 
Trabala655: posts small blind 10
Mahu2021: posts big blind 20
*** HOLE CARDS ***
Dealt to Mahu2021 [Ac 7c]
Trabala655: raises 40 to 60
Mahu2021: calls 40
*** FLOP *** [4d 7h Qd]
Mahu2021: checks 
Trabala655: bets 60
Mahu2021: raises 870 to 930 and is all-in
Trabala655: folds 
Uncalled bet (870) returned to Mahu2021
Mahu2021 collected 240 from pot
Mahu2021: doesn't show hand 
*** SUMMARY ***
Total pot 240 | Rake 0 
Board [4d 7h Qd]
Seat 2: Mahu2021 (big blind) collected (240)
Seat 3: Trabala655 (button) (small blind) folded on the Flop



PokerStars Hand #242942052035: Tournament #3573577689, $0.92+$0.08 USD Hold'em No Limit - Level I (10/20) - 2023/04/07 16:36:43 CET [2023/04/07 10:36:43 ET]
Table '3573577689 1' 3-max Seat #2 is the button
Seat 2: Mahu2021 (1110 in chips) 
Seat 3: Trabala655 (390 in chips) 
Mahu2021: posts small blind 10
Trabala655: posts big blind 20
*** HOLE CARDS ***
Dealt to Mahu2021 [9d 5h]
Mahu2021: folds 
Uncalled bet (10) returned to Trabala655
Trabala655 collected 20 from pot
Trabala655: doesn't show hand 
*** SUMMARY ***
Total pot 20 | Rake 0 
Seat 2: Mahu2021 (button) (small blind) folded before Flop
Seat 3: Trabala655 (big blind) collected (20)



PokerStars Hand #242942053418: Tournament #3573577689, $0.92+$0.08 USD Hold'em No Limit - Level I (10/20) - 2023/04/07 16:36:48 CET [2023/04/07 10:36:48 ET]
Table '3573577689 1' 3-max Seat #3 is the button
Seat 2: Mahu2021 (1100 in chips) 
Seat 3: Trabala655 (400 in chips) 
Trabala655: posts small blind 10
Mahu2021: posts big blind 20
*** HOLE CARDS ***
Dealt to Mahu2021 [9h Ts]
Trabala655: calls 10
Mahu2021: checks 
*** FLOP *** [9c Ah Jc]
Mahu2021: checks 
Trabala655: checks 
*** TURN *** [9c Ah Jc] [2d]
Mahu2021: checks 
Trabala655: checks 
*** RIVER *** [9c Ah Jc 2d] [8d]
Mahu2021: bets 20
Trabala655: folds 
Uncalled bet (20) returned to Mahu2021
Mahu2021 collected 40 from pot
Mahu2021: doesn't show hand 
*** SUMMARY ***
Total pot 40 | Rake 0 
Board [9c Ah Jc 2d 8d]
Seat 2: Mahu2021 (big blind) collected (40)
Seat 3: Trabala655 (button) (small blind) folded on the River



PokerStars Hand #242942057419: Tournament #3573577689, $0.92+$0.08 USD Hold'em No Limit - Level I (10/20) - 2023/04/07 16:37:02 CET [2023/04/07 10:37:02 ET]
Table '3573577689 1' 3-max Seat #2 is the button
Seat 2: Mahu2021 (1120 in chips) 
Seat 3: Trabala655 (380 in chips) 
Mahu2021: posts small blind 10
Trabala655: posts big blind 20
*** HOLE CARDS ***
Dealt to Mahu2021 [4d Ts]
Mahu2021: folds 
Uncalled bet (10) returned to Trabala655
Trabala655 collected 20 from pot
Trabala655: doesn't show hand 
*** SUMMARY ***
Total pot 20 | Rake 0 
Seat 2: Mahu2021 (button) (small blind) folded before Flop
Seat 3: Trabala655 (big blind) collected (20)



PokerStars Hand #242942058686: Tournament #3573577689, $0.92+$0.08 USD Hold'em No Limit - Level I (10/20) - 2023/04/07 16:37:07 CET [2023/04/07 10:37:07 ET]
Table '3573577689 1' 3-max Seat #3 is the button
Seat 2: Mahu2021 (1110 in chips) 
Seat 3: Trabala655 (390 in chips) 
Trabala655: posts small blind 10
Mahu2021: posts big blind 20
*** HOLE CARDS ***
Dealt to Mahu2021 [6s Ts]
Trabala655: calls 10
Mahu2021: checks 
*** FLOP *** [3d 6h 3c]
Mahu2021: bets 20
Trabala655: folds 
Uncalled bet (20) returned to Mahu2021
Mahu2021 collected 40 from pot
Mahu2021: doesn't show hand 
*** SUMMARY ***
Total pot 40 | Rake 0 
Board [3d 6h 3c]
Seat 2: Mahu2021 (big blind) collected (40)
Seat 3: Trabala655 (button) (small blind) folded on the Flop



PokerStars Hand #242942061110: Tournament #3573577689, $0.92+$0.08 USD Hold'em No Limit - Level I (10/20) - 2023/04/07 16:37:16 CET [2023/04/07 10:37:16 ET]
Table '3573577689 1' 3-max Seat #2 is the button
Seat 2: Mahu2021 (1130 in chips) 
Seat 3: Trabala655 (370 in chips) 
Mahu2021: posts small blind 10
Trabala655: posts big blind 20
*** HOLE CARDS ***
Dealt to Mahu2021 [Ks Ts]
Mahu2021: raises 20 to 40
Trabala655: folds 
Uncalled bet (20) returned to Mahu2021
Mahu2021 collected 40 from pot
Mahu2021: doesn't show hand 
*** SUMMARY ***
Total pot 40 | Rake 0 
Seat 2: Mahu2021 (button) (small blind) collected (40)
Seat 3: Trabala655 (big blind) folded before Flop



PokerStars Hand #242942063266: Tournament #3573577689, $0.92+$0.08 USD Hold'em No Limit - Level I (10/20) - 2023/04/07 16:37:23 CET [2023/04/07 10:37:23 ET]
Table '3573577689 1' 3-max Seat #3 is the button
Seat 2: Mahu2021 (1150 in chips) 
Seat 3: Trabala655 (350 in chips) 
Trabala655: posts small blind 10
Mahu2021: posts big blind 20
*** HOLE CARDS ***
Dealt to Mahu2021 [Qs 2h]
Trabala655: folds 
Uncalled bet (10) returned to Mahu2021
Mahu2021 collected 20 from pot
Mahu2021: doesn't show hand 
*** SUMMARY ***
Total pot 20 | Rake 0 
Seat 2: Mahu2021 (big blind) collected (20)
Seat 3: Trabala655 (button) (small blind) folded before Flop



PokerStars Hand #242942064391: Tournament #3573577689, $0.92+$0.08 USD Hold'em No Limit - Level I (10/20) - 2023/04/07 16:37:27 CET [2023/04/07 10:37:27 ET]
Table '3573577689 1' 3-max Seat #2 is the button
Seat 2: Mahu2021 (1160 in chips) 
Seat 3: Trabala655 (340 in chips) 
Mahu2021: posts small blind 10
Trabala655: posts big blind 20
*** HOLE CARDS ***
Dealt to Mahu2021 [4h 8c]
Mahu2021: folds 
Uncalled bet (10) returned to Trabala655
Trabala655 collected 20 from pot
Trabala655: doesn't show hand 
*** SUMMARY ***
Total pot 20 | Rake 0 
Seat 2: Mahu2021 (button) (small blind) folded before Flop
Seat 3: Trabala655 (big blind) collected (20)



PokerStars Hand #242942065821: Tournament #3573577689, $0.92+$0.08 USD Hold'em No Limit - Level I (10/20) - 2023/04/07 16:37:32 CET [2023/04/07 10:37:32 ET]
Table '3573577689 1' 3-max Seat #3 is the button
Seat 2: Mahu2021 (1150 in chips) 
Seat 3: Trabala655 (350 in chips) 
Trabala655: posts small blind 10
Mahu2021: posts big blind 20
*** HOLE CARDS ***
Dealt to Mahu2021 [3h 9d]
Trabala655: folds 
Uncalled bet (10) returned to Mahu2021
Mahu2021 collected 20 from pot
Mahu2021: doesn't show hand 
*** SUMMARY ***
Total pot 20 | Rake 0 
Seat 2: Mahu2021 (big blind) collected (20)
Seat 3: Trabala655 (button) (small blind) folded before Flop



PokerStars Hand #242942067033: Tournament #3573577689, $0.92+$0.08 USD Hold'em No Limit - Level I (10/20) - 2023/04/07 16:37:37 CET [2023/04/07 10:37:37 ET]
Table '3573577689 1' 3-max Seat #2 is the button
Seat 2: Mahu2021 (1160 in chips) 
Seat 3: Trabala655 (340 in chips) 
Mahu2021: posts small blind 10
Trabala655: posts big blind 20
*** HOLE CARDS ***
Dealt to Mahu2021 [9c Jd]
Mahu2021: raises 20 to 40
Trabala655: folds 
Uncalled bet (20) returned to Mahu2021
Mahu2021 collected 40 from pot
Mahu2021: doesn't show hand 
*** SUMMARY ***
Total pot 40 | Rake 0 
Seat 2: Mahu2021 (button) (small blind) collected (40)
Seat 3: Trabala655 (big blind) folded before Flop



PokerStars Hand #242942068814: Tournament #3573577689, $0.92+$0.08 USD Hold'em No Limit - Level I (10/20) - 2023/04/07 16:37:43 CET [2023/04/07 10:37:43 ET]
Table '3573577689 1' 3-max Seat #3 is the button
Seat 2: Mahu2021 (1180 in chips) 
Seat 3: Trabala655 (320 in chips) 
Trabala655: posts small blind 10
Mahu2021: posts big blind 20
*** HOLE CARDS ***
Dealt to Mahu2021 [Ac Kh]
Trabala655: folds 
Uncalled bet (10) returned to Mahu2021
Mahu2021 collected 20 from pot
Mahu2021: doesn't show hand 
*** SUMMARY ***
Total pot 20 | Rake 0 
Seat 2: Mahu2021 (big blind) collected (20)
Seat 3: Trabala655 (button) (small blind) folded before Flop



PokerStars Hand #242942070109: Tournament #3573577689, $0.92+$0.08 USD Hold'em No Limit - Level I (10/20) - 2023/04/07 16:37:47 CET [2023/04/07 10:37:47 ET]
Table '3573577689 1' 3-max Seat #2 is the button
Seat 2: Mahu2021 (1190 in chips) 
Seat 3: Trabala655 (310 in chips) 
Mahu2021: posts small blind 10
Trabala655: posts big blind 20
*** HOLE CARDS ***
Dealt to Mahu2021 [7d 3s]
Mahu2021: folds 
Uncalled bet (10) returned to Trabala655
Trabala655 collected 20 from pot
Trabala655: doesn't show hand 
*** SUMMARY ***
Total pot 20 | Rake 0 
Seat 2: Mahu2021 (button) (small blind) folded before Flop
Seat 3: Trabala655 (big blind) collected (20)



PokerStars Hand #242942071944: Tournament #3573577689, $0.92+$0.08 USD Hold'em No Limit - Level I (10/20) - 2023/04/07 16:37:54 CET [2023/04/07 10:37:54 ET]
Table '3573577689 1' 3-max Seat #3 is the button
Seat 2: Mahu2021 (1180 in chips) 
Seat 3: Trabala655 (320 in chips) 
Trabala655: posts small blind 10
Mahu2021: posts big blind 20
*** HOLE CARDS ***
Dealt to Mahu2021 [Ad Kh]
Trabala655: raises 40 to 60
Mahu2021: raises 1120 to 1180 and is all-in
Trabala655: folds 
Uncalled bet (1120) returned to Mahu2021
Mahu2021 collected 120 from pot
Mahu2021: doesn't show hand 
*** SUMMARY ***
Total pot 120 | Rake 0 
Seat 2: Mahu2021 (big blind) collected (120)
Seat 3: Trabala655 (button) (small blind) folded before Flop



PokerStars Hand #242942074217: Tournament #3573577689, $0.92+$0.08 USD Hold'em No Limit - Level I (10/20) - 2023/04/07 16:38:02 CET [2023/04/07 10:38:02 ET]
Table '3573577689 1' 3-max Seat #2 is the button
Seat 2: Mahu2021 (1240 in chips) 
Seat 3: Trabala655 (260 in chips) 
Mahu2021: posts small blind 10
Trabala655: posts big blind 20
*** HOLE CARDS ***
Dealt to Mahu2021 [2h 4c]
Mahu2021: folds 
Uncalled bet (10) returned to Trabala655
Trabala655 collected 20 from pot
Trabala655: doesn't show hand 
*** SUMMARY ***
Total pot 20 | Rake 0 
Seat 2: Mahu2021 (button) (small blind) folded before Flop
Seat 3: Trabala655 (big blind) collected (20)



PokerStars Hand #242942075599: Tournament #3573577689, $0.92+$0.08 USD Hold'em No Limit - Level I (10/20) - 2023/04/07 16:38:07 CET [2023/04/07 10:38:07 ET]
Table '3573577689 1' 3-max Seat #3 is the button
Seat 2: Mahu2021 (1230 in chips) 
Seat 3: Trabala655 (270 in chips) 
Trabala655: posts small blind 10
Mahu2021: posts big blind 20
*** HOLE CARDS ***
Dealt to Mahu2021 [4c 3c]
Trabala655: calls 10
Mahu2021: checks 
*** FLOP *** [Ad 2d As]
Mahu2021: checks 
Trabala655: checks 
*** TURN *** [Ad 2d As] [Js]
Mahu2021: checks 
Trabala655: checks 
*** RIVER *** [Ad 2d As Js] [3s]
Mahu2021: bets 20
Trabala655: folds 
Uncalled bet (20) returned to Mahu2021
Mahu2021 collected 40 from pot
Mahu2021: doesn't show hand 
*** SUMMARY ***
Total pot 40 | Rake 0 
Board [Ad 2d As Js 3s]
Seat 2: Mahu2021 (big blind) collected (40)
Seat 3: Trabala655 (button) (small blind) folded on the River



PokerStars Hand #242942079559: Tournament #3573577689, $0.92+$0.08 USD Hold'em No Limit - Level I (10/20) - 2023/04/07 16:38:22 CET [2023/04/07 10:38:22 ET]
Table '3573577689 1' 3-max Seat #2 is the button
Seat 2: Mahu2021 (1250 in chips) 
Seat 3: Trabala655 (250 in chips) 
Mahu2021: posts small blind 10
Trabala655: posts big blind 20
*** HOLE CARDS ***
Dealt to Mahu2021 [9c Tc]
Mahu2021: calls 10
Trabala655: checks 
*** FLOP *** [Kc 8s 7s]
Trabala655: bets 40
Mahu2021: calls 40
*** TURN *** [Kc 8s 7s] [9d]
Trabala655: checks 
Mahu2021: checks 
*** RIVER *** [Kc 8s 7s 9d] [2d]
Trabala655: checks 
Mahu2021: checks 
*** SHOW DOWN ***
Trabala655: shows [8c 3s] (a pair of Eights)
Mahu2021: shows [9c Tc] (a pair of Nines)
Mahu2021 collected 120 from pot
*** SUMMARY ***
Total pot 120 | Rake 0 
Board [Kc 8s 7s 9d 2d]
Seat 2: Mahu2021 (button) (small blind) showed [9c Tc] and won (120) with a pair of Nines
Seat 3: Trabala655 (big blind) showed [8c 3s] and lost with a pair of Eights



PokerStars Hand #242942084202: Tournament #3573577689, $0.92+$0.08 USD Hold'em No Limit - Level I (10/20) - 2023/04/07 16:38:38 CET [2023/04/07 10:38:38 ET]
Table '3573577689 1' 3-max Seat #3 is the button
Seat 2: Mahu2021 (1310 in chips) 
Seat 3: Trabala655 (190 in chips) 
Trabala655: posts small blind 10
Mahu2021: posts big blind 20
*** HOLE CARDS ***
Dealt to Mahu2021 [5h Ah]
Trabala655: raises 170 to 190 and is all-in
Mahu2021: calls 170
*** FLOP *** [6c 5c 2d]
*** TURN *** [6c 5c 2d] [Kh]
*** RIVER *** [6c 5c 2d Kh] [8d]
*** SHOW DOWN ***
Mahu2021: shows [5h Ah] (a pair of Fives)
Trabala655: shows [Kd Th] (a pair of Kings)
Trabala655 collected 380 from pot
*** SUMMARY ***
Total pot 380 | Rake 0 
Board [6c 5c 2d Kh 8d]
Seat 2: Mahu2021 (big blind) showed [5h Ah] and lost with a pair of Fives
Seat 3: Trabala655 (button) (small blind) showed [Kd Th] and won (380) with a pair of Kings



PokerStars Hand #242942087852: Tournament #3573577689, $0.92+$0.08 USD Hold'em No Limit - Level I (10/20) - 2023/04/07 16:38:51 CET [2023/04/07 10:38:51 ET]
Table '3573577689 1' 3-max Seat #2 is the button
Seat 2: Mahu2021 (1120 in chips) 
Seat 3: Trabala655 (380 in chips) 
Mahu2021: posts small blind 10
Trabala655: posts big blind 20
*** HOLE CARDS ***
Dealt to Mahu2021 [Ac 5d]
Mahu2021: calls 10
Trabala655: checks 
*** FLOP *** [2c Kd Js]
Trabala655: checks 
Mahu2021: checks 
*** TURN *** [2c Kd Js] [8h]
Trabala655: checks 
Mahu2021: bets 20
Trabala655: folds 
Uncalled bet (20) returned to Mahu2021
Mahu2021 collected 40 from pot
Mahu2021: doesn't show hand 
*** SUMMARY ***
Total pot 40 | Rake 0 
Board [2c Kd Js 8h]
Seat 2: Mahu2021 (button) (small blind) collected (40)
Seat 3: Trabala655 (big blind) folded on the Turn



PokerStars Hand #242942093120: Tournament #3573577689, $0.92+$0.08 USD Hold'em No Limit - Level II (15/30) - 2023/04/07 16:39:10 CET [2023/04/07 10:39:10 ET]
Table '3573577689 1' 3-max Seat #3 is the button
Seat 2: Mahu2021 (1140 in chips) 
Seat 3: Trabala655 (360 in chips) 
Trabala655: posts small blind 15
Mahu2021: posts big blind 30
*** HOLE CARDS ***
Dealt to Mahu2021 [4d 6s]
Trabala655: calls 15
Mahu2021: checks 
*** FLOP *** [6d 4s 5h]
Mahu2021: checks 
Trabala655: checks 
*** TURN *** [6d 4s 5h] [Qh]
Mahu2021: checks 
Trabala655: checks 
*** RIVER *** [6d 4s 5h Qh] [Qs]
Mahu2021: bets 30
Trabala655: calls 30
*** SHOW DOWN ***
Mahu2021: shows [4d 6s] (two pair, Queens and Sixes)
Trabala655: mucks hand 
Mahu2021 collected 120 from pot
*** SUMMARY ***
Total pot 120 | Rake 0 
Board [6d 4s 5h Qh Qs]
Seat 2: Mahu2021 (big blind) showed [4d 6s] and won (120) with two pair, Queens and Sixes
Seat 3: Trabala655 (button) (small blind) mucked [4h Ks]



PokerStars Hand #242942097334: Tournament #3573577689, $0.92+$0.08 USD Hold'em No Limit - Level II (15/30) - 2023/04/07 16:39:26 CET [2023/04/07 10:39:26 ET]
Table '3573577689 1' 3-max Seat #2 is the button
Seat 2: Mahu2021 (1200 in chips) 
Seat 3: Trabala655 (300 in chips) 
Mahu2021: posts small blind 15
Trabala655: posts big blind 30
*** HOLE CARDS ***
Dealt to Mahu2021 [Ts 5c]
Mahu2021: folds 
Uncalled bet (15) returned to Trabala655
Trabala655 collected 30 from pot
Trabala655: doesn't show hand 
*** SUMMARY ***
Total pot 30 | Rake 0 
Seat 2: Mahu2021 (button) (small blind) folded before Flop
Seat 3: Trabala655 (big blind) collected (30)



PokerStars Hand #242942098720: Tournament #3573577689, $0.92+$0.08 USD Hold'em No Limit - Level II (15/30) - 2023/04/07 16:39:31 CET [2023/04/07 10:39:31 ET]
Table '3573577689 1' 3-max Seat #3 is the button
Seat 2: Mahu2021 (1185 in chips) 
Seat 3: Trabala655 (315 in chips) 
Trabala655: posts small blind 15
Mahu2021: posts big blind 30
*** HOLE CARDS ***
Dealt to Mahu2021 [Ks 7d]
Trabala655: calls 15
Mahu2021: checks 
*** FLOP *** [Jh Kd 7h]
Mahu2021: checks 
Trabala655: checks 
*** TURN *** [Jh Kd 7h] [7c]
Mahu2021: checks 
Trabala655: checks 
*** RIVER *** [Jh Kd 7h 7c] [9c]
Mahu2021: bets 60
Trabala655: folds 
Uncalled bet (60) returned to Mahu2021
Mahu2021 collected 60 from pot
Mahu2021: doesn't show hand 
*** SUMMARY ***
Total pot 60 | Rake 0 
Board [Jh Kd 7h 7c 9c]
Seat 2: Mahu2021 (big blind) collected (60)
Seat 3: Trabala655 (button) (small blind) folded on the River



PokerStars Hand #242942103268: Tournament #3573577689, $0.92+$0.08 USD Hold'em No Limit - Level II (15/30) - 2023/04/07 16:39:47 CET [2023/04/07 10:39:47 ET]
Table '3573577689 1' 3-max Seat #2 is the button
Seat 2: Mahu2021 (1215 in chips) 
Seat 3: Trabala655 (285 in chips) 
Mahu2021: posts small blind 15
Trabala655: posts big blind 30
*** HOLE CARDS ***
Dealt to Mahu2021 [8c Js]
Mahu2021: calls 15
Trabala655: checks 
*** FLOP *** [Qs Kc Th]
Trabala655: bets 30
Mahu2021: calls 30
*** TURN *** [Qs Kc Th] [Jh]
Trabala655: checks 
Mahu2021: checks 
*** RIVER *** [Qs Kc Th Jh] [3s]
Trabala655: checks 
Mahu2021: checks 
*** SHOW DOWN ***
Trabala655: shows [6c Qh] (a pair of Queens)
Mahu2021: mucks hand 
Trabala655 collected 120 from pot
*** SUMMARY ***
Total pot 120 | Rake 0 
Board [Qs Kc Th Jh 3s]
Seat 2: Mahu2021 (button) (small blind) mucked [8c Js]
Seat 3: Trabala655 (big blind) showed [6c Qh] and won (120) with a pair of Queens



PokerStars Hand #242942107696: Tournament #3573577689, $0.92+$0.08 USD Hold'em No Limit - Level II (15/30) - 2023/04/07 16:40:03 CET [2023/04/07 10:40:03 ET]
Table '3573577689 1' 3-max Seat #3 is the button
Seat 2: Mahu2021 (1155 in chips) 
Seat 3: Trabala655 (345 in chips) 
Trabala655: posts small blind 15
Mahu2021: posts big blind 30
*** HOLE CARDS ***
Dealt to Mahu2021 [Qs 3s]
Trabala655: calls 15
Mahu2021: checks 
*** FLOP *** [8d 6s 3c]
Mahu2021: bets 30
Trabala655: raises 285 to 315 and is all-in
Mahu2021: folds 
Uncalled bet (285) returned to Trabala655
Trabala655 collected 120 from pot
Trabala655: doesn't show hand 
*** SUMMARY ***
Total pot 120 | Rake 0 
Board [8d 6s 3c]
Seat 2: Mahu2021 (big blind) folded on the Flop
Seat 3: Trabala655 (button) (small blind) collected (120)



PokerStars Hand #242942111827: Tournament #3573577689, $0.92+$0.08 USD Hold'em No Limit - Level II (15/30) - 2023/04/07 16:40:17 CET [2023/04/07 10:40:17 ET]
Table '3573577689 1' 3-max Seat #2 is the button
Seat 2: Mahu2021 (1095 in chips) 
Seat 3: Trabala655 (405 in chips) 
Mahu2021: posts small blind 15
Trabala655: posts big blind 30
*** HOLE CARDS ***
Dealt to Mahu2021 [9h 4d]
Mahu2021: folds 
Uncalled bet (15) returned to Trabala655
Trabala655 collected 30 from pot
Trabala655: doesn't show hand 
*** SUMMARY ***
Total pot 30 | Rake 0 
Seat 2: Mahu2021 (button) (small blind) folded before Flop
Seat 3: Trabala655 (big blind) collected (30)



PokerStars Hand #242942113086: Tournament #3573577689, $0.92+$0.08 USD Hold'em No Limit - Level II (15/30) - 2023/04/07 16:40:22 CET [2023/04/07 10:40:22 ET]
Table '3573577689 1' 3-max Seat #3 is the button
Seat 2: Mahu2021 (1080 in chips) 
Seat 3: Trabala655 (420 in chips) 
Trabala655: posts small blind 15
Mahu2021: posts big blind 30
*** HOLE CARDS ***
Dealt to Mahu2021 [Js 7s]
Trabala655: raises 60 to 90
Mahu2021: calls 60
*** FLOP *** [Th 9c 7d]
Mahu2021: bets 990 and is all-in
Trabala655: folds 
Uncalled bet (990) returned to Mahu2021
Mahu2021 collected 180 from pot
Mahu2021: doesn't show hand 
*** SUMMARY ***
Total pot 180 | Rake 0 
Board [Th 9c 7d]
Seat 2: Mahu2021 (big blind) collected (180)
Seat 3: Trabala655 (button) (small blind) folded on the Flop



PokerStars Hand #242942116524: Tournament #3573577689, $0.92+$0.08 USD Hold'em No Limit - Level II (15/30) - 2023/04/07 16:40:34 CET [2023/04/07 10:40:34 ET]
Table '3573577689 1' 3-max Seat #2 is the button
Seat 2: Mahu2021 (1170 in chips) 
Seat 3: Trabala655 (330 in chips) 
Mahu2021: posts small blind 15
Trabala655: posts big blind 30
*** HOLE CARDS ***
Dealt to Mahu2021 [6d 9d]
Mahu2021: calls 15
Trabala655: checks 
*** FLOP *** [Ad 2s Kd]
Trabala655: checks 
Mahu2021: checks 
*** TURN *** [Ad 2s Kd] [Ah]
Trabala655: bets 30
Mahu2021: calls 30
*** RIVER *** [Ad 2s Kd Ah] [As]
Trabala655: bets 60
Mahu2021: folds 
Uncalled bet (60) returned to Trabala655
Trabala655 collected 120 from pot
Trabala655: doesn't show hand 
*** SUMMARY ***
Total pot 120 | Rake 0 
Board [Ad 2s Kd Ah As]
Seat 2: Mahu2021 (button) (small blind) folded on the River
Seat 3: Trabala655 (big blind) collected (120)



PokerStars Hand #242942123542: Tournament #3573577689, $0.92+$0.08 USD Hold'em No Limit - Level II (15/30) - 2023/04/07 16:40:59 CET [2023/04/07 10:40:59 ET]
Table '3573577689 1' 3-max Seat #3 is the button
Seat 2: Mahu2021 (1110 in chips) 
Seat 3: Trabala655 (390 in chips) 
Trabala655: posts small blind 15
Mahu2021: posts big blind 30
*** HOLE CARDS ***
Dealt to Mahu2021 [Kd 6c]
Trabala655: raises 60 to 90
Mahu2021: folds 
Uncalled bet (60) returned to Trabala655
Trabala655 collected 60 from pot
Trabala655: doesn't show hand 
*** SUMMARY ***
Total pot 60 | Rake 0 
Seat 2: Mahu2021 (big blind) folded before Flop
Seat 3: Trabala655 (button) (small blind) collected (60)



PokerStars Hand #242942125556: Tournament #3573577689, $0.92+$0.08 USD Hold'em No Limit - Level II (15/30) - 2023/04/07 16:41:06 CET [2023/04/07 10:41:06 ET]
Table '3573577689 1' 3-max Seat #2 is the button
Seat 2: Mahu2021 (1080 in chips) 
Seat 3: Trabala655 (420 in chips) 
Mahu2021: posts small blind 15
Trabala655: posts big blind 30
*** HOLE CARDS ***
Dealt to Mahu2021 [As Js]
Mahu2021: raises 30 to 60
Trabala655: folds 
Uncalled bet (30) returned to Mahu2021
Mahu2021 collected 60 from pot
Mahu2021: doesn't show hand 
*** SUMMARY ***
Total pot 60 | Rake 0 
Seat 2: Mahu2021 (button) (small blind) collected (60)
Seat 3: Trabala655 (big blind) folded before Flop



PokerStars Hand #242942127959: Tournament #3573577689, $0.92+$0.08 USD Hold'em No Limit - Level II (15/30) - 2023/04/07 16:41:14 CET [2023/04/07 10:41:14 ET]
Table '3573577689 1' 3-max Seat #3 is the button
Seat 2: Mahu2021 (1110 in chips) 
Seat 3: Trabala655 (390 in chips) 
Trabala655: posts small blind 15
Mahu2021: posts big blind 30
*** HOLE CARDS ***
Dealt to Mahu2021 [5h 8h]
Trabala655: raises 60 to 90
Mahu2021: calls 60
*** FLOP *** [8d Td Ah]
Mahu2021: checks 
Trabala655: bets 300 and is all-in
Mahu2021: folds 
Uncalled bet (300) returned to Trabala655
Trabala655 collected 180 from pot
Trabala655: doesn't show hand 
*** SUMMARY ***
Total pot 180 | Rake 0 
Board [8d Td Ah]
Seat 2: Mahu2021 (big blind) folded on the Flop
Seat 3: Trabala655 (button) (small blind) collected (180)



PokerStars Hand #242942131958: Tournament #3573577689, $0.92+$0.08 USD Hold'em No Limit - Level II (15/30) - 2023/04/07 16:41:29 CET [2023/04/07 10:41:29 ET]
Table '3573577689 1' 3-max Seat #2 is the button
Seat 2: Mahu2021 (1020 in chips) 
Seat 3: Trabala655 (480 in chips) 
Mahu2021: posts small blind 15
Trabala655: posts big blind 30
*** HOLE CARDS ***
Dealt to Mahu2021 [8c 3c]
Mahu2021: calls 15
Trabala655: raises 60 to 90
Mahu2021: folds 
Uncalled bet (60) returned to Trabala655
Trabala655 collected 60 from pot
Trabala655: doesn't show hand 
*** SUMMARY ***
Total pot 60 | Rake 0 
Seat 2: Mahu2021 (button) (small blind) folded before Flop
Seat 3: Trabala655 (big blind) collected (60)



PokerStars Hand #242942134163: Tournament #3573577689, $0.92+$0.08 USD Hold'em No Limit - Level II (15/30) - 2023/04/07 16:41:37 CET [2023/04/07 10:41:37 ET]
Table '3573577689 1' 3-max Seat #3 is the button
Seat 2: Mahu2021 (990 in chips) 
Seat 3: Trabala655 (510 in chips) 
Trabala655: posts small blind 15
Mahu2021: posts big blind 30
*** HOLE CARDS ***
Dealt to Mahu2021 [7c 9h]
Trabala655: folds 
Uncalled bet (15) returned to Mahu2021
Mahu2021 collected 30 from pot
Mahu2021: doesn't show hand 
*** SUMMARY ***
Total pot 30 | Rake 0 
Seat 2: Mahu2021 (big blind) collected (30)
Seat 3: Trabala655 (button) (small blind) folded before Flop



PokerStars Hand #242942135520: Tournament #3573577689, $0.92+$0.08 USD Hold'em No Limit - Level II (15/30) - 2023/04/07 16:41:42 CET [2023/04/07 10:41:42 ET]
Table '3573577689 1' 3-max Seat #2 is the button
Seat 2: Mahu2021 (1005 in chips) 
Seat 3: Trabala655 (495 in chips) 
Mahu2021: posts small blind 15
Trabala655: posts big blind 30
*** HOLE CARDS ***
Dealt to Mahu2021 [2s 7d]
Mahu2021: folds 
Uncalled bet (15) returned to Trabala655
Trabala655 collected 30 from pot
Trabala655: doesn't show hand 
*** SUMMARY ***
Total pot 30 | Rake 0 
Seat 2: Mahu2021 (button) (small blind) folded before Flop
Seat 3: Trabala655 (big blind) collected (30)



PokerStars Hand #242942136731: Tournament #3573577689, $0.92+$0.08 USD Hold'em No Limit - Level II (15/30) - 2023/04/07 16:41:46 CET [2023/04/07 10:41:46 ET]
Table '3573577689 1' 3-max Seat #3 is the button
Seat 2: Mahu2021 (990 in chips) 
Seat 3: Trabala655 (510 in chips) 
Trabala655: posts small blind 15
Mahu2021: posts big blind 30
*** HOLE CARDS ***
Dealt to Mahu2021 [2s Kd]
Trabala655: calls 15
Mahu2021: checks 
*** FLOP *** [9h 5s 3c]
Mahu2021: checks 
Trabala655: checks 
*** TURN *** [9h 5s 3c] [Tc]
Mahu2021: checks 
Trabala655: checks 
*** RIVER *** [9h 5s 3c Tc] [Jh]
Mahu2021: checks 
Trabala655: bets 60
Mahu2021: folds 
Uncalled bet (60) returned to Trabala655
Trabala655 collected 60 from pot
Trabala655: doesn't show hand 
*** SUMMARY ***
Total pot 60 | Rake 0 
Board [9h 5s 3c Tc Jh]
Seat 2: Mahu2021 (big blind) folded on the River
Seat 3: Trabala655 (button) (small blind) collected (60)



PokerStars Hand #242942141924: Tournament #3573577689, $0.92+$0.08 USD Hold'em No Limit - Level III (20/40) - 2023/04/07 16:42:05 CET [2023/04/07 10:42:05 ET]
Table '3573577689 1' 3-max Seat #2 is the button
Seat 2: Mahu2021 (960 in chips) 
Seat 3: Trabala655 (540 in chips) 
Mahu2021: posts small blind 20
Trabala655: posts big blind 40
*** HOLE CARDS ***
Dealt to Mahu2021 [Tc 5s]
Mahu2021: folds 
Uncalled bet (20) returned to Trabala655
Trabala655 collected 40 from pot
Trabala655: doesn't show hand 
*** SUMMARY ***
Total pot 40 | Rake 0 
Seat 2: Mahu2021 (button) (small blind) folded before Flop
Seat 3: Trabala655 (big blind) collected (40)



PokerStars Hand #242942143157: Tournament #3573577689, $0.92+$0.08 USD Hold'em No Limit - Level III (20/40) - 2023/04/07 16:42:09 CET [2023/04/07 10:42:09 ET]
Table '3573577689 1' 3-max Seat #3 is the button
Seat 2: Mahu2021 (940 in chips) 
Seat 3: Trabala655 (560 in chips) 
Trabala655: posts small blind 20
Mahu2021: posts big blind 40
*** HOLE CARDS ***
Dealt to Mahu2021 [Ac 9s]
Trabala655: calls 20
Mahu2021: raises 900 to 940 and is all-in
Trabala655: folds 
Uncalled bet (900) returned to Mahu2021
Mahu2021 collected 80 from pot
Mahu2021: doesn't show hand 
*** SUMMARY ***
Total pot 80 | Rake 0 
Seat 2: Mahu2021 (big blind) collected (80)
Seat 3: Trabala655 (button) (small blind) folded before Flop



PokerStars Hand #242942145204: Tournament #3573577689, $0.92+$0.08 USD Hold'em No Limit - Level III (20/40) - 2023/04/07 16:42:16 CET [2023/04/07 10:42:16 ET]
Table '3573577689 1' 3-max Seat #2 is the button
Seat 2: Mahu2021 (980 in chips) 
Seat 3: Trabala655 (520 in chips) 
Mahu2021: posts small blind 20
Trabala655: posts big blind 40
*** HOLE CARDS ***
Dealt to Mahu2021 [5h 6h]
Mahu2021: calls 20
Trabala655: raises 80 to 120
Mahu2021: calls 80
*** FLOP *** [4d 3s 2c]
Trabala655: bets 240
Mahu2021: calls 240
*** TURN *** [4d 3s 2c] [8h]
Trabala655: bets 160 and is all-in
Mahu2021: calls 160
*** RIVER *** [4d 3s 2c 8h] [3d]
*** SHOW DOWN ***
Trabala655: shows [Th Tc] (two pair, Tens and Threes)
Mahu2021: shows [5h 6h] (a straight, Deuce to Six)
Mahu2021 collected 1040 from pot
Trabala655 finished the tournament in 2nd place
Mahu2021 wins the tournament and receives $3.00 - congratulations!
*** SUMMARY ***
Total pot 1040 | Rake 0 
Board [4d 3s 2c 8h 3d]
Seat 2: Mahu2021 (button) (small blind) showed [5h 6h] and won (1040) with a straight, Deuce to Six
Seat 3: Trabala655 (big blind) showed [Th Tc] and lost with two pair, Tens and Threes



