PokerStars Hand #247782246223: Tournament #3689376649, $1.84+$0.16 USD Hold'em No Limit - Level I (10/20) - 2023/12/21 11:33:21 CET [2023/12/21 5:33:21 ET]
Table '3689376649 1' 3-max Seat #1 is the button
Seat 1: Mahu2021 (500 in chips) 
Seat 2: CurelaDemon (500 in chips) 
Seat 3: oIONEo (500 in chips) 
CurelaDemon: posts small blind 10
oIONEo: posts big blind 20
*** HOLE CARDS ***
Dealt to Mahu2021 [9h Td]
Mahu2021: calls 20
CurelaDemon: calls 10
oIONEo: checks 
*** FLOP *** [Jh 2d 3c]
CurelaDemon: checks 
oIONEo: bets 140
Mahu2021: folds 
CurelaDemon: folds 
Uncalled bet (140) returned to oIONEo
oIONEo collected 60 from pot
*** SUMMARY ***
Total pot 60 | Rake 0 
Board [Jh 2d 3c]
Seat 1: Mahu2021 (button) folded on the Flop
Seat 2: CurelaDemon (small blind) folded on the Flop
Seat 3: oIONEo (big blind) collected (60)



PokerStars Hand #247782248498: Tournament #3689376649, $1.84+$0.16 USD Hold'em No Limit - Level I (10/20) - 2023/12/21 11:33:38 CET [2023/12/21 5:33:38 ET]
Table '3689376649 1' 3-max Seat #2 is the button
Seat 1: Mahu2021 (480 in chips) 
Seat 2: CurelaDemon (480 in chips) 
Seat 3: oIONEo (540 in chips) 
oIONEo: posts small blind 10
Mahu2021: posts big blind 20
*** HOLE CARDS ***
Dealt to Mahu2021 [Kd 9c]
CurelaDemon: folds 
oIONEo: calls 10
Mahu2021: checks 
*** FLOP *** [5d 4h Ac]
oIONEo: bets 20
Mahu2021: folds 
Uncalled bet (20) returned to oIONEo
oIONEo collected 40 from pot
*** SUMMARY ***
Total pot 40 | Rake 0 
Board [5d 4h Ac]
Seat 1: Mahu2021 (big blind) folded on the Flop
Seat 2: CurelaDemon (button) folded before Flop (didn't bet)
Seat 3: oIONEo (small blind) collected (40)



PokerStars Hand #247782249935: Tournament #3689376649, $1.84+$0.16 USD Hold'em No Limit - Level I (10/20) - 2023/12/21 11:33:48 CET [2023/12/21 5:33:48 ET]
Table '3689376649 1' 3-max Seat #3 is the button
Seat 1: Mahu2021 (460 in chips) 
Seat 2: CurelaDemon (480 in chips) 
Seat 3: oIONEo (560 in chips) 
Mahu2021: posts small blind 10
CurelaDemon: posts big blind 20
*** HOLE CARDS ***
Dealt to Mahu2021 [4h 9c]
oIONEo: raises 20 to 40
Mahu2021: folds 
CurelaDemon: calls 20
*** FLOP *** [Ah Qd Jh]
CurelaDemon: checks 
oIONEo: checks 
*** TURN *** [Ah Qd Jh] [6c]
CurelaDemon: checks 
oIONEo: checks 
*** RIVER *** [Ah Qd Jh 6c] [Ts]
CurelaDemon: checks 
oIONEo: bets 520 and is all-in
CurelaDemon: folds 
Uncalled bet (520) returned to oIONEo
oIONEo collected 90 from pot
*** SUMMARY ***
Total pot 90 | Rake 0 
Board [Ah Qd Jh 6c Ts]
Seat 1: Mahu2021 (small blind) folded before Flop
Seat 2: CurelaDemon (big blind) folded on the River
Seat 3: oIONEo (button) collected (90)



PokerStars Hand #247782253332: Tournament #3689376649, $1.84+$0.16 USD Hold'em No Limit - Level I (10/20) - 2023/12/21 11:34:12 CET [2023/12/21 5:34:12 ET]
Table '3689376649 1' 3-max Seat #1 is the button
Seat 1: Mahu2021 (450 in chips) 
Seat 2: CurelaDemon (440 in chips) 
Seat 3: oIONEo (610 in chips) 
CurelaDemon: posts small blind 10
oIONEo: posts big blind 20
*** HOLE CARDS ***
Dealt to Mahu2021 [4d Js]
Mahu2021: folds 
CurelaDemon: calls 10
oIONEo: checks 
*** FLOP *** [9h 2h 8d]
CurelaDemon: checks 
oIONEo: checks 
*** TURN *** [9h 2h 8d] [5h]
CurelaDemon: checks 
oIONEo: checks 
*** RIVER *** [9h 2h 8d 5h] [Qd]
CurelaDemon: checks 
oIONEo: checks 
*** SHOW DOWN ***
CurelaDemon: shows [5d Jd] (a pair of Fives)
oIONEo: mucks hand 
CurelaDemon collected 40 from pot
*** SUMMARY ***
Total pot 40 | Rake 0 
Board [9h 2h 8d 5h Qd]
Seat 1: Mahu2021 (button) folded before Flop (didn't bet)
Seat 2: CurelaDemon (small blind) showed [5d Jd] and won (40) with a pair of Fives
Seat 3: oIONEo (big blind) mucked [Ks 6c]



PokerStars Hand #247782255279: Tournament #3689376649, $1.84+$0.16 USD Hold'em No Limit - Level I (10/20) - 2023/12/21 11:34:26 CET [2023/12/21 5:34:26 ET]
Table '3689376649 1' 3-max Seat #2 is the button
Seat 1: Mahu2021 (450 in chips) 
Seat 2: CurelaDemon (460 in chips) 
Seat 3: oIONEo (590 in chips) 
oIONEo: posts small blind 10
Mahu2021: posts big blind 20
*** HOLE CARDS ***
Dealt to Mahu2021 [Jh 4c]
CurelaDemon: folds 
oIONEo: calls 10
Mahu2021: checks 
*** FLOP *** [Js 2h Ts]
oIONEo: checks 
Mahu2021: bets 20
oIONEo: folds 
Uncalled bet (20) returned to Mahu2021
Mahu2021 collected 40 from pot
Mahu2021: doesn't show hand 
*** SUMMARY ***
Total pot 40 | Rake 0 
Board [Js 2h Ts]
Seat 1: Mahu2021 (big blind) collected (40)
Seat 2: CurelaDemon (button) folded before Flop (didn't bet)
Seat 3: oIONEo (small blind) folded on the Flop



PokerStars Hand #247782256800: Tournament #3689376649, $1.84+$0.16 USD Hold'em No Limit - Level I (10/20) - 2023/12/21 11:34:37 CET [2023/12/21 5:34:37 ET]
Table '3689376649 1' 3-max Seat #3 is the button
Seat 1: Mahu2021 (470 in chips) 
Seat 2: CurelaDemon (460 in chips) 
Seat 3: oIONEo (570 in chips) 
Mahu2021: posts small blind 10
CurelaDemon: posts big blind 20
*** HOLE CARDS ***
Dealt to Mahu2021 [6h 2s]
oIONEo: calls 20
Mahu2021: folds 
CurelaDemon: checks 
*** FLOP *** [7d Qc Kc]
CurelaDemon: checks 
oIONEo: checks 
*** TURN *** [7d Qc Kc] [7c]
CurelaDemon: checks 
oIONEo: checks 
*** RIVER *** [7d Qc Kc 7c] [2c]
CurelaDemon: checks 
oIONEo: checks 
*** SHOW DOWN ***
CurelaDemon: shows [Qd 5s] (two pair, Queens and Sevens)
oIONEo: mucks hand 
CurelaDemon collected 50 from pot
*** SUMMARY ***
Total pot 50 | Rake 0 
Board [7d Qc Kc 7c 2c]
Seat 1: Mahu2021 (small blind) folded before Flop
Seat 2: CurelaDemon (big blind) showed [Qd 5s] and won (50) with two pair, Queens and Sevens
Seat 3: oIONEo (button) mucked [9s Th]



PokerStars Hand #247782258639: Tournament #3689376649, $1.84+$0.16 USD Hold'em No Limit - Level I (10/20) - 2023/12/21 11:34:51 CET [2023/12/21 5:34:51 ET]
Table '3689376649 1' 3-max Seat #1 is the button
Seat 1: Mahu2021 (460 in chips) 
Seat 2: CurelaDemon (490 in chips) 
Seat 3: oIONEo (550 in chips) 
CurelaDemon: posts small blind 10
oIONEo: posts big blind 20
*** HOLE CARDS ***
Dealt to Mahu2021 [6h 3c]
Mahu2021: folds 
CurelaDemon: folds 
Uncalled bet (10) returned to oIONEo
oIONEo collected 20 from pot
*** SUMMARY ***
Total pot 20 | Rake 0 
Seat 1: Mahu2021 (button) folded before Flop (didn't bet)
Seat 2: CurelaDemon (small blind) folded before Flop
Seat 3: oIONEo (big blind) collected (20)



PokerStars Hand #247782259378: Tournament #3689376649, $1.84+$0.16 USD Hold'em No Limit - Level I (10/20) - 2023/12/21 11:34:56 CET [2023/12/21 5:34:56 ET]
Table '3689376649 1' 3-max Seat #2 is the button
Seat 1: Mahu2021 (460 in chips) 
Seat 2: CurelaDemon (480 in chips) 
Seat 3: oIONEo (560 in chips) 
oIONEo: posts small blind 10
Mahu2021: posts big blind 20
*** HOLE CARDS ***
Dealt to Mahu2021 [Kd Jc]
CurelaDemon: folds 
oIONEo: calls 10
Mahu2021: raises 40 to 60
oIONEo: calls 40
*** FLOP *** [6s 6h Kc]
oIONEo: checks 
Mahu2021: bets 120
oIONEo: raises 120 to 240
Mahu2021: raises 160 to 400 and is all-in
oIONEo: calls 160
*** TURN *** [6s 6h Kc] [Qd]
*** RIVER *** [6s 6h Kc Qd] [Ts]
*** SHOW DOWN ***
oIONEo: shows [6d 9h] (three of a kind, Sixes)
Mahu2021: shows [Kd Jc] (two pair, Kings and Sixes)
oIONEo collected 920 from pot
Mahu2021 finished the tournament in 3rd place
*** SUMMARY ***
Total pot 920 | Rake 0 
Board [6s 6h Kc Qd Ts]
Seat 1: Mahu2021 (big blind) showed [Kd Jc] and lost with two pair, Kings and Sixes
Seat 2: CurelaDemon (button) folded before Flop (didn't bet)
Seat 3: oIONEo (small blind) showed [6d 9h] and won (920) with three of a kind, Sixes



