PokerStars Hand #242819661660: Tournament #3570749037, $0.92+$0.08 USD Hold'em No Limit - Level I (10/20) - 2023/04/01 19:10:30 CET [2023/04/01 13:10:30 ET]
Table '3570749037 1' 3-max Seat #1 is the button
Seat 1: aisivb (500 in chips) 
Seat 2: denungaby (500 in chips) 
Seat 3: Mahu2021 (500 in chips) 
denungaby: posts small blind 10
Mahu2021: posts big blind 20
*** HOLE CARDS ***
Dealt to Mahu2021 [Qc As]
aisivb: folds 
denungaby: raises 120 to 140
Mahu2021: raises 360 to 500 and is all-in
denungaby: calls 360 and is all-in
*** FLOP *** [8h 3d 7h]
*** TURN *** [8h 3d 7h] [7d]
*** RIVER *** [8h 3d 7h 7d] [Qd]
*** SHOW DOWN ***
denungaby: shows [Jh Jc] (two pair, Jacks and Sevens)
Mahu2021: shows [Qc As] (two pair, Queens and Sevens)
Mahu2021 collected 1000 from pot
denungaby finished the tournament in 3rd place
*** SUMMARY ***
Total pot 1000 | Rake 0 
Board [8h 3d 7h 7d Qd]
Seat 1: aisivb (button) folded before Flop (didn't bet)
Seat 2: denungaby (small blind) showed [Jh Jc] and lost with two pair, Jacks and Sevens
Seat 3: Mahu2021 (big blind) showed [Qc As] and won (1000) with two pair, Queens and Sevens



PokerStars Hand #242819669308: Tournament #3570749037, $0.92+$0.08 USD Hold'em No Limit - Level I (10/20) - 2023/04/01 19:10:53 CET [2023/04/01 13:10:53 ET]
Table '3570749037 1' 3-max Seat #3 is the button
Seat 1: aisivb (500 in chips) 
Seat 3: Mahu2021 (1000 in chips) 
Mahu2021: posts small blind 10
aisivb: posts big blind 20
*** HOLE CARDS ***
Dealt to Mahu2021 [Ts 9s]
Mahu2021: calls 10
aisivb: checks 
*** FLOP *** [9h 3s 8c]
aisivb: checks 
Mahu2021: bets 20
aisivb: calls 20
*** TURN *** [9h 3s 8c] [2h]
aisivb: checks 
Mahu2021: bets 20
aisivb: calls 20
*** RIVER *** [9h 3s 8c 2h] [8s]
aisivb: checks 
Mahu2021: checks 
*** SHOW DOWN ***
aisivb: shows [8h Ad] (three of a kind, Eights)
Mahu2021: mucks hand 
aisivb collected 120 from pot
*** SUMMARY ***
Total pot 120 | Rake 0 
Board [9h 3s 8c 2h 8s]
Seat 1: aisivb (big blind) showed [8h Ad] and won (120) with three of a kind, Eights
Seat 3: Mahu2021 (button) (small blind) mucked [Ts 9s]



PokerStars Hand #242819675868: Tournament #3570749037, $0.92+$0.08 USD Hold'em No Limit - Level I (10/20) - 2023/04/01 19:11:13 CET [2023/04/01 13:11:13 ET]
Table '3570749037 1' 3-max Seat #1 is the button
Seat 1: aisivb (560 in chips) 
Seat 3: Mahu2021 (940 in chips) 
aisivb: posts small blind 10
Mahu2021: posts big blind 20
*** HOLE CARDS ***
Dealt to Mahu2021 [2d Js]
aisivb: calls 10
Mahu2021: checks 
*** FLOP *** [Jd 4s 8s]
Mahu2021: bets 20
aisivb: calls 20
*** TURN *** [Jd 4s 8s] [7c]
Mahu2021: bets 20
aisivb: calls 20
*** RIVER *** [Jd 4s 8s 7c] [Kc]
Mahu2021: bets 20
aisivb: calls 20
*** SHOW DOWN ***
Mahu2021: shows [2d Js] (a pair of Jacks)
aisivb: mucks hand 
Mahu2021 collected 160 from pot
*** SUMMARY ***
Total pot 160 | Rake 0 
Board [Jd 4s 8s 7c Kc]
Seat 1: aisivb (button) (small blind) mucked [4h 3s]
Seat 3: Mahu2021 (big blind) showed [2d Js] and won (160) with a pair of Jacks



PokerStars Hand #242819680642: Tournament #3570749037, $0.92+$0.08 USD Hold'em No Limit - Level I (10/20) - 2023/04/01 19:11:27 CET [2023/04/01 13:11:27 ET]
Table '3570749037 1' 3-max Seat #3 is the button
Seat 1: aisivb (480 in chips) 
Seat 3: Mahu2021 (1020 in chips) 
Mahu2021: posts small blind 10
aisivb: posts big blind 20
*** HOLE CARDS ***
Dealt to Mahu2021 [2d Kh]
Mahu2021: calls 10
aisivb: checks 
*** FLOP *** [Qd 3s 4c]
aisivb: bets 20
Mahu2021: folds 
Uncalled bet (20) returned to aisivb
aisivb collected 40 from pot
aisivb: doesn't show hand 
*** SUMMARY ***
Total pot 40 | Rake 0 
Board [Qd 3s 4c]
Seat 1: aisivb (big blind) collected (40)
Seat 3: Mahu2021 (button) (small blind) folded on the Flop



PokerStars Hand #242819684254: Tournament #3570749037, $0.92+$0.08 USD Hold'em No Limit - Level I (10/20) - 2023/04/01 19:11:37 CET [2023/04/01 13:11:37 ET]
Table '3570749037 1' 3-max Seat #1 is the button
Seat 1: aisivb (500 in chips) 
Seat 3: Mahu2021 (1000 in chips) 
aisivb: posts small blind 10
Mahu2021: posts big blind 20
*** HOLE CARDS ***
Dealt to Mahu2021 [Ts 9h]
aisivb: calls 10
Mahu2021: checks 
*** FLOP *** [5d Tc Ah]
Mahu2021: checks 
aisivb: bets 20
Mahu2021: calls 20
*** TURN *** [5d Tc Ah] [Jc]
Mahu2021: checks 
aisivb: bets 20
Mahu2021: calls 20
*** RIVER *** [5d Tc Ah Jc] [4s]
Mahu2021: checks 
aisivb: bets 20
Mahu2021: calls 20
*** SHOW DOWN ***
aisivb: shows [2h Js] (a pair of Jacks)
Mahu2021: mucks hand 
aisivb collected 160 from pot
*** SUMMARY ***
Total pot 160 | Rake 0 
Board [5d Tc Ah Jc 4s]
Seat 1: aisivb (button) (small blind) showed [2h Js] and won (160) with a pair of Jacks
Seat 3: Mahu2021 (big blind) mucked [Ts 9h]



PokerStars Hand #242819689358: Tournament #3570749037, $0.92+$0.08 USD Hold'em No Limit - Level I (10/20) - 2023/04/01 19:11:53 CET [2023/04/01 13:11:53 ET]
Table '3570749037 1' 3-max Seat #3 is the button
Seat 1: aisivb (580 in chips) 
Seat 3: Mahu2021 (920 in chips) 
Mahu2021: posts small blind 10
aisivb: posts big blind 20
*** HOLE CARDS ***
Dealt to Mahu2021 [4s As]
Mahu2021: raises 20 to 40
aisivb: calls 20
*** FLOP *** [4h 2c Qs]
aisivb: checks 
Mahu2021: checks 
*** TURN *** [4h 2c Qs] [8s]
aisivb: checks 
Mahu2021: bets 80
aisivb: calls 80
*** RIVER *** [4h 2c Qs 8s] [6d]
aisivb: checks 
Mahu2021: checks 
*** SHOW DOWN ***
aisivb: shows [Ah 7s] (high card Ace)
Mahu2021: shows [4s As] (a pair of Fours)
Mahu2021 collected 240 from pot
*** SUMMARY ***
Total pot 240 | Rake 0 
Board [4h 2c Qs 8s 6d]
Seat 1: aisivb (big blind) showed [Ah 7s] and lost with high card Ace
Seat 3: Mahu2021 (button) (small blind) showed [4s As] and won (240) with a pair of Fours



PokerStars Hand #242819695589: Tournament #3570749037, $0.92+$0.08 USD Hold'em No Limit - Level I (10/20) - 2023/04/01 19:12:11 CET [2023/04/01 13:12:11 ET]
Table '3570749037 1' 3-max Seat #1 is the button
Seat 1: aisivb (460 in chips) 
Seat 3: Mahu2021 (1040 in chips) 
aisivb: posts small blind 10
Mahu2021: posts big blind 20
*** HOLE CARDS ***
Dealt to Mahu2021 [4c Tc]
aisivb: calls 10
Mahu2021: checks 
*** FLOP *** [Kc 3d Ac]
Mahu2021: bets 20
aisivb: calls 20
*** TURN *** [Kc 3d Ac] [8h]
Mahu2021: bets 20
aisivb: calls 20
*** RIVER *** [Kc 3d Ac 8h] [2c]
Mahu2021: bets 120
aisivb: folds 
Uncalled bet (120) returned to Mahu2021
Mahu2021 collected 120 from pot
Mahu2021: doesn't show hand 
*** SUMMARY ***
Total pot 120 | Rake 0 
Board [Kc 3d Ac 8h 2c]
Seat 1: aisivb (button) (small blind) folded on the River
Seat 3: Mahu2021 (big blind) collected (120)



PokerStars Hand #242819701437: Tournament #3570749037, $0.92+$0.08 USD Hold'em No Limit - Level I (10/20) - 2023/04/01 19:12:28 CET [2023/04/01 13:12:28 ET]
Table '3570749037 1' 3-max Seat #3 is the button
Seat 1: aisivb (400 in chips) 
Seat 3: Mahu2021 (1100 in chips) 
Mahu2021: posts small blind 10
aisivb: posts big blind 20
*** HOLE CARDS ***
Dealt to Mahu2021 [Kh 9d]
Mahu2021: calls 10
aisivb: checks 
*** FLOP *** [Td 2h Ks]
aisivb: bets 20
Mahu2021: calls 20
*** TURN *** [Td 2h Ks] [Jd]
aisivb: bets 20
Mahu2021: calls 20
*** RIVER *** [Td 2h Ks Jd] [Jh]
aisivb: bets 20
Mahu2021: calls 20
*** SHOW DOWN ***
aisivb: shows [2s 3d] (two pair, Jacks and Deuces)
Mahu2021: shows [Kh 9d] (two pair, Kings and Jacks)
Mahu2021 collected 160 from pot
*** SUMMARY ***
Total pot 160 | Rake 0 
Board [Td 2h Ks Jd Jh]
Seat 1: aisivb (big blind) showed [2s 3d] and lost with two pair, Jacks and Deuces
Seat 3: Mahu2021 (button) (small blind) showed [Kh 9d] and won (160) with two pair, Kings and Jacks



PokerStars Hand #242819706941: Tournament #3570749037, $0.92+$0.08 USD Hold'em No Limit - Level II (15/30) - 2023/04/01 19:12:44 CET [2023/04/01 13:12:44 ET]
Table '3570749037 1' 3-max Seat #1 is the button
Seat 1: aisivb (320 in chips) 
Seat 3: Mahu2021 (1180 in chips) 
aisivb: posts small blind 15
Mahu2021: posts big blind 30
*** HOLE CARDS ***
Dealt to Mahu2021 [Ah Qd]
aisivb: calls 15
Mahu2021: raises 1150 to 1180 and is all-in
aisivb: calls 290 and is all-in
Uncalled bet (860) returned to Mahu2021
*** FLOP *** [4h Qc Qs]
*** TURN *** [4h Qc Qs] [6c]
*** RIVER *** [4h Qc Qs 6c] [7d]
*** SHOW DOWN ***
Mahu2021: shows [Ah Qd] (three of a kind, Queens)
aisivb: shows [Qh Kh] (three of a kind, Queens - lower kicker)
Mahu2021 collected 640 from pot
aisivb finished the tournament in 2nd place
Mahu2021 wins the tournament and receives $2.00 - congratulations!
*** SUMMARY ***
Total pot 640 | Rake 0 
Board [4h Qc Qs 6c 7d]
Seat 1: aisivb (button) (small blind) showed [Qh Kh] and lost with three of a kind, Queens
Seat 3: Mahu2021 (big blind) showed [Ah Qd] and won (640) with three of a kind, Queens



