PokerStars Hand #248388716349: Tournament #3703814931, $1.84+$0.16 USD Hold'em No Limit - Level I (10/20) - 2024/01/20 15:32:52 CET [2024/01/20 9:32:52 ET]
Table '3703814931 1' 3-max Seat #1 is the button
Seat 1: KzarChriS (500 in chips) 
Seat 2: Mahu2021 (500 in chips) 
Seat 3: ÉnMikike (500 in chips) 
Mahu2021: posts small blind 10
ÉnMikike: posts big blind 20
*** HOLE CARDS ***
Dealt to Mahu2021 [Ts 5d]
KzarChriS: folds 
Mahu2021: folds 
Uncalled bet (10) returned to ÉnMikike
ÉnMikike collected 20 from pot
ÉnMikike: doesn't show hand 
*** SUMMARY ***
Total pot 20 | Rake 0 
Seat 1: KzarChriS (button) folded before Flop (didn't bet)
Seat 2: Mahu2021 (small blind) folded before Flop
Seat 3: ÉnMikike (big blind) collected (20)



PokerStars Hand #248388718127: Tournament #3703814931, $1.84+$0.16 USD Hold'em No Limit - Level I (10/20) - 2024/01/20 15:32:59 CET [2024/01/20 9:32:59 ET]
Table '3703814931 1' 3-max Seat #2 is the button
Seat 1: KzarChriS (500 in chips) 
Seat 2: Mahu2021 (490 in chips) 
Seat 3: ÉnMikike (510 in chips) 
ÉnMikike: posts small blind 10
KzarChriS: posts big blind 20
*** HOLE CARDS ***
Dealt to Mahu2021 [3s 5h]
Mahu2021: folds 
ÉnMikike: raises 20 to 40
KzarChriS: folds 
Uncalled bet (20) returned to ÉnMikike
ÉnMikike collected 40 from pot
ÉnMikike: doesn't show hand 
*** SUMMARY ***
Total pot 40 | Rake 0 
Seat 1: KzarChriS (big blind) folded before Flop
Seat 2: Mahu2021 (button) folded before Flop (didn't bet)
Seat 3: ÉnMikike (small blind) collected (40)



PokerStars Hand #248388721398: Tournament #3703814931, $1.84+$0.16 USD Hold'em No Limit - Level I (10/20) - 2024/01/20 15:33:12 CET [2024/01/20 9:33:12 ET]
Table '3703814931 1' 3-max Seat #3 is the button
Seat 1: KzarChriS (480 in chips) 
Seat 2: Mahu2021 (490 in chips) 
Seat 3: ÉnMikike (530 in chips) 
KzarChriS: posts small blind 10
Mahu2021: posts big blind 20
*** HOLE CARDS ***
Dealt to Mahu2021 [3s 5d]
ÉnMikike: folds 
KzarChriS: raises 20 to 40
Mahu2021: calls 20
*** FLOP *** [Kc 8s 8c]
KzarChriS: bets 30
Mahu2021: folds 
Uncalled bet (30) returned to KzarChriS
KzarChriS collected 80 from pot
KzarChriS: doesn't show hand 
*** SUMMARY ***
Total pot 80 | Rake 0 
Board [Kc 8s 8c]
Seat 1: KzarChriS (small blind) collected (80)
Seat 2: Mahu2021 (big blind) folded on the Flop
Seat 3: ÉnMikike (button) folded before Flop (didn't bet)



PokerStars Hand #248388728214: Tournament #3703814931, $1.84+$0.16 USD Hold'em No Limit - Level I (10/20) - 2024/01/20 15:33:39 CET [2024/01/20 9:33:39 ET]
Table '3703814931 1' 3-max Seat #1 is the button
Seat 1: KzarChriS (520 in chips) 
Seat 2: Mahu2021 (450 in chips) 
Seat 3: ÉnMikike (530 in chips) 
Mahu2021: posts small blind 10
ÉnMikike: posts big blind 20
*** HOLE CARDS ***
Dealt to Mahu2021 [7c Tc]
KzarChriS: folds 
Mahu2021: calls 10
ÉnMikike: raises 510 to 530 and is all-in
Mahu2021: folds 
Uncalled bet (510) returned to ÉnMikike
ÉnMikike collected 40 from pot
ÉnMikike: doesn't show hand 
*** SUMMARY ***
Total pot 40 | Rake 0 
Seat 1: KzarChriS (button) folded before Flop (didn't bet)
Seat 2: Mahu2021 (small blind) folded before Flop
Seat 3: ÉnMikike (big blind) collected (40)



PokerStars Hand #248388731874: Tournament #3703814931, $1.84+$0.16 USD Hold'em No Limit - Level I (10/20) - 2024/01/20 15:33:53 CET [2024/01/20 9:33:53 ET]
Table '3703814931 1' 3-max Seat #2 is the button
Seat 1: KzarChriS (520 in chips) 
Seat 2: Mahu2021 (430 in chips) 
Seat 3: ÉnMikike (550 in chips) 
ÉnMikike: posts small blind 10
KzarChriS: posts big blind 20
*** HOLE CARDS ***
Dealt to Mahu2021 [2c 5d]
Mahu2021: folds 
ÉnMikike: calls 10
KzarChriS: checks 
*** FLOP *** [Tc 9c 7c]
ÉnMikike: bets 20
KzarChriS: folds 
Uncalled bet (20) returned to ÉnMikike
ÉnMikike collected 40 from pot
ÉnMikike: doesn't show hand 
*** SUMMARY ***
Total pot 40 | Rake 0 
Board [Tc 9c 7c]
Seat 1: KzarChriS (big blind) folded on the Flop
Seat 2: Mahu2021 (button) folded before Flop (didn't bet)
Seat 3: ÉnMikike (small blind) collected (40)



PokerStars Hand #248388739344: Tournament #3703814931, $1.84+$0.16 USD Hold'em No Limit - Level I (10/20) - 2024/01/20 15:34:21 CET [2024/01/20 9:34:21 ET]
Table '3703814931 1' 3-max Seat #3 is the button
Seat 1: KzarChriS (500 in chips) 
Seat 2: Mahu2021 (430 in chips) 
Seat 3: ÉnMikike (570 in chips) 
KzarChriS: posts small blind 10
Mahu2021: posts big blind 20
*** HOLE CARDS ***
Dealt to Mahu2021 [3s 6h]
ÉnMikike: raises 20 to 40
KzarChriS: folds 
Mahu2021: folds 
Uncalled bet (20) returned to ÉnMikike
ÉnMikike collected 50 from pot
ÉnMikike: doesn't show hand 
*** SUMMARY ***
Total pot 50 | Rake 0 
Seat 1: KzarChriS (small blind) folded before Flop
Seat 2: Mahu2021 (big blind) folded before Flop
Seat 3: ÉnMikike (button) collected (50)



PokerStars Hand #248388741951: Tournament #3703814931, $1.84+$0.16 USD Hold'em No Limit - Level I (10/20) - 2024/01/20 15:34:32 CET [2024/01/20 9:34:32 ET]
Table '3703814931 1' 3-max Seat #1 is the button
Seat 1: KzarChriS (490 in chips) 
Seat 2: Mahu2021 (410 in chips) 
Seat 3: ÉnMikike (600 in chips) 
Mahu2021: posts small blind 10
ÉnMikike: posts big blind 20
*** HOLE CARDS ***
Dealt to Mahu2021 [2s Qs]
KzarChriS: folds 
Mahu2021: calls 10
ÉnMikike: raises 580 to 600 and is all-in
Mahu2021: folds 
Uncalled bet (580) returned to ÉnMikike
ÉnMikike collected 40 from pot
ÉnMikike: doesn't show hand 
*** SUMMARY ***
Total pot 40 | Rake 0 
Seat 1: KzarChriS (button) folded before Flop (didn't bet)
Seat 2: Mahu2021 (small blind) folded before Flop
Seat 3: ÉnMikike (big blind) collected (40)



PokerStars Hand #248388745189: Tournament #3703814931, $1.84+$0.16 USD Hold'em No Limit - Level I (10/20) - 2024/01/20 15:34:44 CET [2024/01/20 9:34:44 ET]
Table '3703814931 1' 3-max Seat #2 is the button
Seat 1: KzarChriS (490 in chips) 
Seat 2: Mahu2021 (390 in chips) 
Seat 3: ÉnMikike (620 in chips) 
ÉnMikike: posts small blind 10
KzarChriS: posts big blind 20
*** HOLE CARDS ***
Dealt to Mahu2021 [5d 2h]
Mahu2021: folds 
ÉnMikike: raises 20 to 40
KzarChriS: calls 20
*** FLOP *** [4h 4s 7h]
ÉnMikike: checks 
KzarChriS: checks 
*** TURN *** [4h 4s 7h] [6h]
ÉnMikike: checks 
KzarChriS: checks 
*** RIVER *** [4h 4s 7h 6h] [3c]
ÉnMikike: checks 
KzarChriS: checks 
*** SHOW DOWN ***
ÉnMikike: shows [Js 8s] (a pair of Fours)
KzarChriS: shows [Th Jc] (a pair of Fours - Jack+Ten kicker)
KzarChriS collected 80 from pot
*** SUMMARY ***
Total pot 80 | Rake 0 
Board [4h 4s 7h 6h 3c]
Seat 1: KzarChriS (big blind) showed [Th Jc] and won (80) with a pair of Fours
Seat 2: Mahu2021 (button) folded before Flop (didn't bet)
Seat 3: ÉnMikike (small blind) showed [Js 8s] and lost with a pair of Fours



PokerStars Hand #248388758057: Tournament #3703814931, $1.84+$0.16 USD Hold'em No Limit - Level I (10/20) - 2024/01/20 15:35:34 CET [2024/01/20 9:35:34 ET]
Table '3703814931 1' 3-max Seat #3 is the button
Seat 1: KzarChriS (530 in chips) 
Seat 2: Mahu2021 (390 in chips) 
Seat 3: ÉnMikike (580 in chips) 
KzarChriS: posts small blind 10
Mahu2021: posts big blind 20
*** HOLE CARDS ***
Dealt to Mahu2021 [Jh 3c]
ÉnMikike: raises 20 to 40
KzarChriS: folds 
Mahu2021: folds 
Uncalled bet (20) returned to ÉnMikike
ÉnMikike collected 50 from pot
ÉnMikike: doesn't show hand 
*** SUMMARY ***
Total pot 50 | Rake 0 
Seat 1: KzarChriS (small blind) folded before Flop
Seat 2: Mahu2021 (big blind) folded before Flop
Seat 3: ÉnMikike (button) collected (50)



PokerStars Hand #248388759893: Tournament #3703814931, $1.84+$0.16 USD Hold'em No Limit - Level I (10/20) - 2024/01/20 15:35:41 CET [2024/01/20 9:35:41 ET]
Table '3703814931 1' 3-max Seat #1 is the button
Seat 1: KzarChriS (520 in chips) 
Seat 2: Mahu2021 (370 in chips) 
Seat 3: ÉnMikike (610 in chips) 
Mahu2021: posts small blind 10
ÉnMikike: posts big blind 20
*** HOLE CARDS ***
Dealt to Mahu2021 [Td Kh]
KzarChriS: folds 
Mahu2021: raises 20 to 40
ÉnMikike: calls 20
*** FLOP *** [3s Ah 4h]
Mahu2021: checks 
ÉnMikike: bets 26
Mahu2021: calls 26
*** TURN *** [3s Ah 4h] [4d]
Mahu2021: checks 
ÉnMikike: checks 
*** RIVER *** [3s Ah 4h 4d] [7s]
Mahu2021: bets 304 and is all-in
ÉnMikike: folds 
Uncalled bet (304) returned to Mahu2021
Mahu2021 collected 132 from pot
Mahu2021: doesn't show hand 
*** SUMMARY ***
Total pot 132 | Rake 0 
Board [3s Ah 4h 4d 7s]
Seat 1: KzarChriS (button) folded before Flop (didn't bet)
Seat 2: Mahu2021 (small blind) collected (132)
Seat 3: ÉnMikike (big blind) folded on the River



PokerStars Hand #248388770631: Tournament #3703814931, $1.84+$0.16 USD Hold'em No Limit - Level II (15/30) - 2024/01/20 15:36:23 CET [2024/01/20 9:36:23 ET]
Table '3703814931 1' 3-max Seat #2 is the button
Seat 1: KzarChriS (520 in chips) 
Seat 2: Mahu2021 (436 in chips) 
Seat 3: ÉnMikike (544 in chips) 
ÉnMikike: posts small blind 15
KzarChriS: posts big blind 30
*** HOLE CARDS ***
Dealt to Mahu2021 [Kh Ah]
Mahu2021: raises 30 to 60
ÉnMikike: folds 
KzarChriS: calls 30
*** FLOP *** [3c 4s 8d]
KzarChriS: checks 
Mahu2021: checks 
*** TURN *** [3c 4s 8d] [5c]
KzarChriS: checks 
Mahu2021: checks 
*** RIVER *** [3c 4s 8d 5c] [9s]
KzarChriS: checks 
Mahu2021: checks 
*** SHOW DOWN ***
KzarChriS: shows [Kd 4d] (a pair of Fours)
Mahu2021: mucks hand 
KzarChriS collected 135 from pot
*** SUMMARY ***
Total pot 135 | Rake 0 
Board [3c 4s 8d 5c 9s]
Seat 1: KzarChriS (big blind) showed [Kd 4d] and won (135) with a pair of Fours
Seat 2: Mahu2021 (button) mucked [Kh Ah]
Seat 3: ÉnMikike (small blind) folded before Flop



PokerStars Hand #248388778635: Tournament #3703814931, $1.84+$0.16 USD Hold'em No Limit - Level II (15/30) - 2024/01/20 15:36:54 CET [2024/01/20 9:36:54 ET]
Table '3703814931 1' 3-max Seat #3 is the button
Seat 1: KzarChriS (595 in chips) 
Seat 2: Mahu2021 (376 in chips) 
Seat 3: ÉnMikike (529 in chips) 
KzarChriS: posts small blind 15
Mahu2021: posts big blind 30
*** HOLE CARDS ***
Dealt to Mahu2021 [3h 6s]
ÉnMikike: folds 
KzarChriS: raises 30 to 60
Mahu2021: folds 
Uncalled bet (30) returned to KzarChriS
KzarChriS collected 60 from pot
KzarChriS: doesn't show hand 
*** SUMMARY ***
Total pot 60 | Rake 0 
Seat 1: KzarChriS (small blind) collected (60)
Seat 2: Mahu2021 (big blind) folded before Flop
Seat 3: ÉnMikike (button) folded before Flop (didn't bet)



PokerStars Hand #248388780471: Tournament #3703814931, $1.84+$0.16 USD Hold'em No Limit - Level II (15/30) - 2024/01/20 15:37:01 CET [2024/01/20 9:37:01 ET]
Table '3703814931 1' 3-max Seat #1 is the button
Seat 1: KzarChriS (625 in chips) 
Seat 2: Mahu2021 (346 in chips) 
Seat 3: ÉnMikike (529 in chips) 
Mahu2021: posts small blind 15
ÉnMikike: posts big blind 30
*** HOLE CARDS ***
Dealt to Mahu2021 [Td 6h]
KzarChriS: folds 
Mahu2021: folds 
Uncalled bet (15) returned to ÉnMikike
ÉnMikike collected 30 from pot
ÉnMikike: doesn't show hand 
*** SUMMARY ***
Total pot 30 | Rake 0 
Seat 1: KzarChriS (button) folded before Flop (didn't bet)
Seat 2: Mahu2021 (small blind) folded before Flop
Seat 3: ÉnMikike (big blind) collected (30)



PokerStars Hand #248388781647: Tournament #3703814931, $1.84+$0.16 USD Hold'em No Limit - Level II (15/30) - 2024/01/20 15:37:06 CET [2024/01/20 9:37:06 ET]
Table '3703814931 1' 3-max Seat #2 is the button
Seat 1: KzarChriS (625 in chips) 
Seat 2: Mahu2021 (331 in chips) 
Seat 3: ÉnMikike (544 in chips) 
ÉnMikike: posts small blind 15
KzarChriS: posts big blind 30
*** HOLE CARDS ***
Dealt to Mahu2021 [Ts 3s]
Mahu2021: folds 
ÉnMikike: folds 
Uncalled bet (15) returned to KzarChriS
KzarChriS collected 30 from pot
KzarChriS: doesn't show hand 
*** SUMMARY ***
Total pot 30 | Rake 0 
Seat 1: KzarChriS (big blind) collected (30)
Seat 2: Mahu2021 (button) folded before Flop (didn't bet)
Seat 3: ÉnMikike (small blind) folded before Flop



PokerStars Hand #248388783042: Tournament #3703814931, $1.84+$0.16 USD Hold'em No Limit - Level II (15/30) - 2024/01/20 15:37:11 CET [2024/01/20 9:37:11 ET]
Table '3703814931 1' 3-max Seat #3 is the button
Seat 1: KzarChriS (640 in chips) 
Seat 2: Mahu2021 (331 in chips) 
Seat 3: ÉnMikike (529 in chips) 
KzarChriS: posts small blind 15
Mahu2021: posts big blind 30
*** HOLE CARDS ***
Dealt to Mahu2021 [9h Qd]
ÉnMikike: raises 499 to 529 and is all-in
KzarChriS: folds 
Mahu2021: folds 
Uncalled bet (499) returned to ÉnMikike
ÉnMikike collected 75 from pot
ÉnMikike: doesn't show hand 
*** SUMMARY ***
Total pot 75 | Rake 0 
Seat 1: KzarChriS (small blind) folded before Flop
Seat 2: Mahu2021 (big blind) folded before Flop
Seat 3: ÉnMikike (button) collected (75)



PokerStars Hand #248388784636: Tournament #3703814931, $1.84+$0.16 USD Hold'em No Limit - Level II (15/30) - 2024/01/20 15:37:17 CET [2024/01/20 9:37:17 ET]
Table '3703814931 1' 3-max Seat #1 is the button
Seat 1: KzarChriS (625 in chips) 
Seat 2: Mahu2021 (301 in chips) 
Seat 3: ÉnMikike (574 in chips) 
Mahu2021: posts small blind 15
ÉnMikike: posts big blind 30
*** HOLE CARDS ***
Dealt to Mahu2021 [8s 6h]
KzarChriS: raises 30 to 60
Mahu2021: folds 
ÉnMikike: calls 30
*** FLOP *** [9h 7c Tc]
ÉnMikike: checks 
KzarChriS: checks 
*** TURN *** [9h 7c Tc] [4s]
ÉnMikike: bets 95
KzarChriS: folds 
Uncalled bet (95) returned to ÉnMikike
ÉnMikike collected 135 from pot
ÉnMikike: doesn't show hand 
*** SUMMARY ***
Total pot 135 | Rake 0 
Board [9h 7c Tc 4s]
Seat 1: KzarChriS (button) folded on the Turn
Seat 2: Mahu2021 (small blind) folded before Flop
Seat 3: ÉnMikike (big blind) collected (135)



PokerStars Hand #248388791656: Tournament #3703814931, $1.84+$0.16 USD Hold'em No Limit - Level II (15/30) - 2024/01/20 15:37:44 CET [2024/01/20 9:37:44 ET]
Table '3703814931 1' 3-max Seat #2 is the button
Seat 1: KzarChriS (565 in chips) 
Seat 2: Mahu2021 (286 in chips) 
Seat 3: ÉnMikike (649 in chips) 
ÉnMikike: posts small blind 15
KzarChriS: posts big blind 30
*** HOLE CARDS ***
Dealt to Mahu2021 [6h Kh]
Mahu2021: raises 30 to 60
ÉnMikike: folds 
KzarChriS: raises 505 to 565 and is all-in
Mahu2021: calls 226 and is all-in
Uncalled bet (279) returned to KzarChriS
*** FLOP *** [2s 9s Kc]
*** TURN *** [2s 9s Kc] [4s]
*** RIVER *** [2s 9s Kc 4s] [9c]
*** SHOW DOWN ***
KzarChriS: shows [Ad 8s] (a pair of Nines)
Mahu2021: shows [6h Kh] (two pair, Kings and Nines)
Mahu2021 collected 587 from pot
*** SUMMARY ***
Total pot 587 | Rake 0 
Board [2s 9s Kc 4s 9c]
Seat 1: KzarChriS (big blind) showed [Ad 8s] and lost with a pair of Nines
Seat 2: Mahu2021 (button) showed [6h Kh] and won (587) with two pair, Kings and Nines
Seat 3: ÉnMikike (small blind) folded before Flop



PokerStars Hand #248388796275: Tournament #3703814931, $1.84+$0.16 USD Hold'em No Limit - Level II (15/30) - 2024/01/20 15:38:02 CET [2024/01/20 9:38:02 ET]
Table '3703814931 1' 3-max Seat #3 is the button
Seat 1: KzarChriS (279 in chips) 
Seat 2: Mahu2021 (587 in chips) 
Seat 3: ÉnMikike (634 in chips) 
KzarChriS: posts small blind 15
Mahu2021: posts big blind 30
*** HOLE CARDS ***
Dealt to Mahu2021 [7d As]
ÉnMikike: folds 
KzarChriS: folds 
Uncalled bet (15) returned to Mahu2021
Mahu2021 collected 30 from pot
Mahu2021: doesn't show hand 
*** SUMMARY ***
Total pot 30 | Rake 0 
Seat 1: KzarChriS (small blind) folded before Flop
Seat 2: Mahu2021 (big blind) collected (30)
Seat 3: ÉnMikike (button) folded before Flop (didn't bet)



PokerStars Hand #248388797985: Tournament #3703814931, $1.84+$0.16 USD Hold'em No Limit - Level II (15/30) - 2024/01/20 15:38:09 CET [2024/01/20 9:38:09 ET]
Table '3703814931 1' 3-max Seat #1 is the button
Seat 1: KzarChriS (264 in chips) 
Seat 2: Mahu2021 (602 in chips) 
Seat 3: ÉnMikike (634 in chips) 
Mahu2021: posts small blind 15
ÉnMikike: posts big blind 30
*** HOLE CARDS ***
Dealt to Mahu2021 [6s 6h]
KzarChriS: folds 
Mahu2021: calls 15
ÉnMikike: checks 
*** FLOP *** [6d Ac Ts]
Mahu2021: checks 
ÉnMikike: bets 30
Mahu2021: raises 30 to 60
ÉnMikike: folds 
Uncalled bet (30) returned to Mahu2021
Mahu2021 collected 120 from pot
Mahu2021: doesn't show hand 
*** SUMMARY ***
Total pot 120 | Rake 0 
Board [6d Ac Ts]
Seat 1: KzarChriS (button) folded before Flop (didn't bet)
Seat 2: Mahu2021 (small blind) collected (120)
Seat 3: ÉnMikike (big blind) folded on the Flop



PokerStars Hand #248388806828: Tournament #3703814931, $1.84+$0.16 USD Hold'em No Limit - Level II (15/30) - 2024/01/20 15:38:43 CET [2024/01/20 9:38:43 ET]
Table '3703814931 1' 3-max Seat #2 is the button
Seat 1: KzarChriS (264 in chips) 
Seat 2: Mahu2021 (662 in chips) 
Seat 3: ÉnMikike (574 in chips) 
ÉnMikike: posts small blind 15
KzarChriS: posts big blind 30
*** HOLE CARDS ***
Dealt to Mahu2021 [9s 5c]
Mahu2021: folds 
ÉnMikike: raises 544 to 574 and is all-in
KzarChriS: folds 
Uncalled bet (544) returned to ÉnMikike
ÉnMikike collected 60 from pot
ÉnMikike: doesn't show hand 
*** SUMMARY ***
Total pot 60 | Rake 0 
Seat 1: KzarChriS (big blind) folded before Flop
Seat 2: Mahu2021 (button) folded before Flop (didn't bet)
Seat 3: ÉnMikike (small blind) collected (60)



PokerStars Hand #248388809532: Tournament #3703814931, $1.84+$0.16 USD Hold'em No Limit - Level II (15/30) - 2024/01/20 15:38:53 CET [2024/01/20 9:38:53 ET]
Table '3703814931 1' 3-max Seat #3 is the button
Seat 1: KzarChriS (234 in chips) 
Seat 2: Mahu2021 (662 in chips) 
Seat 3: ÉnMikike (604 in chips) 
KzarChriS: posts small blind 15
Mahu2021: posts big blind 30
*** HOLE CARDS ***
Dealt to Mahu2021 [Kh 9d]
ÉnMikike: folds 
KzarChriS: raises 204 to 234 and is all-in
Mahu2021: calls 204
*** FLOP *** [6c 4d 5c]
*** TURN *** [6c 4d 5c] [Kd]
*** RIVER *** [6c 4d 5c Kd] [2s]
*** SHOW DOWN ***
KzarChriS: shows [Qd 7d] (high card King)
Mahu2021: shows [Kh 9d] (a pair of Kings)
Mahu2021 collected 468 from pot
KzarChriS finished the tournament in 3rd place
*** SUMMARY ***
Total pot 468 | Rake 0 
Board [6c 4d 5c Kd 2s]
Seat 1: KzarChriS (small blind) showed [Qd 7d] and lost with high card King
Seat 2: Mahu2021 (big blind) showed [Kh 9d] and won (468) with a pair of Kings
Seat 3: ÉnMikike (button) folded before Flop (didn't bet)



PokerStars Hand #248388818883: Tournament #3703814931, $1.84+$0.16 USD Hold'em No Limit - Level III (20/40) - 2024/01/20 15:39:29 CET [2024/01/20 9:39:29 ET]
Table '3703814931 1' 3-max Seat #2 is the button
Seat 2: Mahu2021 (896 in chips) 
Seat 3: ÉnMikike (604 in chips) 
Mahu2021: posts small blind 20
ÉnMikike: posts big blind 40
*** HOLE CARDS ***
Dealt to Mahu2021 [Jc Kh]
Mahu2021: raises 40 to 80
ÉnMikike: raises 524 to 604 and is all-in
Mahu2021: calls 524
*** FLOP *** [4d 3d 2d]
*** TURN *** [4d 3d 2d] [Jh]
*** RIVER *** [4d 3d 2d Jh] [9d]
*** SHOW DOWN ***
ÉnMikike: shows [9c Ah] (a pair of Nines)
Mahu2021: shows [Jc Kh] (a pair of Jacks)
Mahu2021 collected 1208 from pot
ÉnMikike finished the tournament in 2nd place
Mahu2021 wins the tournament and receives $6.00 - congratulations!
*** SUMMARY ***
Total pot 1208 | Rake 0 
Board [4d 3d 2d Jh 9d]
Seat 2: Mahu2021 (button) (small blind) showed [Jc Kh] and won (1208) with a pair of Jacks
Seat 3: ÉnMikike (big blind) showed [9c Ah] and lost with a pair of Nines



