PokerStars Hand #255629867094: Tournament #3876820981, $0.96+$0.04 USD Hold'em No Limit - Match Round I, Level I (25/50) - 2025/04/07 9:06:40 CET [2025/04/07 3:06:40 ET]
Table '3876820981 3' 4-max Seat #1 is the button
Seat 1: trex365 (500 in chips) 
Seat 2: kikojojo40 (500 in chips) is sitting out
Seat 3: 11lewa11 (500 in chips) 
Seat 4: Mahu2021 (500 in chips) 
trex365: posts the ante 10
kikojojo40: posts the ante 10
11lewa11: posts the ante 10
Mahu2021: posts the ante 10
kikojojo40: posts small blind 25
11lewa11: posts big blind 50
*** HOLE CARDS ***
Dealt to Mahu2021 [Ac 2h]
Mahu2021: folds 
trex365: folds 
kikojojo40: folds 
Uncalled bet (25) returned to 11lewa11
11lewa11 collected 90 from pot
11lewa11: doesn't show hand 
*** SUMMARY ***
Total pot 90 | Rake 0 
Seat 1: trex365 (button) folded before Flop (didn't bet)
Seat 2: kikojojo40 (small blind) folded before Flop
Seat 3: 11lewa11 (big blind) collected (90)
Seat 4: Mahu2021 folded before Flop (didn't bet)



PokerStars Hand #255629867508: Tournament #3876820981, $0.96+$0.04 USD Hold'em No Limit - Match Round I, Level I (25/50) - 2025/04/07 9:06:47 CET [2025/04/07 3:06:47 ET]
Table '3876820981 3' 4-max Seat #2 is the button
Seat 1: trex365 (490 in chips) 
Seat 2: kikojojo40 (465 in chips) is sitting out
Seat 3: 11lewa11 (555 in chips) 
Seat 4: Mahu2021 (490 in chips) 
trex365: posts the ante 10
kikojojo40: posts the ante 10
11lewa11: posts the ante 10
Mahu2021: posts the ante 10
11lewa11: posts small blind 25
Mahu2021: posts big blind 50
*** HOLE CARDS ***
Dealt to Mahu2021 [2c Th]
trex365: raises 430 to 480 and is all-in
kikojojo40: folds 
11lewa11: folds 
Mahu2021: folds 
Uncalled bet (430) returned to trex365
trex365 collected 165 from pot
*** SUMMARY ***
Total pot 165 | Rake 0 
Seat 1: trex365 collected (165)
Seat 2: kikojojo40 (button) folded before Flop (didn't bet)
Seat 3: 11lewa11 (small blind) folded before Flop
Seat 4: Mahu2021 (big blind) folded before Flop



PokerStars Hand #255629868170: Tournament #3876820981, $0.96+$0.04 USD Hold'em No Limit - Match Round I, Level I (25/50) - 2025/04/07 9:06:57 CET [2025/04/07 3:06:57 ET]
Table '3876820981 3' 4-max Seat #3 is the button
Seat 1: trex365 (595 in chips) 
Seat 2: kikojojo40 (455 in chips) is sitting out
Seat 3: 11lewa11 (520 in chips) 
Seat 4: Mahu2021 (430 in chips) 
trex365: posts the ante 10
kikojojo40: posts the ante 10
11lewa11: posts the ante 10
Mahu2021: posts the ante 10
Mahu2021: posts small blind 25
trex365: posts big blind 50
*** HOLE CARDS ***
Dealt to Mahu2021 [5d Ts]
kikojojo40: folds 
11lewa11: calls 50
Mahu2021: folds 
trex365: checks 
*** FLOP *** [Jd Jh 9d]
trex365: checks 
kikojojo40 has returned
11lewa11: checks 
*** TURN *** [Jd Jh 9d] [Qh]
trex365: checks 
11lewa11: bets 50
trex365: folds 
Uncalled bet (50) returned to 11lewa11
11lewa11 collected 165 from pot
11lewa11: doesn't show hand 
*** SUMMARY ***
Total pot 165 | Rake 0 
Board [Jd Jh 9d Qh]
Seat 1: trex365 (big blind) folded on the Turn
Seat 2: kikojojo40 folded before Flop (didn't bet)
Seat 3: 11lewa11 (button) collected (165)
Seat 4: Mahu2021 (small blind) folded before Flop



PokerStars Hand #255629869070: Tournament #3876820981, $0.96+$0.04 USD Hold'em No Limit - Match Round I, Level I (25/50) - 2025/04/07 9:07:10 CET [2025/04/07 3:07:10 ET]
Table '3876820981 3' 4-max Seat #4 is the button
Seat 1: trex365 (535 in chips) 
Seat 2: kikojojo40 (445 in chips) 
Seat 3: 11lewa11 (625 in chips) 
Seat 4: Mahu2021 (395 in chips) 
trex365: posts the ante 10
kikojojo40: posts the ante 10
11lewa11: posts the ante 10
Mahu2021: posts the ante 10
trex365: posts small blind 25
kikojojo40: posts big blind 50
*** HOLE CARDS ***
Dealt to Mahu2021 [Kh Jd]
11lewa11: raises 50 to 100
Mahu2021: calls 100
trex365: folds 
kikojojo40: raises 335 to 435 and is all-in
11lewa11: calls 335
Mahu2021: folds 
*** FLOP *** [2s 3c 9h]
*** TURN *** [2s 3c 9h] [5c]
*** RIVER *** [2s 3c 9h 5c] [Tc]
*** SHOW DOWN ***
kikojojo40: shows [Ac Qs] (high card Ace)
11lewa11: shows [5s 6s] (a pair of Fives)
11lewa11 collected 1035 from pot
kikojojo40 finished the tournament in 15th place
*** SUMMARY ***
Total pot 1035 | Rake 0 
Board [2s 3c 9h 5c Tc]
Seat 1: trex365 (small blind) folded before Flop
Seat 2: kikojojo40 (big blind) showed [Ac Qs] and lost with high card Ace
Seat 3: 11lewa11 showed [5s 6s] and won (1035) with a pair of Fives
Seat 4: Mahu2021 (button) folded before Flop



PokerStars Hand #255629870226: Tournament #3876820981, $0.96+$0.04 USD Hold'em No Limit - Match Round I, Level I (25/50) - 2025/04/07 9:07:28 CET [2025/04/07 3:07:28 ET]
Table '3876820981 3' 4-max Seat #1 is the button
Seat 1: trex365 (500 in chips) 
Seat 3: 11lewa11 (1215 in chips) 
Seat 4: Mahu2021 (285 in chips) 
trex365: posts the ante 10
11lewa11: posts the ante 10
Mahu2021: posts the ante 10
11lewa11: posts small blind 25
Mahu2021: posts big blind 50
*** HOLE CARDS ***
Dealt to Mahu2021 [2c 7c]
trex365: raises 440 to 490 and is all-in
11lewa11: folds 
Mahu2021: folds 
Uncalled bet (440) returned to trex365
trex365 collected 155 from pot
*** SUMMARY ***
Total pot 155 | Rake 0 
Seat 1: trex365 (button) collected (155)
Seat 3: 11lewa11 (small blind) folded before Flop
Seat 4: Mahu2021 (big blind) folded before Flop



PokerStars Hand #255629870812: Tournament #3876820981, $0.96+$0.04 USD Hold'em No Limit - Match Round I, Level I (25/50) - 2025/04/07 9:07:37 CET [2025/04/07 3:07:37 ET]
Table '3876820981 3' 4-max Seat #3 is the button
Seat 1: trex365 (595 in chips) 
Seat 3: 11lewa11 (1180 in chips) 
Seat 4: Mahu2021 (225 in chips) 
trex365: posts the ante 10
11lewa11: posts the ante 10
Mahu2021: posts the ante 10
Mahu2021: posts small blind 25
trex365: posts big blind 50
*** HOLE CARDS ***
Dealt to Mahu2021 [9h 8d]
11lewa11: folds 
Mahu2021: raises 165 to 215 and is all-in
trex365: folds 
Uncalled bet (165) returned to Mahu2021
Mahu2021 collected 130 from pot
Mahu2021: doesn't show hand 
*** SUMMARY ***
Total pot 130 | Rake 0 
Seat 1: trex365 (big blind) folded before Flop
Seat 3: 11lewa11 (button) folded before Flop (didn't bet)
Seat 4: Mahu2021 (small blind) collected (130)



PokerStars Hand #255629871384: Tournament #3876820981, $0.96+$0.04 USD Hold'em No Limit - Match Round I, Level I (25/50) - 2025/04/07 9:07:45 CET [2025/04/07 3:07:45 ET]
Table '3876820981 3' 4-max Seat #4 is the button
Seat 1: trex365 (535 in chips) 
Seat 3: 11lewa11 (1170 in chips) 
Seat 4: Mahu2021 (295 in chips) 
trex365: posts the ante 10
11lewa11: posts the ante 10
Mahu2021: posts the ante 10
trex365: posts small blind 25
11lewa11: posts big blind 50
*** HOLE CARDS ***
Dealt to Mahu2021 [5d Td]
Mahu2021: folds 
trex365: raises 475 to 525 and is all-in
11lewa11: folds 
Uncalled bet (475) returned to trex365
trex365 collected 130 from pot
*** SUMMARY ***
Total pot 130 | Rake 0 
Seat 1: trex365 (small blind) collected (130)
Seat 3: 11lewa11 (big blind) folded before Flop
Seat 4: Mahu2021 (button) folded before Flop (didn't bet)



PokerStars Hand #255629872224: Tournament #3876820981, $0.96+$0.04 USD Hold'em No Limit - Match Round I, Level I (25/50) - 2025/04/07 9:07:58 CET [2025/04/07 3:07:58 ET]
Table '3876820981 3' 4-max Seat #1 is the button
Seat 1: trex365 (605 in chips) 
Seat 3: 11lewa11 (1110 in chips) 
Seat 4: Mahu2021 (285 in chips) 
trex365: posts the ante 10
11lewa11: posts the ante 10
Mahu2021: posts the ante 10
11lewa11: posts small blind 25
Mahu2021: posts big blind 50
*** HOLE CARDS ***
Dealt to Mahu2021 [4h Td]
trex365: folds 
11lewa11: calls 25
Mahu2021: checks 
*** FLOP *** [As Qd 3h]
11lewa11: bets 50
Mahu2021: folds 
Uncalled bet (50) returned to 11lewa11
11lewa11 collected 130 from pot
11lewa11: doesn't show hand 
*** SUMMARY ***
Total pot 130 | Rake 0 
Board [As Qd 3h]
Seat 1: trex365 (button) folded before Flop (didn't bet)
Seat 3: 11lewa11 (small blind) collected (130)
Seat 4: Mahu2021 (big blind) folded on the Flop



PokerStars Hand #255629872911: Tournament #3876820981, $0.96+$0.04 USD Hold'em No Limit - Match Round I, Level I (25/50) - 2025/04/07 9:08:08 CET [2025/04/07 3:08:08 ET]
Table '3876820981 3' 4-max Seat #3 is the button
Seat 1: trex365 (595 in chips) 
Seat 3: 11lewa11 (1180 in chips) 
Seat 4: Mahu2021 (225 in chips) 
trex365: posts the ante 10
11lewa11: posts the ante 10
Mahu2021: posts the ante 10
Mahu2021: posts small blind 25
trex365: posts big blind 50
*** HOLE CARDS ***
Dealt to Mahu2021 [6h Jh]
11lewa11: raises 50 to 100
Mahu2021: folds 
trex365: raises 485 to 585 and is all-in
11lewa11: calls 485
*** FLOP *** [4c Kc 2c]
*** TURN *** [4c Kc 2c] [4s]
*** RIVER *** [4c Kc 2c 4s] [Jd]
*** SHOW DOWN ***
trex365: shows [8h Ah] (a pair of Fours)
11lewa11: shows [Jc Ts] (two pair, Jacks and Fours)
11lewa11 collected 1225 from pot
trex365 finished the tournament in 13th place
*** SUMMARY ***
Total pot 1225 | Rake 0 
Board [4c Kc 2c 4s Jd]
Seat 1: trex365 (big blind) showed [8h Ah] and lost with a pair of Fours
Seat 3: 11lewa11 (button) showed [Jc Ts] and won (1225) with two pair, Jacks and Fours
Seat 4: Mahu2021 (small blind) folded before Flop



PokerStars Hand #255629874127: Tournament #3876820981, $0.96+$0.04 USD Hold'em No Limit - Match Round I, Level I (25/50) - 2025/04/07 9:08:27 CET [2025/04/07 3:08:27 ET]
Table '3876820981 3' 4-max Seat #4 is the button
Seat 3: 11lewa11 (1810 in chips) 
Seat 4: Mahu2021 (190 in chips) 
11lewa11: posts the ante 10
Mahu2021: posts the ante 10
Mahu2021: posts small blind 25
11lewa11: posts big blind 50
*** HOLE CARDS ***
Dealt to Mahu2021 [Kd 4s]
Mahu2021: raises 130 to 180 and is all-in
11lewa11: calls 130
*** FLOP *** [Ad Ts Ac]
*** TURN *** [Ad Ts Ac] [6d]
*** RIVER *** [Ad Ts Ac 6d] [7c]
*** SHOW DOWN ***
11lewa11: shows [4c 6c] (two pair, Aces and Sixes)
Mahu2021: shows [Kd 4s] (a pair of Aces)
11lewa11 collected 380 from pot
Mahu2021 finished the tournament in 11th place
*** SUMMARY ***
Total pot 380 | Rake 0 
Board [Ad Ts Ac 6d 7c]
Seat 3: 11lewa11 (big blind) showed [4c 6c] and won (380) with two pair, Aces and Sixes
Seat 4: Mahu2021 (button) (small blind) showed [Kd 4s] and lost with a pair of Aces



