PokerStars Hand #244495611309: Tournament #3609623662, $0.92+$0.08 USD Hold'em No Limit - Level I (10/20) - 2023/06/27 19:21:40 CET [2023/06/27 13:21:40 ET]
Table '3609623662 1' 3-max Seat #1 is the button
Seat 1: Mahu2021 (500 in chips) 
Seat 2: Lenny060702 (500 in chips) 
Seat 3: Joke55555 (500 in chips) 
Lenny060702: posts small blind 10
Joke55555: posts big blind 20
*** HOLE CARDS ***
Dealt to Mahu2021 [Ks 3c]
Mahu2021: folds 
Lenny060702: calls 10
Joke55555: raises 60 to 80
Lenny060702: folds 
Uncalled bet (60) returned to Joke55555
Joke55555 collected 40 from pot
*** SUMMARY ***
Total pot 40 | Rake 0 
Seat 1: Mahu2021 (button) folded before Flop (didn't bet)
Seat 2: Lenny060702 (small blind) folded before Flop
Seat 3: Joke55555 (big blind) collected (40)



PokerStars Hand #244495614952: Tournament #3609623662, $0.92+$0.08 USD Hold'em No Limit - Level I (10/20) - 2023/06/27 19:21:54 CET [2023/06/27 13:21:54 ET]
Table '3609623662 1' 3-max Seat #2 is the button
Seat 1: Mahu2021 (500 in chips) 
Seat 2: Lenny060702 (480 in chips) 
Seat 3: Joke55555 (520 in chips) 
Joke55555: posts small blind 10
Mahu2021: posts big blind 20
*** HOLE CARDS ***
Dealt to Mahu2021 [6c 7s]
Lenny060702: calls 20
Joke55555: folds 
Mahu2021: checks 
*** FLOP *** [6h 2s 7h]
Mahu2021: checks 
Lenny060702: bets 20
Mahu2021: calls 20
*** TURN *** [6h 2s 7h] [Ts]
Mahu2021: checks 
Lenny060702: checks 
*** RIVER *** [6h 2s 7h Ts] [5d]
Mahu2021: bets 90
Lenny060702: folds 
Uncalled bet (90) returned to Mahu2021
Mahu2021 collected 90 from pot
Mahu2021: doesn't show hand 
*** SUMMARY ***
Total pot 90 | Rake 0 
Board [6h 2s 7h Ts 5d]
Seat 1: Mahu2021 (big blind) collected (90)
Seat 2: Lenny060702 (button) folded on the River
Seat 3: Joke55555 (small blind) folded before Flop



PokerStars Hand #244495622244: Tournament #3609623662, $0.92+$0.08 USD Hold'em No Limit - Level I (10/20) - 2023/06/27 19:22:20 CET [2023/06/27 13:22:20 ET]
Table '3609623662 1' 3-max Seat #3 is the button
Seat 1: Mahu2021 (550 in chips) 
Seat 2: Lenny060702 (440 in chips) 
Seat 3: Joke55555 (510 in chips) 
Mahu2021: posts small blind 10
Lenny060702: posts big blind 20
*** HOLE CARDS ***
Dealt to Mahu2021 [8s 7h]
Joke55555: raises 40 to 60
Mahu2021: folds 
Lenny060702: folds 
Uncalled bet (40) returned to Joke55555
Joke55555 collected 50 from pot
*** SUMMARY ***
Total pot 50 | Rake 0 
Seat 1: Mahu2021 (small blind) folded before Flop
Seat 2: Lenny060702 (big blind) folded before Flop
Seat 3: Joke55555 (button) collected (50)



PokerStars Hand #244495624534: Tournament #3609623662, $0.92+$0.08 USD Hold'em No Limit - Level I (10/20) - 2023/06/27 19:22:28 CET [2023/06/27 13:22:28 ET]
Table '3609623662 1' 3-max Seat #1 is the button
Seat 1: Mahu2021 (540 in chips) 
Seat 2: Lenny060702 (420 in chips) 
Seat 3: Joke55555 (540 in chips) 
Lenny060702: posts small blind 10
Joke55555: posts big blind 20
*** HOLE CARDS ***
Dealt to Mahu2021 [5h Ac]
Mahu2021: folds 
Lenny060702: calls 10
Joke55555: checks 
*** FLOP *** [6d 9d 3c]
Lenny060702: checks 
Joke55555: checks 
*** TURN *** [6d 9d 3c] [8h]
Lenny060702: bets 20
Joke55555: calls 20
*** RIVER *** [6d 9d 3c 8h] [6s]
Lenny060702: checks 
Joke55555: checks 
*** SHOW DOWN ***
Lenny060702: shows [Qc Td] (a pair of Sixes)
Joke55555: shows [4s 8s] (two pair, Eights and Sixes)
Joke55555 collected 80 from pot
*** SUMMARY ***
Total pot 80 | Rake 0 
Board [6d 9d 3c 8h 6s]
Seat 1: Mahu2021 (button) folded before Flop (didn't bet)
Seat 2: Lenny060702 (small blind) showed [Qc Td] and lost with a pair of Sixes
Seat 3: Joke55555 (big blind) showed [4s 8s] and won (80) with two pair, Eights and Sixes



PokerStars Hand #244495631517: Tournament #3609623662, $0.92+$0.08 USD Hold'em No Limit - Level I (10/20) - 2023/06/27 19:22:53 CET [2023/06/27 13:22:53 ET]
Table '3609623662 1' 3-max Seat #2 is the button
Seat 1: Mahu2021 (540 in chips) 
Seat 2: Lenny060702 (380 in chips) 
Seat 3: Joke55555 (580 in chips) 
Joke55555: posts small blind 10
Mahu2021: posts big blind 20
*** HOLE CARDS ***
Dealt to Mahu2021 [8h Kc]
Lenny060702: folds 
Joke55555: raises 20 to 40
Mahu2021: calls 20
*** FLOP *** [Qs 9d Ac]
Joke55555: bets 60
Mahu2021: folds 
Uncalled bet (60) returned to Joke55555
Joke55555 collected 80 from pot
*** SUMMARY ***
Total pot 80 | Rake 0 
Board [Qs 9d Ac]
Seat 1: Mahu2021 (big blind) folded on the Flop
Seat 2: Lenny060702 (button) folded before Flop (didn't bet)
Seat 3: Joke55555 (small blind) collected (80)



PokerStars Hand #244495637140: Tournament #3609623662, $0.92+$0.08 USD Hold'em No Limit - Level I (10/20) - 2023/06/27 19:23:14 CET [2023/06/27 13:23:14 ET]
Table '3609623662 1' 3-max Seat #3 is the button
Seat 1: Mahu2021 (500 in chips) 
Seat 2: Lenny060702 (380 in chips) 
Seat 3: Joke55555 (620 in chips) 
Mahu2021: posts small blind 10
Lenny060702: posts big blind 20
*** HOLE CARDS ***
Dealt to Mahu2021 [9d 5h]
Joke55555: folds 
Mahu2021: folds 
Uncalled bet (10) returned to Lenny060702
Lenny060702 collected 20 from pot
*** SUMMARY ***
Total pot 20 | Rake 0 
Seat 1: Mahu2021 (small blind) folded before Flop
Seat 2: Lenny060702 (big blind) collected (20)
Seat 3: Joke55555 (button) folded before Flop (didn't bet)



PokerStars Hand #244495638757: Tournament #3609623662, $0.92+$0.08 USD Hold'em No Limit - Level I (10/20) - 2023/06/27 19:23:19 CET [2023/06/27 13:23:19 ET]
Table '3609623662 1' 3-max Seat #1 is the button
Seat 1: Mahu2021 (490 in chips) 
Seat 2: Lenny060702 (390 in chips) 
Seat 3: Joke55555 (620 in chips) 
Lenny060702: posts small blind 10
Joke55555: posts big blind 20
*** HOLE CARDS ***
Dealt to Mahu2021 [6h Kd]
Mahu2021: folds 
Lenny060702: raises 20 to 40
Joke55555: calls 20
*** FLOP *** [Kh 9s 4c]
Lenny060702: checks 
Joke55555: checks 
*** TURN *** [Kh 9s 4c] [5h]
Lenny060702: bets 80
Joke55555: folds 
Uncalled bet (80) returned to Lenny060702
Lenny060702 collected 80 from pot
*** SUMMARY ***
Total pot 80 | Rake 0 
Board [Kh 9s 4c 5h]
Seat 1: Mahu2021 (button) folded before Flop (didn't bet)
Seat 2: Lenny060702 (small blind) collected (80)
Seat 3: Joke55555 (big blind) folded on the Turn



PokerStars Hand #244495645837: Tournament #3609623662, $0.92+$0.08 USD Hold'em No Limit - Level I (10/20) - 2023/06/27 19:23:45 CET [2023/06/27 13:23:45 ET]
Table '3609623662 1' 3-max Seat #2 is the button
Seat 1: Mahu2021 (490 in chips) 
Seat 2: Lenny060702 (430 in chips) 
Seat 3: Joke55555 (580 in chips) 
Joke55555: posts small blind 10
Mahu2021: posts big blind 20
*** HOLE CARDS ***
Dealt to Mahu2021 [7h 6h]
Lenny060702: calls 20
Joke55555: folds 
Mahu2021: checks 
*** FLOP *** [5d 8h Kc]
Mahu2021: checks 
Lenny060702: bets 50
Mahu2021: calls 50
*** TURN *** [5d 8h Kc] [3s]
Mahu2021: checks 
Lenny060702: bets 150
Mahu2021: calls 150
*** RIVER *** [5d 8h Kc 3s] [7c]
Mahu2021: checks 
Lenny060702: checks 
*** SHOW DOWN ***
Mahu2021: shows [7h 6h] (a pair of Sevens)
Lenny060702: shows [8s Ah] (a pair of Eights)
Lenny060702 collected 450 from pot
*** SUMMARY ***
Total pot 450 | Rake 0 
Board [5d 8h Kc 3s 7c]
Seat 1: Mahu2021 (big blind) showed [7h 6h] and lost with a pair of Sevens
Seat 2: Lenny060702 (button) showed [8s Ah] and won (450) with a pair of Eights
Seat 3: Joke55555 (small blind) folded before Flop



PokerStars Hand #244495653923: Tournament #3609623662, $0.92+$0.08 USD Hold'em No Limit - Level I (10/20) - 2023/06/27 19:24:15 CET [2023/06/27 13:24:15 ET]
Table '3609623662 1' 3-max Seat #3 is the button
Seat 1: Mahu2021 (270 in chips) 
Seat 2: Lenny060702 (660 in chips) 
Seat 3: Joke55555 (570 in chips) 
Mahu2021: posts small blind 10
Lenny060702: posts big blind 20
*** HOLE CARDS ***
Dealt to Mahu2021 [Ad 7c]
Joke55555: folds 
Mahu2021: raises 20 to 40
Lenny060702: calls 20
*** FLOP *** [7s 3c 2h]
Mahu2021: bets 230 and is all-in
Lenny060702: folds 
Uncalled bet (230) returned to Mahu2021
Mahu2021 collected 80 from pot
Mahu2021: doesn't show hand 
*** SUMMARY ***
Total pot 80 | Rake 0 
Board [7s 3c 2h]
Seat 1: Mahu2021 (small blind) collected (80)
Seat 2: Lenny060702 (big blind) folded on the Flop
Seat 3: Joke55555 (button) folded before Flop (didn't bet)



PokerStars Hand #244495656988: Tournament #3609623662, $0.92+$0.08 USD Hold'em No Limit - Level I (10/20) - 2023/06/27 19:24:26 CET [2023/06/27 13:24:26 ET]
Table '3609623662 1' 3-max Seat #1 is the button
Seat 1: Mahu2021 (310 in chips) 
Seat 2: Lenny060702 (620 in chips) 
Seat 3: Joke55555 (570 in chips) 
Lenny060702: posts small blind 10
Joke55555: posts big blind 20
*** HOLE CARDS ***
Dealt to Mahu2021 [As 9d]
Mahu2021: raises 20 to 40
Lenny060702: folds 
Joke55555: calls 20
*** FLOP *** [Kh Tc 8c]
Joke55555: checks 
Mahu2021: checks 
*** TURN *** [Kh Tc 8c] [Ts]
Joke55555: checks 
Mahu2021: checks 
*** RIVER *** [Kh Tc 8c Ts] [3s]
Joke55555: bets 20
Mahu2021: calls 20
*** SHOW DOWN ***
Joke55555: shows [8s 6h] (two pair, Tens and Eights)
Mahu2021: mucks hand 
Joke55555 collected 130 from pot
*** SUMMARY ***
Total pot 130 | Rake 0 
Board [Kh Tc 8c Ts 3s]
Seat 1: Mahu2021 (button) mucked [As 9d]
Seat 2: Lenny060702 (small blind) folded before Flop
Seat 3: Joke55555 (big blind) showed [8s 6h] and won (130) with two pair, Tens and Eights



PokerStars Hand #244495660769: Tournament #3609623662, $0.92+$0.08 USD Hold'em No Limit - Level I (10/20) - 2023/06/27 19:24:39 CET [2023/06/27 13:24:39 ET]
Table '3609623662 1' 3-max Seat #2 is the button
Seat 1: Mahu2021 (250 in chips) 
Seat 2: Lenny060702 (610 in chips) 
Seat 3: Joke55555 (640 in chips) 
Joke55555: posts small blind 10
Mahu2021: posts big blind 20
*** HOLE CARDS ***
Dealt to Mahu2021 [7h Qs]
Lenny060702: folds 
Joke55555: folds 
Uncalled bet (10) returned to Mahu2021
Mahu2021 collected 20 from pot
Mahu2021: doesn't show hand 
*** SUMMARY ***
Total pot 20 | Rake 0 
Seat 1: Mahu2021 (big blind) collected (20)
Seat 2: Lenny060702 (button) folded before Flop (didn't bet)
Seat 3: Joke55555 (small blind) folded before Flop



PokerStars Hand #244495663198: Tournament #3609623662, $0.92+$0.08 USD Hold'em No Limit - Level II (15/30) - 2023/06/27 19:24:48 CET [2023/06/27 13:24:48 ET]
Table '3609623662 1' 3-max Seat #3 is the button
Seat 1: Mahu2021 (260 in chips) 
Seat 2: Lenny060702 (610 in chips) 
Seat 3: Joke55555 (630 in chips) 
Mahu2021: posts small blind 15
Lenny060702: posts big blind 30
*** HOLE CARDS ***
Dealt to Mahu2021 [5c 6d]
Joke55555: folds 
Mahu2021: calls 15
Lenny060702: checks 
*** FLOP *** [Jd As 9c]
Mahu2021: bets 30
Lenny060702: folds 
Uncalled bet (30) returned to Mahu2021
Mahu2021 collected 60 from pot
Mahu2021: doesn't show hand 
*** SUMMARY ***
Total pot 60 | Rake 0 
Board [Jd As 9c]
Seat 1: Mahu2021 (small blind) collected (60)
Seat 2: Lenny060702 (big blind) folded on the Flop
Seat 3: Joke55555 (button) folded before Flop (didn't bet)



PokerStars Hand #244495665768: Tournament #3609623662, $0.92+$0.08 USD Hold'em No Limit - Level II (15/30) - 2023/06/27 19:24:58 CET [2023/06/27 13:24:58 ET]
Table '3609623662 1' 3-max Seat #1 is the button
Seat 1: Mahu2021 (290 in chips) 
Seat 2: Lenny060702 (580 in chips) 
Seat 3: Joke55555 (630 in chips) 
Lenny060702: posts small blind 15
Joke55555: posts big blind 30
*** HOLE CARDS ***
Dealt to Mahu2021 [5d Td]
Mahu2021: folds 
Lenny060702: calls 15
Joke55555: checks 
*** FLOP *** [Qd 6c 2s]
Lenny060702: checks 
Joke55555: checks 
*** TURN *** [Qd 6c 2s] [6s]
Lenny060702: bets 30
Joke55555: folds 
Uncalled bet (30) returned to Lenny060702
Lenny060702 collected 60 from pot
*** SUMMARY ***
Total pot 60 | Rake 0 
Board [Qd 6c 2s 6s]
Seat 1: Mahu2021 (button) folded before Flop (didn't bet)
Seat 2: Lenny060702 (small blind) collected (60)
Seat 3: Joke55555 (big blind) folded on the Turn



PokerStars Hand #244496169855: Tournament #3609623662, $0.92+$0.08 USD Hold'em No Limit - Level II (15/30) - 2023/06/27 19:25:12 CET [2023/06/27 13:25:12 ET]
Table '3609623662 1' 3-max Seat #2 is the button
Seat 1: Mahu2021 (290 in chips) 
Seat 2: Lenny060702 (610 in chips) 
Seat 3: Joke55555 (600 in chips) 
Joke55555: posts small blind 15
Mahu2021: posts big blind 30
*** HOLE CARDS ***
Dealt to Mahu2021 [Jc 3c]
Lenny060702: folds 
Joke55555: folds 
Uncalled bet (15) returned to Mahu2021
Mahu2021 collected 30 from pot
Mahu2021: doesn't show hand 
*** SUMMARY ***
Total pot 30 | Rake 0 
Seat 1: Mahu2021 (big blind) collected (30)
Seat 2: Lenny060702 (button) folded before Flop (didn't bet)
Seat 3: Joke55555 (small blind) folded before Flop



PokerStars Hand #244496171211: Tournament #3609623662, $0.92+$0.08 USD Hold'em No Limit - Level II (15/30) - 2023/06/27 19:25:17 CET [2023/06/27 13:25:17 ET]
Table '3609623662 1' 3-max Seat #3 is the button
Seat 1: Mahu2021 (305 in chips) 
Seat 2: Lenny060702 (610 in chips) 
Seat 3: Joke55555 (585 in chips) 
Mahu2021: posts small blind 15
Lenny060702: posts big blind 30
*** HOLE CARDS ***
Dealt to Mahu2021 [2s 4c]
Joke55555: folds 
Mahu2021: folds 
Uncalled bet (15) returned to Lenny060702
Lenny060702 collected 30 from pot
*** SUMMARY ***
Total pot 30 | Rake 0 
Seat 1: Mahu2021 (small blind) folded before Flop
Seat 2: Lenny060702 (big blind) collected (30)
Seat 3: Joke55555 (button) folded before Flop (didn't bet)



PokerStars Hand #244496172513: Tournament #3609623662, $0.92+$0.08 USD Hold'em No Limit - Level II (15/30) - 2023/06/27 19:25:22 CET [2023/06/27 13:25:22 ET]
Table '3609623662 1' 3-max Seat #1 is the button
Seat 1: Mahu2021 (290 in chips) 
Seat 2: Lenny060702 (625 in chips) 
Seat 3: Joke55555 (585 in chips) 
Lenny060702: posts small blind 15
Joke55555: posts big blind 30
*** HOLE CARDS ***
Dealt to Mahu2021 [7h Qh]
Mahu2021: raises 30 to 60
Lenny060702: folds 
Joke55555: folds 
Uncalled bet (30) returned to Mahu2021
Mahu2021 collected 75 from pot
Mahu2021: doesn't show hand 
*** SUMMARY ***
Total pot 75 | Rake 0 
Seat 1: Mahu2021 (button) collected (75)
Seat 2: Lenny060702 (small blind) folded before Flop
Seat 3: Joke55555 (big blind) folded before Flop



PokerStars Hand #244496175033: Tournament #3609623662, $0.92+$0.08 USD Hold'em No Limit - Level II (15/30) - 2023/06/27 19:25:31 CET [2023/06/27 13:25:31 ET]
Table '3609623662 1' 3-max Seat #2 is the button
Seat 1: Mahu2021 (335 in chips) 
Seat 2: Lenny060702 (610 in chips) 
Seat 3: Joke55555 (555 in chips) 
Joke55555: posts small blind 15
Mahu2021: posts big blind 30
*** HOLE CARDS ***
Dealt to Mahu2021 [Jd 7s]
Lenny060702: calls 30
Joke55555: calls 15
Mahu2021: checks 
*** FLOP *** [Ac 4h Qd]
Joke55555: checks 
Mahu2021: checks 
Lenny060702: bets 45
Joke55555: calls 45
Mahu2021: folds 
*** TURN *** [Ac 4h Qd] [Qh]
Joke55555: checks 
Lenny060702: bets 30
Joke55555: folds 
Uncalled bet (30) returned to Lenny060702
Lenny060702 collected 180 from pot
*** SUMMARY ***
Total pot 180 | Rake 0 
Board [Ac 4h Qd Qh]
Seat 1: Mahu2021 (big blind) folded on the Flop
Seat 2: Lenny060702 (button) collected (180)
Seat 3: Joke55555 (small blind) folded on the Turn



PokerStars Hand #244496182440: Tournament #3609623662, $0.92+$0.08 USD Hold'em No Limit - Level II (15/30) - 2023/06/27 19:25:57 CET [2023/06/27 13:25:57 ET]
Table '3609623662 1' 3-max Seat #3 is the button
Seat 1: Mahu2021 (305 in chips) 
Seat 2: Lenny060702 (715 in chips) 
Seat 3: Joke55555 (480 in chips) 
Mahu2021: posts small blind 15
Lenny060702: posts big blind 30
*** HOLE CARDS ***
Dealt to Mahu2021 [Th Jh]
Joke55555: raises 30 to 60
Mahu2021: calls 45
Lenny060702: folds 
*** FLOP *** [7h 9h Qd]
Mahu2021: bets 245 and is all-in
Joke55555: folds 
Uncalled bet (245) returned to Mahu2021
Mahu2021 collected 150 from pot
Mahu2021: doesn't show hand 
*** SUMMARY ***
Total pot 150 | Rake 0 
Board [7h 9h Qd]
Seat 1: Mahu2021 (small blind) collected (150)
Seat 2: Lenny060702 (big blind) folded before Flop
Seat 3: Joke55555 (button) folded on the Flop



PokerStars Hand #244496185488: Tournament #3609623662, $0.92+$0.08 USD Hold'em No Limit - Level II (15/30) - 2023/06/27 19:26:09 CET [2023/06/27 13:26:09 ET]
Table '3609623662 1' 3-max Seat #1 is the button
Seat 1: Mahu2021 (395 in chips) 
Seat 2: Lenny060702 (685 in chips) 
Seat 3: Joke55555 (420 in chips) 
Lenny060702: posts small blind 15
Joke55555: posts big blind 30
*** HOLE CARDS ***
Dealt to Mahu2021 [2d Qs]
Mahu2021: folds 
Lenny060702: calls 15
Joke55555: raises 390 to 420 and is all-in
Lenny060702: folds 
Uncalled bet (390) returned to Joke55555
Joke55555 collected 60 from pot
*** SUMMARY ***
Total pot 60 | Rake 0 
Seat 1: Mahu2021 (button) folded before Flop (didn't bet)
Seat 2: Lenny060702 (small blind) folded before Flop
Seat 3: Joke55555 (big blind) collected (60)



PokerStars Hand #244496188066: Tournament #3609623662, $0.92+$0.08 USD Hold'em No Limit - Level II (15/30) - 2023/06/27 19:26:18 CET [2023/06/27 13:26:18 ET]
Table '3609623662 1' 3-max Seat #2 is the button
Seat 1: Mahu2021 (395 in chips) 
Seat 2: Lenny060702 (655 in chips) 
Seat 3: Joke55555 (450 in chips) 
Joke55555: posts small blind 15
Mahu2021: posts big blind 30
*** HOLE CARDS ***
Dealt to Mahu2021 [3h Kd]
Lenny060702: folds 
Joke55555: folds 
Uncalled bet (15) returned to Mahu2021
Mahu2021 collected 30 from pot
Mahu2021: doesn't show hand 
*** SUMMARY ***
Total pot 30 | Rake 0 
Seat 1: Mahu2021 (big blind) collected (30)
Seat 2: Lenny060702 (button) folded before Flop (didn't bet)
Seat 3: Joke55555 (small blind) folded before Flop



PokerStars Hand #244496189435: Tournament #3609623662, $0.92+$0.08 USD Hold'em No Limit - Level II (15/30) - 2023/06/27 19:26:23 CET [2023/06/27 13:26:23 ET]
Table '3609623662 1' 3-max Seat #3 is the button
Seat 1: Mahu2021 (410 in chips) 
Seat 2: Lenny060702 (655 in chips) 
Seat 3: Joke55555 (435 in chips) 
Mahu2021: posts small blind 15
Lenny060702: posts big blind 30
*** HOLE CARDS ***
Dealt to Mahu2021 [Jh 3s]
Joke55555: folds 
Mahu2021: calls 15
Lenny060702: checks 
*** FLOP *** [6s Js 6d]
Mahu2021: bets 30
Lenny060702: folds 
Uncalled bet (30) returned to Mahu2021
Mahu2021 collected 60 from pot
Mahu2021: doesn't show hand 
*** SUMMARY ***
Total pot 60 | Rake 0 
Board [6s Js 6d]
Seat 1: Mahu2021 (small blind) collected (60)
Seat 2: Lenny060702 (big blind) folded on the Flop
Seat 3: Joke55555 (button) folded before Flop (didn't bet)



PokerStars Hand #244496192991: Tournament #3609623662, $0.92+$0.08 USD Hold'em No Limit - Level II (15/30) - 2023/06/27 19:26:36 CET [2023/06/27 13:26:36 ET]
Table '3609623662 1' 3-max Seat #1 is the button
Seat 1: Mahu2021 (440 in chips) 
Seat 2: Lenny060702 (625 in chips) 
Seat 3: Joke55555 (435 in chips) 
Lenny060702: posts small blind 15
Joke55555: posts big blind 30
*** HOLE CARDS ***
Dealt to Mahu2021 [7s 2s]
Mahu2021: folds 
Lenny060702: raises 30 to 60
Joke55555: calls 30
*** FLOP *** [6d 7c Jc]
Lenny060702: checks 
Joke55555: bets 90
Lenny060702: folds 
Uncalled bet (90) returned to Joke55555
Joke55555 collected 120 from pot
*** SUMMARY ***
Total pot 120 | Rake 0 
Board [6d 7c Jc]
Seat 1: Mahu2021 (button) folded before Flop (didn't bet)
Seat 2: Lenny060702 (small blind) folded on the Flop
Seat 3: Joke55555 (big blind) collected (120)



PokerStars Hand #244496200593: Tournament #3609623662, $0.92+$0.08 USD Hold'em No Limit - Level II (15/30) - 2023/06/27 19:27:03 CET [2023/06/27 13:27:03 ET]
Table '3609623662 1' 3-max Seat #2 is the button
Seat 1: Mahu2021 (440 in chips) 
Seat 2: Lenny060702 (565 in chips) 
Seat 3: Joke55555 (495 in chips) 
Joke55555: posts small blind 15
Mahu2021: posts big blind 30
*** HOLE CARDS ***
Dealt to Mahu2021 [Jc 7c]
Lenny060702: folds 
Joke55555: folds 
Uncalled bet (15) returned to Mahu2021
Mahu2021 collected 30 from pot
Mahu2021: doesn't show hand 
*** SUMMARY ***
Total pot 30 | Rake 0 
Seat 1: Mahu2021 (big blind) collected (30)
Seat 2: Lenny060702 (button) folded before Flop (didn't bet)
Seat 3: Joke55555 (small blind) folded before Flop



PokerStars Hand #244496202069: Tournament #3609623662, $0.92+$0.08 USD Hold'em No Limit - Level II (15/30) - 2023/06/27 19:27:08 CET [2023/06/27 13:27:08 ET]
Table '3609623662 1' 3-max Seat #3 is the button
Seat 1: Mahu2021 (455 in chips) 
Seat 2: Lenny060702 (565 in chips) 
Seat 3: Joke55555 (480 in chips) 
Mahu2021: posts small blind 15
Lenny060702: posts big blind 30
*** HOLE CARDS ***
Dealt to Mahu2021 [3h 7d]
Joke55555: raises 30 to 60
Mahu2021: folds 
Lenny060702: calls 30
*** FLOP *** [Kh Jc 4h]
Lenny060702: checks 
Joke55555: bets 90
Lenny060702: folds 
Uncalled bet (90) returned to Joke55555
Joke55555 collected 135 from pot
*** SUMMARY ***
Total pot 135 | Rake 0 
Board [Kh Jc 4h]
Seat 1: Mahu2021 (small blind) folded before Flop
Seat 2: Lenny060702 (big blind) folded on the Flop
Seat 3: Joke55555 (button) collected (135)



PokerStars Hand #244496205988: Tournament #3609623662, $0.92+$0.08 USD Hold'em No Limit - Level II (15/30) - 2023/06/27 19:27:22 CET [2023/06/27 13:27:22 ET]
Table '3609623662 1' 3-max Seat #1 is the button
Seat 1: Mahu2021 (440 in chips) 
Seat 2: Lenny060702 (505 in chips) 
Seat 3: Joke55555 (555 in chips) 
Lenny060702: posts small blind 15
Joke55555: posts big blind 30
*** HOLE CARDS ***
Dealt to Mahu2021 [Jc 4c]
Mahu2021: folds 
Lenny060702: folds 
Uncalled bet (15) returned to Joke55555
Joke55555 collected 30 from pot
*** SUMMARY ***
Total pot 30 | Rake 0 
Seat 1: Mahu2021 (button) folded before Flop (didn't bet)
Seat 2: Lenny060702 (small blind) folded before Flop
Seat 3: Joke55555 (big blind) collected (30)



PokerStars Hand #244496207640: Tournament #3609623662, $0.92+$0.08 USD Hold'em No Limit - Level II (15/30) - 2023/06/27 19:27:28 CET [2023/06/27 13:27:28 ET]
Table '3609623662 1' 3-max Seat #2 is the button
Seat 1: Mahu2021 (440 in chips) 
Seat 2: Lenny060702 (490 in chips) 
Seat 3: Joke55555 (570 in chips) 
Joke55555: posts small blind 15
Mahu2021: posts big blind 30
*** HOLE CARDS ***
Dealt to Mahu2021 [Ad Qh]
Lenny060702: folds 
Joke55555: raises 60 to 90
Mahu2021: raises 350 to 440 and is all-in
Joke55555: calls 350
*** FLOP *** [As 8d 3d]
*** TURN *** [As 8d 3d] [Ac]
*** RIVER *** [As 8d 3d Ac] [4h]
*** SHOW DOWN ***
Joke55555: shows [Ks Kh] (two pair, Aces and Kings)
Mahu2021: shows [Ad Qh] (three of a kind, Aces)
Mahu2021 collected 880 from pot
*** SUMMARY ***
Total pot 880 | Rake 0 
Board [As 8d 3d Ac 4h]
Seat 1: Mahu2021 (big blind) showed [Ad Qh] and won (880) with three of a kind, Aces
Seat 2: Lenny060702 (button) folded before Flop (didn't bet)
Seat 3: Joke55555 (small blind) showed [Ks Kh] and lost with two pair, Aces and Kings



PokerStars Hand #244496212973: Tournament #3609623662, $0.92+$0.08 USD Hold'em No Limit - Level III (20/40) - 2023/06/27 19:27:47 CET [2023/06/27 13:27:47 ET]
Table '3609623662 1' 3-max Seat #3 is the button
Seat 1: Mahu2021 (880 in chips) 
Seat 2: Lenny060702 (490 in chips) 
Seat 3: Joke55555 (130 in chips) 
Mahu2021: posts small blind 20
Lenny060702: posts big blind 40
*** HOLE CARDS ***
Dealt to Mahu2021 [Jh Td]
Joke55555: raises 90 to 130 and is all-in
Mahu2021: calls 110
Lenny060702: calls 90
*** FLOP *** [6s 9h 7h]
Mahu2021: checks 
Lenny060702: bets 360 and is all-in
Mahu2021: folds 
Uncalled bet (360) returned to Lenny060702
*** TURN *** [6s 9h 7h] [Ks]
*** RIVER *** [6s 9h 7h Ks] [Jc]
*** SHOW DOWN ***
Lenny060702: shows [6h Ah] (a pair of Sixes)
Joke55555: shows [Qh 9c] (a pair of Nines)
Joke55555 collected 390 from pot
*** SUMMARY ***
Total pot 390 | Rake 0 
Board [6s 9h 7h Ks Jc]
Seat 1: Mahu2021 (small blind) folded on the Flop
Seat 2: Lenny060702 (big blind) showed [6h Ah] and lost with a pair of Sixes
Seat 3: Joke55555 (button) showed [Qh 9c] and won (390) with a pair of Nines



PokerStars Hand #244496218806: Tournament #3609623662, $0.92+$0.08 USD Hold'em No Limit - Level III (20/40) - 2023/06/27 19:28:08 CET [2023/06/27 13:28:08 ET]
Table '3609623662 1' 3-max Seat #1 is the button
Seat 1: Mahu2021 (750 in chips) 
Seat 2: Lenny060702 (360 in chips) 
Seat 3: Joke55555 (390 in chips) 
Lenny060702: posts small blind 20
Joke55555: posts big blind 40
*** HOLE CARDS ***
Dealt to Mahu2021 [8s 6c]
Mahu2021: folds 
Lenny060702: folds 
Uncalled bet (20) returned to Joke55555
Joke55555 collected 40 from pot
*** SUMMARY ***
Total pot 40 | Rake 0 
Seat 1: Mahu2021 (button) folded before Flop (didn't bet)
Seat 2: Lenny060702 (small blind) folded before Flop
Seat 3: Joke55555 (big blind) collected (40)



PokerStars Hand #244496220434: Tournament #3609623662, $0.92+$0.08 USD Hold'em No Limit - Level III (20/40) - 2023/06/27 19:28:14 CET [2023/06/27 13:28:14 ET]
Table '3609623662 1' 3-max Seat #2 is the button
Seat 1: Mahu2021 (750 in chips) 
Seat 2: Lenny060702 (340 in chips) 
Seat 3: Joke55555 (410 in chips) 
Joke55555: posts small blind 20
Mahu2021: posts big blind 40
*** HOLE CARDS ***
Dealt to Mahu2021 [9s Kh]
Lenny060702: folds 
Joke55555: raises 370 to 410 and is all-in
Mahu2021: folds 
Uncalled bet (370) returned to Joke55555
Joke55555 collected 80 from pot
*** SUMMARY ***
Total pot 80 | Rake 0 
Seat 1: Mahu2021 (big blind) folded before Flop
Seat 2: Lenny060702 (button) folded before Flop (didn't bet)
Seat 3: Joke55555 (small blind) collected (80)



PokerStars Hand #244496222973: Tournament #3609623662, $0.92+$0.08 USD Hold'em No Limit - Level III (20/40) - 2023/06/27 19:28:23 CET [2023/06/27 13:28:23 ET]
Table '3609623662 1' 3-max Seat #3 is the button
Seat 1: Mahu2021 (710 in chips) 
Seat 2: Lenny060702 (340 in chips) 
Seat 3: Joke55555 (450 in chips) 
Mahu2021: posts small blind 20
Lenny060702: posts big blind 40
*** HOLE CARDS ***
Dealt to Mahu2021 [6c 3s]
Joke55555: raises 410 to 450 and is all-in
Mahu2021: folds 
Lenny060702: folds 
Uncalled bet (410) returned to Joke55555
Joke55555 collected 100 from pot
*** SUMMARY ***
Total pot 100 | Rake 0 
Seat 1: Mahu2021 (small blind) folded before Flop
Seat 2: Lenny060702 (big blind) folded before Flop
Seat 3: Joke55555 (button) collected (100)



PokerStars Hand #244496224814: Tournament #3609623662, $0.92+$0.08 USD Hold'em No Limit - Level III (20/40) - 2023/06/27 19:28:29 CET [2023/06/27 13:28:29 ET]
Table '3609623662 1' 3-max Seat #1 is the button
Seat 1: Mahu2021 (690 in chips) 
Seat 2: Lenny060702 (300 in chips) 
Seat 3: Joke55555 (510 in chips) 
Lenny060702: posts small blind 20
Joke55555: posts big blind 40
*** HOLE CARDS ***
Dealt to Mahu2021 [3d 6c]
Mahu2021: folds 
Lenny060702: calls 20
Joke55555: checks 
*** FLOP *** [Js 7s Ac]
Lenny060702: checks 
Joke55555: checks 
*** TURN *** [Js 7s Ac] [2h]
Lenny060702: checks 
Joke55555: checks 
*** RIVER *** [Js 7s Ac 2h] [Qh]
Lenny060702: bets 40
Joke55555: folds 
Uncalled bet (40) returned to Lenny060702
Lenny060702 collected 80 from pot
*** SUMMARY ***
Total pot 80 | Rake 0 
Board [Js 7s Ac 2h Qh]
Seat 1: Mahu2021 (button) folded before Flop (didn't bet)
Seat 2: Lenny060702 (small blind) collected (80)
Seat 3: Joke55555 (big blind) folded on the River



PokerStars Hand #244496230486: Tournament #3609623662, $0.92+$0.08 USD Hold'em No Limit - Level III (20/40) - 2023/06/27 19:28:49 CET [2023/06/27 13:28:49 ET]
Table '3609623662 1' 3-max Seat #2 is the button
Seat 1: Mahu2021 (690 in chips) 
Seat 2: Lenny060702 (340 in chips) 
Seat 3: Joke55555 (470 in chips) 
Joke55555: posts small blind 20
Mahu2021: posts big blind 40
*** HOLE CARDS ***
Dealt to Mahu2021 [6s 9s]
Lenny060702: folds 
Joke55555: raises 430 to 470 and is all-in
Mahu2021: folds 
Uncalled bet (430) returned to Joke55555
Joke55555 collected 80 from pot
*** SUMMARY ***
Total pot 80 | Rake 0 
Seat 1: Mahu2021 (big blind) folded before Flop
Seat 2: Lenny060702 (button) folded before Flop (didn't bet)
Seat 3: Joke55555 (small blind) collected (80)



PokerStars Hand #244496232577: Tournament #3609623662, $0.92+$0.08 USD Hold'em No Limit - Level III (20/40) - 2023/06/27 19:28:57 CET [2023/06/27 13:28:57 ET]
Table '3609623662 1' 3-max Seat #3 is the button
Seat 1: Mahu2021 (650 in chips) 
Seat 2: Lenny060702 (340 in chips) 
Seat 3: Joke55555 (510 in chips) 
Mahu2021: posts small blind 20
Lenny060702: posts big blind 40
*** HOLE CARDS ***
Dealt to Mahu2021 [Ah 9c]
Joke55555: raises 470 to 510 and is all-in
Mahu2021: calls 490
Lenny060702: folds 
*** FLOP *** [9s 6h Jc]
*** TURN *** [9s 6h Jc] [9h]
*** RIVER *** [9s 6h Jc 9h] [Jd]
*** SHOW DOWN ***
Mahu2021: shows [Ah 9c] (a full house, Nines full of Jacks)
Joke55555: shows [Ac Qd] (two pair, Jacks and Nines)
Mahu2021 collected 1060 from pot
Joke55555 finished the tournament in 3rd place
*** SUMMARY ***
Total pot 1060 | Rake 0 
Board [9s 6h Jc 9h Jd]
Seat 1: Mahu2021 (small blind) showed [Ah 9c] and won (1060) with a full house, Nines full of Jacks
Seat 2: Lenny060702 (big blind) folded before Flop
Seat 3: Joke55555 (button) showed [Ac Qd] and lost with two pair, Jacks and Nines



PokerStars Hand #244496237900: Tournament #3609623662, $0.92+$0.08 USD Hold'em No Limit - Level III (20/40) - 2023/06/27 19:29:16 CET [2023/06/27 13:29:16 ET]
Table '3609623662 1' 3-max Seat #2 is the button
Seat 1: Mahu2021 (1200 in chips) 
Seat 2: Lenny060702 (300 in chips) 
Lenny060702: posts small blind 20
Mahu2021: posts big blind 40
*** HOLE CARDS ***
Dealt to Mahu2021 [Kc 7d]
Lenny060702: calls 20
Mahu2021: checks 
*** FLOP *** [Kh 6d 4d]
Mahu2021: checks 
Lenny060702: bets 40
Mahu2021: calls 40
*** TURN *** [Kh 6d 4d] [Qs]
Mahu2021: checks 
Lenny060702: bets 220 and is all-in
Mahu2021: calls 220
*** RIVER *** [Kh 6d 4d Qs] [2c]
*** SHOW DOWN ***
Mahu2021: shows [Kc 7d] (a pair of Kings)
Lenny060702: shows [Qh 4h] (two pair, Queens and Fours)
Lenny060702 collected 600 from pot
*** SUMMARY ***
Total pot 600 | Rake 0 
Board [Kh 6d 4d Qs 2c]
Seat 1: Mahu2021 (big blind) showed [Kc 7d] and lost with a pair of Kings
Seat 2: Lenny060702 (button) (small blind) showed [Qh 4h] and won (600) with two pair, Queens and Fours



PokerStars Hand #244496244140: Tournament #3609623662, $0.92+$0.08 USD Hold'em No Limit - Level III (20/40) - 2023/06/27 19:29:38 CET [2023/06/27 13:29:38 ET]
Table '3609623662 1' 3-max Seat #1 is the button
Seat 1: Mahu2021 (900 in chips) 
Seat 2: Lenny060702 (600 in chips) 
Mahu2021: posts small blind 20
Lenny060702: posts big blind 40
*** HOLE CARDS ***
Dealt to Mahu2021 [5s 5c]
Mahu2021: raises 860 to 900 and is all-in
Lenny060702: folds 
Uncalled bet (860) returned to Mahu2021
Mahu2021 collected 80 from pot
Mahu2021: doesn't show hand 
*** SUMMARY ***
Total pot 80 | Rake 0 
Seat 1: Mahu2021 (button) (small blind) collected (80)
Seat 2: Lenny060702 (big blind) folded before Flop



PokerStars Hand #244496245911: Tournament #3609623662, $0.92+$0.08 USD Hold'em No Limit - Level III (20/40) - 2023/06/27 19:29:45 CET [2023/06/27 13:29:45 ET]
Table '3609623662 1' 3-max Seat #2 is the button
Seat 1: Mahu2021 (940 in chips) 
Seat 2: Lenny060702 (560 in chips) 
Lenny060702: posts small blind 20
Mahu2021: posts big blind 40
*** HOLE CARDS ***
Dealt to Mahu2021 [4h Td]
Lenny060702: folds 
Uncalled bet (20) returned to Mahu2021
Mahu2021 collected 40 from pot
Mahu2021: doesn't show hand 
*** SUMMARY ***
Total pot 40 | Rake 0 
Seat 1: Mahu2021 (big blind) collected (40)
Seat 2: Lenny060702 (button) (small blind) folded before Flop



PokerStars Hand #244496247151: Tournament #3609623662, $0.92+$0.08 USD Hold'em No Limit - Level III (20/40) - 2023/06/27 19:29:49 CET [2023/06/27 13:29:49 ET]
Table '3609623662 1' 3-max Seat #1 is the button
Seat 1: Mahu2021 (960 in chips) 
Seat 2: Lenny060702 (540 in chips) 
Mahu2021: posts small blind 20
Lenny060702: posts big blind 40
*** HOLE CARDS ***
Dealt to Mahu2021 [Tc 6d]
Mahu2021: calls 20
Lenny060702: checks 
*** FLOP *** [2c Jh 2h]
Lenny060702: checks 
Mahu2021: bets 40
Lenny060702: folds 
Uncalled bet (40) returned to Mahu2021
Mahu2021 collected 80 from pot
Mahu2021: doesn't show hand 
*** SUMMARY ***
Total pot 80 | Rake 0 
Board [2c Jh 2h]
Seat 1: Mahu2021 (button) (small blind) collected (80)
Seat 2: Lenny060702 (big blind) folded on the Flop



PokerStars Hand #244496250283: Tournament #3609623662, $0.92+$0.08 USD Hold'em No Limit - Level III (20/40) - 2023/06/27 19:30:00 CET [2023/06/27 13:30:00 ET]
Table '3609623662 1' 3-max Seat #2 is the button
Seat 1: Mahu2021 (1000 in chips) 
Seat 2: Lenny060702 (500 in chips) 
Lenny060702: posts small blind 20
Mahu2021: posts big blind 40
*** HOLE CARDS ***
Dealt to Mahu2021 [Kd 4d]
Lenny060702: folds 
Uncalled bet (20) returned to Mahu2021
Mahu2021 collected 40 from pot
Mahu2021: doesn't show hand 
*** SUMMARY ***
Total pot 40 | Rake 0 
Seat 1: Mahu2021 (big blind) collected (40)
Seat 2: Lenny060702 (button) (small blind) folded before Flop



PokerStars Hand #244496251419: Tournament #3609623662, $0.92+$0.08 USD Hold'em No Limit - Level III (20/40) - 2023/06/27 19:30:04 CET [2023/06/27 13:30:04 ET]
Table '3609623662 1' 3-max Seat #1 is the button
Seat 1: Mahu2021 (1020 in chips) 
Seat 2: Lenny060702 (480 in chips) 
Mahu2021: posts small blind 20
Lenny060702: posts big blind 40
*** HOLE CARDS ***
Dealt to Mahu2021 [Jd Ah]
Mahu2021: raises 80 to 120
Lenny060702: folds 
Uncalled bet (80) returned to Mahu2021
Mahu2021 collected 80 from pot
Mahu2021: doesn't show hand 
*** SUMMARY ***
Total pot 80 | Rake 0 
Seat 1: Mahu2021 (button) (small blind) collected (80)
Seat 2: Lenny060702 (big blind) folded before Flop



PokerStars Hand #244496253051: Tournament #3609623662, $0.92+$0.08 USD Hold'em No Limit - Level III (20/40) - 2023/06/27 19:30:09 CET [2023/06/27 13:30:09 ET]
Table '3609623662 1' 3-max Seat #2 is the button
Seat 1: Mahu2021 (1060 in chips) 
Seat 2: Lenny060702 (440 in chips) 
Lenny060702: posts small blind 20
Mahu2021: posts big blind 40
*** HOLE CARDS ***
Dealt to Mahu2021 [5s Ac]
Lenny060702: folds 
Uncalled bet (20) returned to Mahu2021
Mahu2021 collected 40 from pot
Mahu2021: doesn't show hand 
*** SUMMARY ***
Total pot 40 | Rake 0 
Seat 1: Mahu2021 (big blind) collected (40)
Seat 2: Lenny060702 (button) (small blind) folded before Flop



PokerStars Hand #244496254199: Tournament #3609623662, $0.92+$0.08 USD Hold'em No Limit - Level III (20/40) - 2023/06/27 19:30:13 CET [2023/06/27 13:30:13 ET]
Table '3609623662 1' 3-max Seat #1 is the button
Seat 1: Mahu2021 (1080 in chips) 
Seat 2: Lenny060702 (420 in chips) 
Mahu2021: posts small blind 20
Lenny060702: posts big blind 40
*** HOLE CARDS ***
Dealt to Mahu2021 [Ac Ad]
Mahu2021: raises 1040 to 1080 and is all-in
Lenny060702: folds 
Uncalled bet (1040) returned to Mahu2021
Mahu2021 collected 80 from pot
Mahu2021: doesn't show hand 
*** SUMMARY ***
Total pot 80 | Rake 0 
Seat 1: Mahu2021 (button) (small blind) collected (80)
Seat 2: Lenny060702 (big blind) folded before Flop



PokerStars Hand #244496255710: Tournament #3609623662, $0.92+$0.08 USD Hold'em No Limit - Level III (20/40) - 2023/06/27 19:30:19 CET [2023/06/27 13:30:19 ET]
Table '3609623662 1' 3-max Seat #2 is the button
Seat 1: Mahu2021 (1120 in chips) 
Seat 2: Lenny060702 (380 in chips) 
Lenny060702: posts small blind 20
Mahu2021: posts big blind 40
*** HOLE CARDS ***
Dealt to Mahu2021 [Qd 3s]
Lenny060702: folds 
Uncalled bet (20) returned to Mahu2021
Mahu2021 collected 40 from pot
Mahu2021: doesn't show hand 
*** SUMMARY ***
Total pot 40 | Rake 0 
Seat 1: Mahu2021 (big blind) collected (40)
Seat 2: Lenny060702 (button) (small blind) folded before Flop



PokerStars Hand #244496256792: Tournament #3609623662, $0.92+$0.08 USD Hold'em No Limit - Level III (20/40) - 2023/06/27 19:30:23 CET [2023/06/27 13:30:23 ET]
Table '3609623662 1' 3-max Seat #1 is the button
Seat 1: Mahu2021 (1140 in chips) 
Seat 2: Lenny060702 (360 in chips) 
Mahu2021: posts small blind 20
Lenny060702: posts big blind 40
*** HOLE CARDS ***
Dealt to Mahu2021 [Js 8d]
Mahu2021: raises 40 to 80
Lenny060702: raises 280 to 360 and is all-in
Mahu2021: calls 280
*** FLOP *** [Qs Ah Th]
*** TURN *** [Qs Ah Th] [4h]
*** RIVER *** [Qs Ah Th 4h] [Ac]
*** SHOW DOWN ***
Lenny060702: shows [Ad Kc] (three of a kind, Aces)
Mahu2021: shows [Js 8d] (a pair of Aces)
Lenny060702 collected 720 from pot
*** SUMMARY ***
Total pot 720 | Rake 0 
Board [Qs Ah Th 4h Ac]
Seat 1: Mahu2021 (button) (small blind) showed [Js 8d] and lost with a pair of Aces
Seat 2: Lenny060702 (big blind) showed [Ad Kc] and won (720) with three of a kind, Aces



PokerStars Hand #244496261971: Tournament #3609623662, $0.92+$0.08 USD Hold'em No Limit - Level III (20/40) - 2023/06/27 19:30:41 CET [2023/06/27 13:30:41 ET]
Table '3609623662 1' 3-max Seat #2 is the button
Seat 1: Mahu2021 (780 in chips) 
Seat 2: Lenny060702 (720 in chips) 
Lenny060702: posts small blind 20
Mahu2021: posts big blind 40
*** HOLE CARDS ***
Dealt to Mahu2021 [4h Ad]
Lenny060702: raises 680 to 720 and is all-in
Mahu2021: folds 
Uncalled bet (680) returned to Lenny060702
Lenny060702 collected 80 from pot
*** SUMMARY ***
Total pot 80 | Rake 0 
Seat 1: Mahu2021 (big blind) folded before Flop
Seat 2: Lenny060702 (button) (small blind) collected (80)



PokerStars Hand #244496265206: Tournament #3609623662, $0.92+$0.08 USD Hold'em No Limit - Level IV (30/60) - 2023/06/27 19:30:52 CET [2023/06/27 13:30:52 ET]
Table '3609623662 1' 3-max Seat #1 is the button
Seat 1: Mahu2021 (740 in chips) 
Seat 2: Lenny060702 (760 in chips) 
Mahu2021: posts small blind 30
Lenny060702: posts big blind 60
*** HOLE CARDS ***
Dealt to Mahu2021 [2h Kh]
Mahu2021: calls 30
Lenny060702: checks 
*** FLOP *** [Ad Td 3s]
Lenny060702: checks 
Mahu2021: bets 60
Lenny060702: folds 
Uncalled bet (60) returned to Mahu2021
Mahu2021 collected 120 from pot
Mahu2021: doesn't show hand 
*** SUMMARY ***
Total pot 120 | Rake 0 
Board [Ad Td 3s]
Seat 1: Mahu2021 (button) (small blind) collected (120)
Seat 2: Lenny060702 (big blind) folded on the Flop



PokerStars Hand #244496268166: Tournament #3609623662, $0.92+$0.08 USD Hold'em No Limit - Level IV (30/60) - 2023/06/27 19:31:03 CET [2023/06/27 13:31:03 ET]
Table '3609623662 1' 3-max Seat #2 is the button
Seat 1: Mahu2021 (800 in chips) 
Seat 2: Lenny060702 (700 in chips) 
Lenny060702: posts small blind 30
Mahu2021: posts big blind 60
*** HOLE CARDS ***
Dealt to Mahu2021 [Tc Qs]
Lenny060702: folds 
Uncalled bet (30) returned to Mahu2021
Mahu2021 collected 60 from pot
Mahu2021: doesn't show hand 
*** SUMMARY ***
Total pot 60 | Rake 0 
Seat 1: Mahu2021 (big blind) collected (60)
Seat 2: Lenny060702 (button) (small blind) folded before Flop



PokerStars Hand #244496269218: Tournament #3609623662, $0.92+$0.08 USD Hold'em No Limit - Level IV (30/60) - 2023/06/27 19:31:07 CET [2023/06/27 13:31:07 ET]
Table '3609623662 1' 3-max Seat #1 is the button
Seat 1: Mahu2021 (830 in chips) 
Seat 2: Lenny060702 (670 in chips) 
Mahu2021: posts small blind 30
Lenny060702: posts big blind 60
*** HOLE CARDS ***
Dealt to Mahu2021 [7s 6h]
Mahu2021: calls 30
Lenny060702: checks 
*** FLOP *** [9s Ac 8h]
Lenny060702: bets 60
Mahu2021: calls 60
*** TURN *** [9s Ac 8h] [Ah]
Lenny060702: bets 240
Mahu2021: calls 240
*** RIVER *** [9s Ac 8h Ah] [5d]
Lenny060702: bets 310 and is all-in
Mahu2021: calls 310
*** SHOW DOWN ***
Lenny060702: shows [7c Kh] (a pair of Aces)
Mahu2021: shows [7s 6h] (a straight, Five to Nine)
Mahu2021 collected 1340 from pot
Lenny060702 finished the tournament in 2nd place
Mahu2021 wins the tournament and receives $3.00 - congratulations!
*** SUMMARY ***
Total pot 1340 | Rake 0 
Board [9s Ac 8h Ah 5d]
Seat 1: Mahu2021 (button) (small blind) showed [7s 6h] and won (1340) with a straight, Five to Nine
Seat 2: Lenny060702 (big blind) showed [7c Kh] and lost with a pair of Aces



