PokerStars Hand #249700115322: Tournament #3735425969, $1.84+$0.16 USD Hold'em No Limit - Level I (10/20) - 2024/03/30 8:12:05 CET [2024/03/30 3:12:05 ET]
Table '3735425969 1' 3-max Seat #1 is the button
Seat 1: Mahu2021 (500 in chips) 
Seat 2: Arbys69 (500 in chips) 
Seat 3: Grantler94 (500 in chips) 
Arbys69: posts small blind 10
Grantler94: posts big blind 20
*** HOLE CARDS ***
Dealt to Mahu2021 [As 4s]
Mahu2021: raises 20 to 40
Arbys69: folds 
Grantler94: calls 20
*** FLOP *** [3d 5s 5c]
Grantler94: checks 
Mahu2021: checks 
*** TURN *** [3d 5s 5c] [7d]
Grantler94: bets 20
Mahu2021: calls 20
*** RIVER *** [3d 5s 5c 7d] [8d]
Grantler94: bets 20
Mahu2021: folds 
Uncalled bet (20) returned to Grantler94
Grantler94 collected 130 from pot
*** SUMMARY ***
Total pot 130 | Rake 0 
Board [3d 5s 5c 7d 8d]
Seat 1: Mahu2021 (button) folded on the River
Seat 2: Arbys69 (small blind) folded before Flop
Seat 3: Grantler94 (big blind) collected (130)



PokerStars Hand #249700117070: Tournament #3735425969, $1.84+$0.16 USD Hold'em No Limit - Level I (10/20) - 2024/03/30 8:12:24 CET [2024/03/30 3:12:24 ET]
Table '3735425969 1' 3-max Seat #2 is the button
Seat 1: Mahu2021 (440 in chips) 
Seat 2: Arbys69 (490 in chips) 
Seat 3: Grantler94 (570 in chips) 
Grantler94: posts small blind 10
Mahu2021: posts big blind 20
*** HOLE CARDS ***
Dealt to Mahu2021 [5h 4h]
Arbys69: calls 20
Grantler94: calls 10
Mahu2021: checks 
*** FLOP *** [5c 4c 2h]
Grantler94: bets 40
Mahu2021: raises 60 to 100
Arbys69: folds 
Grantler94: calls 60
*** TURN *** [5c 4c 2h] [8s]
Grantler94: checks 
Mahu2021: checks 
*** RIVER *** [5c 4c 2h 8s] [Ac]
Grantler94: bets 60
Mahu2021: calls 60
*** SHOW DOWN ***
Grantler94: shows [Jh 3s] (a straight, Ace to Five)
Mahu2021: mucks hand 
Grantler94 collected 380 from pot
*** SUMMARY ***
Total pot 380 | Rake 0 
Board [5c 4c 2h 8s Ac]
Seat 1: Mahu2021 (big blind) mucked [5h 4h]
Seat 2: Arbys69 (button) folded on the Flop
Seat 3: Grantler94 (small blind) showed [Jh 3s] and won (380) with a straight, Ace to Five



PokerStars Hand #249700119364: Tournament #3735425969, $1.84+$0.16 USD Hold'em No Limit - Level I (10/20) - 2024/03/30 8:12:49 CET [2024/03/30 3:12:49 ET]
Table '3735425969 1' 3-max Seat #3 is the button
Seat 1: Mahu2021 (260 in chips) 
Seat 2: Arbys69 (470 in chips) 
Seat 3: Grantler94 (770 in chips) 
Mahu2021: posts small blind 10
Arbys69: posts big blind 20
*** HOLE CARDS ***
Dealt to Mahu2021 [Qc 7h]
Grantler94: calls 20
Mahu2021: raises 240 to 260 and is all-in
Arbys69: folds 
Grantler94: calls 240
*** FLOP *** [Ac 4d Kc]
*** TURN *** [Ac 4d Kc] [9c]
*** RIVER *** [Ac 4d Kc 9c] [Ks]
*** SHOW DOWN ***
Mahu2021: shows [Qc 7h] (a pair of Kings)
Grantler94: shows [8d Qd] (a pair of Kings)
Mahu2021 collected 270 from pot
Grantler94 collected 270 from pot
*** SUMMARY ***
Total pot 540 | Rake 0 
Board [Ac 4d Kc 9c Ks]
Seat 1: Mahu2021 (small blind) showed [Qc 7h] and won (270) with a pair of Kings
Seat 2: Arbys69 (big blind) folded before Flop
Seat 3: Grantler94 (button) showed [8d Qd] and won (270) with a pair of Kings



PokerStars Hand #249700120912: Tournament #3735425969, $1.84+$0.16 USD Hold'em No Limit - Level I (10/20) - 2024/03/30 8:13:05 CET [2024/03/30 3:13:05 ET]
Table '3735425969 1' 3-max Seat #1 is the button
Seat 1: Mahu2021 (270 in chips) 
Seat 2: Arbys69 (450 in chips) 
Seat 3: Grantler94 (780 in chips) 
Arbys69: posts small blind 10
Grantler94: posts big blind 20
*** HOLE CARDS ***
Dealt to Mahu2021 [Qd Tc]
Mahu2021: raises 20 to 40
Arbys69: calls 30
Grantler94: calls 20
*** FLOP *** [Ts 8d 8c]
Arbys69: checks 
Grantler94: checks 
Mahu2021: bets 230 and is all-in
Arbys69: folds 
Grantler94: folds 
Uncalled bet (230) returned to Mahu2021
Mahu2021 collected 120 from pot
Mahu2021: doesn't show hand 
*** SUMMARY ***
Total pot 120 | Rake 0 
Board [Ts 8d 8c]
Seat 1: Mahu2021 (button) collected (120)
Seat 2: Arbys69 (small blind) folded on the Flop
Seat 3: Grantler94 (big blind) folded on the Flop



PokerStars Hand #249700122689: Tournament #3735425969, $1.84+$0.16 USD Hold'em No Limit - Level I (10/20) - 2024/03/30 8:13:23 CET [2024/03/30 3:13:23 ET]
Table '3735425969 1' 3-max Seat #2 is the button
Seat 1: Mahu2021 (350 in chips) 
Seat 2: Arbys69 (410 in chips) 
Seat 3: Grantler94 (740 in chips) 
Grantler94: posts small blind 10
Mahu2021: posts big blind 20
*** HOLE CARDS ***
Dealt to Mahu2021 [8d 7s]
Arbys69: folds 
Grantler94: calls 10
Mahu2021: checks 
*** FLOP *** [9d 5c Kd]
Grantler94: checks 
Mahu2021: checks 
*** TURN *** [9d 5c Kd] [3c]
Grantler94: checks 
Mahu2021: checks 
*** RIVER *** [9d 5c Kd 3c] [Ac]
Grantler94: bets 80
Mahu2021: folds 
Uncalled bet (80) returned to Grantler94
Grantler94 collected 40 from pot
*** SUMMARY ***
Total pot 40 | Rake 0 
Board [9d 5c Kd 3c Ac]
Seat 1: Mahu2021 (big blind) folded on the River
Seat 2: Arbys69 (button) folded before Flop (didn't bet)
Seat 3: Grantler94 (small blind) collected (40)



PokerStars Hand #249700124159: Tournament #3735425969, $1.84+$0.16 USD Hold'em No Limit - Level I (10/20) - 2024/03/30 8:13:39 CET [2024/03/30 3:13:39 ET]
Table '3735425969 1' 3-max Seat #3 is the button
Seat 1: Mahu2021 (330 in chips) 
Seat 2: Arbys69 (410 in chips) 
Seat 3: Grantler94 (760 in chips) 
Mahu2021: posts small blind 10
Arbys69: posts big blind 20
*** HOLE CARDS ***
Dealt to Mahu2021 [Jh Kc]
Grantler94: calls 20
Mahu2021: calls 10
Arbys69: checks 
*** FLOP *** [Js 8d 7c]
Mahu2021: bets 60
Arbys69: calls 60
Grantler94: calls 60
*** TURN *** [Js 8d 7c] [5s]
Mahu2021: bets 250 and is all-in
Arbys69: folds 
Grantler94: calls 250
*** RIVER *** [Js 8d 7c 5s] [Kd]
*** SHOW DOWN ***
Mahu2021: shows [Jh Kc] (two pair, Kings and Jacks)
Grantler94: shows [Jc Qs] (a pair of Jacks)
Mahu2021 collected 740 from pot
*** SUMMARY ***
Total pot 740 | Rake 0 
Board [Js 8d 7c 5s Kd]
Seat 1: Mahu2021 (small blind) showed [Jh Kc] and won (740) with two pair, Kings and Jacks
Seat 2: Arbys69 (big blind) folded on the Turn
Seat 3: Grantler94 (button) showed [Jc Qs] and lost with a pair of Jacks



PokerStars Hand #249700126482: Tournament #3735425969, $1.84+$0.16 USD Hold'em No Limit - Level I (10/20) - 2024/03/30 8:14:03 CET [2024/03/30 3:14:03 ET]
Table '3735425969 1' 3-max Seat #1 is the button
Seat 1: Mahu2021 (740 in chips) 
Seat 2: Arbys69 (330 in chips) 
Seat 3: Grantler94 (430 in chips) 
Arbys69: posts small blind 10
Grantler94: posts big blind 20
*** HOLE CARDS ***
Dealt to Mahu2021 [8d 5d]
Mahu2021: folds 
Arbys69: folds 
Uncalled bet (10) returned to Grantler94
Grantler94 collected 20 from pot
*** SUMMARY ***
Total pot 20 | Rake 0 
Seat 1: Mahu2021 (button) folded before Flop (didn't bet)
Seat 2: Arbys69 (small blind) folded before Flop
Seat 3: Grantler94 (big blind) collected (20)



PokerStars Hand #249700127521: Tournament #3735425969, $1.84+$0.16 USD Hold'em No Limit - Level I (10/20) - 2024/03/30 8:14:14 CET [2024/03/30 3:14:14 ET]
Table '3735425969 1' 3-max Seat #2 is the button
Seat 1: Mahu2021 (740 in chips) 
Seat 2: Arbys69 (320 in chips) 
Seat 3: Grantler94 (440 in chips) 
Grantler94: posts small blind 10
Mahu2021: posts big blind 20
*** HOLE CARDS ***
Dealt to Mahu2021 [2d Kd]
Arbys69: calls 20
Grantler94: calls 10
Mahu2021: checks 
*** FLOP *** [5c 8c 4c]
Grantler94: checks 
Mahu2021: checks 
Arbys69: bets 60
Grantler94: folds 
Mahu2021: folds 
Uncalled bet (60) returned to Arbys69
Arbys69 collected 60 from pot
*** SUMMARY ***
Total pot 60 | Rake 0 
Board [5c 8c 4c]
Seat 1: Mahu2021 (big blind) folded on the Flop
Seat 2: Arbys69 (button) collected (60)
Seat 3: Grantler94 (small blind) folded on the Flop



PokerStars Hand #249700129081: Tournament #3735425969, $1.84+$0.16 USD Hold'em No Limit - Level I (10/20) - 2024/03/30 8:14:30 CET [2024/03/30 3:14:30 ET]
Table '3735425969 1' 3-max Seat #3 is the button
Seat 1: Mahu2021 (720 in chips) 
Seat 2: Arbys69 (360 in chips) 
Seat 3: Grantler94 (420 in chips) 
Mahu2021: posts small blind 10
Arbys69: posts big blind 20
*** HOLE CARDS ***
Dealt to Mahu2021 [2d 8d]
Grantler94: calls 20
Mahu2021: folds 
Arbys69: checks 
*** FLOP *** [7h Kc Jh]
Arbys69: checks 
Grantler94: bets 20
Arbys69: folds 
Uncalled bet (20) returned to Grantler94
Grantler94 collected 50 from pot
*** SUMMARY ***
Total pot 50 | Rake 0 
Board [7h Kc Jh]
Seat 1: Mahu2021 (small blind) folded before Flop
Seat 2: Arbys69 (big blind) folded on the Flop
Seat 3: Grantler94 (button) collected (50)



PokerStars Hand #249700130490: Tournament #3735425969, $1.84+$0.16 USD Hold'em No Limit - Level I (10/20) - 2024/03/30 8:14:45 CET [2024/03/30 3:14:45 ET]
Table '3735425969 1' 3-max Seat #1 is the button
Seat 1: Mahu2021 (710 in chips) 
Seat 2: Arbys69 (340 in chips) 
Seat 3: Grantler94 (450 in chips) 
Arbys69: posts small blind 10
Grantler94: posts big blind 20
*** HOLE CARDS ***
Dealt to Mahu2021 [Kd 5s]
Mahu2021: folds 
Arbys69: calls 10
Grantler94: checks 
*** FLOP *** [2s 6c 6s]
Arbys69: checks 
Grantler94: checks 
*** TURN *** [2s 6c 6s] [4c]
Arbys69: bets 40
Grantler94: calls 40
*** RIVER *** [2s 6c 6s 4c] [Jh]
Arbys69: bets 60
Grantler94: calls 60
*** SHOW DOWN ***
Arbys69: shows [2c 4h] (two pair, Sixes and Fours)
Grantler94: shows [8h 8s] (two pair, Eights and Sixes)
Grantler94 collected 240 from pot
*** SUMMARY ***
Total pot 240 | Rake 0 
Board [2s 6c 6s 4c Jh]
Seat 1: Mahu2021 (button) folded before Flop (didn't bet)
Seat 2: Arbys69 (small blind) showed [2c 4h] and lost with two pair, Sixes and Fours
Seat 3: Grantler94 (big blind) showed [8h 8s] and won (240) with two pair, Eights and Sixes



PokerStars Hand #249700132875: Tournament #3735425969, $1.84+$0.16 USD Hold'em No Limit - Level II (15/30) - 2024/03/30 8:15:10 CET [2024/03/30 3:15:10 ET]
Table '3735425969 1' 3-max Seat #2 is the button
Seat 1: Mahu2021 (710 in chips) 
Seat 2: Arbys69 (220 in chips) 
Seat 3: Grantler94 (570 in chips) 
Grantler94: posts small blind 15
Mahu2021: posts big blind 30
*** HOLE CARDS ***
Dealt to Mahu2021 [7s Ac]
Arbys69: calls 30
Grantler94: calls 15
Mahu2021: checks 
*** FLOP *** [Ks 5h 8c]
Grantler94: bets 30
Mahu2021: folds 
Arbys69: calls 30
*** TURN *** [Ks 5h 8c] [9h]
Grantler94: bets 30
Arbys69: calls 30
*** RIVER *** [Ks 5h 8c 9h] [Qc]
Grantler94: bets 60
Arbys69: raises 70 to 130 and is all-in
Grantler94: calls 70
*** SHOW DOWN ***
Arbys69: shows [5s 5d] (three of a kind, Fives)
Grantler94: shows [Kd 9d] (two pair, Kings and Nines)
Arbys69 collected 470 from pot
*** SUMMARY ***
Total pot 470 | Rake 0 
Board [Ks 5h 8c 9h Qc]
Seat 1: Mahu2021 (big blind) folded on the Flop
Seat 2: Arbys69 (button) showed [5s 5d] and won (470) with three of a kind, Fives
Seat 3: Grantler94 (small blind) showed [Kd 9d] and lost with two pair, Kings and Nines



PokerStars Hand #249700135857: Tournament #3735425969, $1.84+$0.16 USD Hold'em No Limit - Level II (15/30) - 2024/03/30 8:15:41 CET [2024/03/30 3:15:41 ET]
Table '3735425969 1' 3-max Seat #3 is the button
Seat 1: Mahu2021 (680 in chips) 
Seat 2: Arbys69 (470 in chips) 
Seat 3: Grantler94 (350 in chips) 
Mahu2021: posts small blind 15
Arbys69: posts big blind 30
*** HOLE CARDS ***
Dealt to Mahu2021 [8c 5c]
Grantler94: raises 30 to 60
Mahu2021: calls 45
Arbys69: raises 410 to 470 and is all-in
Grantler94: folds 
Mahu2021: folds 
Uncalled bet (410) returned to Arbys69
Arbys69 collected 180 from pot
*** SUMMARY ***
Total pot 180 | Rake 0 
Seat 1: Mahu2021 (small blind) folded before Flop
Seat 2: Arbys69 (big blind) collected (180)
Seat 3: Grantler94 (button) folded before Flop



PokerStars Hand #249700137069: Tournament #3735425969, $1.84+$0.16 USD Hold'em No Limit - Level II (15/30) - 2024/03/30 8:15:54 CET [2024/03/30 3:15:54 ET]
Table '3735425969 1' 3-max Seat #1 is the button
Seat 1: Mahu2021 (620 in chips) 
Seat 2: Arbys69 (590 in chips) 
Seat 3: Grantler94 (290 in chips) 
Arbys69: posts small blind 15
Grantler94: posts big blind 30
*** HOLE CARDS ***
Dealt to Mahu2021 [6s 2h]
Mahu2021: folds 
Arbys69: calls 15
Grantler94: checks 
*** FLOP *** [Jd 6c Kc]
Arbys69: checks 
Grantler94: checks 
*** TURN *** [Jd 6c Kc] [7d]
Arbys69: checks 
Grantler94: checks 
*** RIVER *** [Jd 6c Kc 7d] [5c]
Arbys69: checks 
Grantler94: checks 
*** SHOW DOWN ***
Arbys69: shows [3h 8h] (high card King)
Grantler94: shows [Qd 4s] (high card King - Queen kicker)
Grantler94 collected 60 from pot
*** SUMMARY ***
Total pot 60 | Rake 0 
Board [Jd 6c Kc 7d 5c]
Seat 1: Mahu2021 (button) folded before Flop (didn't bet)
Seat 2: Arbys69 (small blind) showed [3h 8h] and lost with high card King
Seat 3: Grantler94 (big blind) showed [Qd 4s] and won (60) with high card King



PokerStars Hand #249700138448: Tournament #3735425969, $1.84+$0.16 USD Hold'em No Limit - Level II (15/30) - 2024/03/30 8:16:08 CET [2024/03/30 3:16:08 ET]
Table '3735425969 1' 3-max Seat #2 is the button
Seat 1: Mahu2021 (620 in chips) 
Seat 2: Arbys69 (560 in chips) 
Seat 3: Grantler94 (320 in chips) 
Grantler94: posts small blind 15
Mahu2021: posts big blind 30
*** HOLE CARDS ***
Dealt to Mahu2021 [Kd Qd]
Arbys69: folds 
Grantler94: calls 15
Mahu2021: raises 90 to 120
Grantler94: folds 
Uncalled bet (90) returned to Mahu2021
Mahu2021 collected 60 from pot
Mahu2021: doesn't show hand 
*** SUMMARY ***
Total pot 60 | Rake 0 
Seat 1: Mahu2021 (big blind) collected (60)
Seat 2: Arbys69 (button) folded before Flop (didn't bet)
Seat 3: Grantler94 (small blind) folded before Flop



PokerStars Hand #249700139682: Tournament #3735425969, $1.84+$0.16 USD Hold'em No Limit - Level II (15/30) - 2024/03/30 8:16:21 CET [2024/03/30 3:16:21 ET]
Table '3735425969 1' 3-max Seat #3 is the button
Seat 1: Mahu2021 (650 in chips) 
Seat 2: Arbys69 (560 in chips) 
Seat 3: Grantler94 (290 in chips) 
Mahu2021: posts small blind 15
Arbys69: posts big blind 30
*** HOLE CARDS ***
Dealt to Mahu2021 [3s 9c]
Grantler94: folds 
Mahu2021: folds 
Uncalled bet (15) returned to Arbys69
Arbys69 collected 30 from pot
*** SUMMARY ***
Total pot 30 | Rake 0 
Seat 1: Mahu2021 (small blind) folded before Flop
Seat 2: Arbys69 (big blind) collected (30)
Seat 3: Grantler94 (button) folded before Flop (didn't bet)



PokerStars Hand #249700140176: Tournament #3735425969, $1.84+$0.16 USD Hold'em No Limit - Level II (15/30) - 2024/03/30 8:16:26 CET [2024/03/30 3:16:26 ET]
Table '3735425969 1' 3-max Seat #1 is the button
Seat 1: Mahu2021 (635 in chips) 
Seat 2: Arbys69 (575 in chips) 
Seat 3: Grantler94 (290 in chips) 
Arbys69: posts small blind 15
Grantler94: posts big blind 30
*** HOLE CARDS ***
Dealt to Mahu2021 [4d 5s]
Mahu2021: folds 
Arbys69: calls 15
Grantler94: checks 
*** FLOP *** [3s 9d 7d]
Arbys69: checks 
Grantler94: checks 
*** TURN *** [3s 9d 7d] [6d]
Arbys69: checks 
Grantler94: checks 
*** RIVER *** [3s 9d 7d 6d] [9s]
Arbys69: checks 
Grantler94: checks 
*** SHOW DOWN ***
Arbys69: shows [8h Jc] (a pair of Nines)
Grantler94: mucks hand 
Arbys69 collected 60 from pot
*** SUMMARY ***
Total pot 60 | Rake 0 
Board [3s 9d 7d 6d 9s]
Seat 1: Mahu2021 (button) folded before Flop (didn't bet)
Seat 2: Arbys69 (small blind) showed [8h Jc] and won (60) with a pair of Nines
Seat 3: Grantler94 (big blind) mucked [2c 4c]



PokerStars Hand #249700141959: Tournament #3735425969, $1.84+$0.16 USD Hold'em No Limit - Level II (15/30) - 2024/03/30 8:16:44 CET [2024/03/30 3:16:44 ET]
Table '3735425969 1' 3-max Seat #2 is the button
Seat 1: Mahu2021 (635 in chips) 
Seat 2: Arbys69 (605 in chips) 
Seat 3: Grantler94 (260 in chips) 
Grantler94: posts small blind 15
Mahu2021: posts big blind 30
*** HOLE CARDS ***
Dealt to Mahu2021 [Tc 9s]
Arbys69: calls 30
Grantler94: raises 30 to 60
Mahu2021: calls 30
Arbys69: calls 30
*** FLOP *** [3d Qs 7c]
Grantler94: bets 60
Mahu2021: folds 
Arbys69: folds 
Uncalled bet (60) returned to Grantler94
Grantler94 collected 180 from pot
*** SUMMARY ***
Total pot 180 | Rake 0 
Board [3d Qs 7c]
Seat 1: Mahu2021 (big blind) folded on the Flop
Seat 2: Arbys69 (button) folded on the Flop
Seat 3: Grantler94 (small blind) collected (180)



PokerStars Hand #249700143720: Tournament #3735425969, $1.84+$0.16 USD Hold'em No Limit - Level II (15/30) - 2024/03/30 8:17:03 CET [2024/03/30 3:17:03 ET]
Table '3735425969 1' 3-max Seat #3 is the button
Seat 1: Mahu2021 (575 in chips) 
Seat 2: Arbys69 (545 in chips) 
Seat 3: Grantler94 (380 in chips) 
Mahu2021: posts small blind 15
Arbys69: posts big blind 30
*** HOLE CARDS ***
Dealt to Mahu2021 [6d Ks]
Grantler94: calls 30
Mahu2021: calls 15
Arbys69: checks 
*** FLOP *** [As 4c 5d]
Mahu2021: checks 
Arbys69: bets 60
Grantler94: calls 60
Mahu2021: folds 
*** TURN *** [As 4c 5d] [9s]
Arbys69: checks 
Grantler94: bets 60
Arbys69: calls 60
*** RIVER *** [As 4c 5d 9s] [Ts]
Arbys69: bets 240
Grantler94: calls 230 and is all-in
Uncalled bet (10) returned to Arbys69
*** SHOW DOWN ***
Arbys69: shows [4s 5s] (a flush, Ace high)
Grantler94: shows [8d 8c] (a pair of Eights)
Arbys69 collected 790 from pot
Grantler94 finished the tournament in 3rd place
*** SUMMARY ***
Total pot 790 | Rake 0 
Board [As 4c 5d 9s Ts]
Seat 1: Mahu2021 (small blind) folded on the Flop
Seat 2: Arbys69 (big blind) showed [4s 5s] and won (790) with a flush, Ace high
Seat 3: Grantler94 (button) showed [8d 8c] and lost with a pair of Eights



PokerStars Hand #249700146632: Tournament #3735425969, $1.84+$0.16 USD Hold'em No Limit - Level II (15/30) - 2024/03/30 8:17:34 CET [2024/03/30 3:17:34 ET]
Table '3735425969 1' 3-max Seat #2 is the button
Seat 1: Mahu2021 (545 in chips) 
Seat 2: Arbys69 (955 in chips) 
Arbys69: posts small blind 15
Mahu2021: posts big blind 30
*** HOLE CARDS ***
Dealt to Mahu2021 [8h 8s]
Arbys69: calls 15
Mahu2021: raises 60 to 90
Arbys69: raises 865 to 955 and is all-in
Mahu2021: calls 455 and is all-in
Uncalled bet (410) returned to Arbys69
*** FLOP *** [7s 6c Qc]
*** TURN *** [7s 6c Qc] [4d]
*** RIVER *** [7s 6c Qc 4d] [7c]
*** SHOW DOWN ***
Mahu2021: shows [8h 8s] (two pair, Eights and Sevens)
Arbys69: shows [Ac Qd] (two pair, Queens and Sevens)
Arbys69 collected 1090 from pot
Mahu2021 finished the tournament in 2nd place
Arbys69 wins the tournament and receives $6.00 - congratulations!
*** SUMMARY ***
Total pot 1090 | Rake 0 
Board [7s 6c Qc 4d 7c]
Seat 1: Mahu2021 (big blind) showed [8h 8s] and lost with two pair, Eights and Sevens
Seat 2: Arbys69 (button) (small blind) showed [Ac Qd] and won (1090) with two pair, Queens and Sevens



