PokerStars Hand #246791330905: Tournament #3665112019, $1.84+$0.16 USD Hold'em No Limit - Level I (10/20) - 2023/10/28 18:36:58 CET [2023/10/28 12:36:58 ET]
Table '3665112019 1' 3-max Seat #1 is the button
Seat 1: Mahu2021 (500 in chips) 
Seat 2: al wade (500 in chips) 
Seat 3: ÉnMikike (500 in chips) 
al wade: posts small blind 10
ÉnMikike: posts big blind 20
*** HOLE CARDS ***
Dealt to Mahu2021 [3s 6c]
Mahu2021: folds 
al wade: calls 10
ÉnMikike: checks 
*** FLOP *** [Jc Kc Qh]
al wade: bets 20
ÉnMikike: folds 
Uncalled bet (20) returned to al wade
al wade collected 40 from pot
al wade: doesn't show hand 
*** SUMMARY ***
Total pot 40 | Rake 0 
Board [Jc Kc Qh]
Seat 1: Mahu2021 (button) folded before Flop (didn't bet)
Seat 2: al wade (small blind) collected (40)
Seat 3: ÉnMikike (big blind) folded on the Flop



PokerStars Hand #246791334845: Tournament #3665112019, $1.84+$0.16 USD Hold'em No Limit - Level I (10/20) - 2023/10/28 18:37:11 CET [2023/10/28 12:37:11 ET]
Table '3665112019 1' 3-max Seat #2 is the button
Seat 1: Mahu2021 (500 in chips) 
Seat 2: al wade (520 in chips) 
Seat 3: ÉnMikike (480 in chips) 
ÉnMikike: posts small blind 10
Mahu2021: posts big blind 20
*** HOLE CARDS ***
Dealt to Mahu2021 [2s Ah]
al wade: calls 20
ÉnMikike: calls 10
Mahu2021: checks 
*** FLOP *** [Js 7h 3d]
ÉnMikike: checks 
Mahu2021: checks 
al wade: bets 20
ÉnMikike: calls 20
Mahu2021: folds 
*** TURN *** [Js 7h 3d] [4d]
ÉnMikike: checks 
al wade: checks 
*** RIVER *** [Js 7h 3d 4d] [3s]
ÉnMikike: checks 
al wade: checks 
*** SHOW DOWN ***
ÉnMikike: shows [7d 6s] (two pair, Sevens and Threes)
al wade: mucks hand 
ÉnMikike collected 100 from pot
*** SUMMARY ***
Total pot 100 | Rake 0 
Board [Js 7h 3d 4d 3s]
Seat 1: Mahu2021 (big blind) folded on the Flop
Seat 2: al wade (button) mucked [Kh 5d]
Seat 3: ÉnMikike (small blind) showed [7d 6s] and won (100) with two pair, Sevens and Threes



PokerStars Hand #246791349178: Tournament #3665112019, $1.84+$0.16 USD Hold'em No Limit - Level I (10/20) - 2023/10/28 18:38:00 CET [2023/10/28 12:38:00 ET]
Table '3665112019 1' 3-max Seat #3 is the button
Seat 1: Mahu2021 (480 in chips) 
Seat 2: al wade (480 in chips) 
Seat 3: ÉnMikike (540 in chips) 
Mahu2021: posts small blind 10
al wade: posts big blind 20
*** HOLE CARDS ***
Dealt to Mahu2021 [6d 7h]
ÉnMikike: folds 
Mahu2021: calls 10
al wade: raises 60 to 80
Mahu2021: folds 
Uncalled bet (60) returned to al wade
al wade collected 40 from pot
al wade: doesn't show hand 
*** SUMMARY ***
Total pot 40 | Rake 0 
Seat 1: Mahu2021 (small blind) folded before Flop
Seat 2: al wade (big blind) collected (40)
Seat 3: ÉnMikike (button) folded before Flop (didn't bet)



PokerStars Hand #246791352754: Tournament #3665112019, $1.84+$0.16 USD Hold'em No Limit - Level I (10/20) - 2023/10/28 18:38:12 CET [2023/10/28 12:38:12 ET]
Table '3665112019 1' 3-max Seat #1 is the button
Seat 1: Mahu2021 (460 in chips) 
Seat 2: al wade (500 in chips) 
Seat 3: ÉnMikike (540 in chips) 
al wade: posts small blind 10
ÉnMikike: posts big blind 20
*** HOLE CARDS ***
Dealt to Mahu2021 [4h 4d]
Mahu2021: raises 20 to 40
al wade: raises 280 to 320
ÉnMikike: folds 
Mahu2021: folds 
Uncalled bet (280) returned to al wade
al wade collected 100 from pot
al wade: doesn't show hand 
*** SUMMARY ***
Total pot 100 | Rake 0 
Seat 1: Mahu2021 (button) folded before Flop
Seat 2: al wade (small blind) collected (100)
Seat 3: ÉnMikike (big blind) folded before Flop



PokerStars Hand #246791356768: Tournament #3665112019, $1.84+$0.16 USD Hold'em No Limit - Level I (10/20) - 2023/10/28 18:38:26 CET [2023/10/28 12:38:26 ET]
Table '3665112019 1' 3-max Seat #2 is the button
Seat 1: Mahu2021 (420 in chips) 
Seat 2: al wade (560 in chips) 
Seat 3: ÉnMikike (520 in chips) 
ÉnMikike: posts small blind 10
Mahu2021: posts big blind 20
*** HOLE CARDS ***
Dealt to Mahu2021 [2h 2c]
al wade: calls 20
ÉnMikike: calls 10
Mahu2021: checks 
*** FLOP *** [Ad 9s 6s]
ÉnMikike: checks 
Mahu2021: checks 
al wade: checks 
*** TURN *** [Ad 9s 6s] [Js]
ÉnMikike: checks 
Mahu2021: checks 
al wade: checks 
*** RIVER *** [Ad 9s 6s Js] [9d]
ÉnMikike: checks 
Mahu2021: bets 60
al wade: folds 
ÉnMikike: folds 
Uncalled bet (60) returned to Mahu2021
Mahu2021 collected 60 from pot
Mahu2021: doesn't show hand 
*** SUMMARY ***
Total pot 60 | Rake 0 
Board [Ad 9s 6s Js 9d]
Seat 1: Mahu2021 (big blind) collected (60)
Seat 2: al wade (button) folded on the River
Seat 3: ÉnMikike (small blind) folded on the River



PokerStars Hand #246791367142: Tournament #3665112019, $1.84+$0.16 USD Hold'em No Limit - Level I (10/20) - 2023/10/28 18:39:02 CET [2023/10/28 12:39:02 ET]
Table '3665112019 1' 3-max Seat #3 is the button
Seat 1: Mahu2021 (460 in chips) 
Seat 2: al wade (540 in chips) 
Seat 3: ÉnMikike (500 in chips) 
Mahu2021: posts small blind 10
al wade: posts big blind 20
*** HOLE CARDS ***
Dealt to Mahu2021 [7h 8c]
ÉnMikike: folds 
Mahu2021: folds 
Uncalled bet (10) returned to al wade
al wade collected 20 from pot
al wade: doesn't show hand 
*** SUMMARY ***
Total pot 20 | Rake 0 
Seat 1: Mahu2021 (small blind) folded before Flop
Seat 2: al wade (big blind) collected (20)
Seat 3: ÉnMikike (button) folded before Flop (didn't bet)



PokerStars Hand #246791369579: Tournament #3665112019, $1.84+$0.16 USD Hold'em No Limit - Level I (10/20) - 2023/10/28 18:39:10 CET [2023/10/28 12:39:10 ET]
Table '3665112019 1' 3-max Seat #1 is the button
Seat 1: Mahu2021 (450 in chips) 
Seat 2: al wade (550 in chips) 
Seat 3: ÉnMikike (500 in chips) 
al wade: posts small blind 10
ÉnMikike: posts big blind 20
*** HOLE CARDS ***
Dealt to Mahu2021 [Ks Kh]
Mahu2021: raises 20 to 40
al wade: folds 
ÉnMikike: calls 20
*** FLOP *** [5h 8c Qs]
ÉnMikike: checks 
Mahu2021: bets 90
ÉnMikike: folds 
Uncalled bet (90) returned to Mahu2021
Mahu2021 collected 90 from pot
Mahu2021: doesn't show hand 
*** SUMMARY ***
Total pot 90 | Rake 0 
Board [5h 8c Qs]
Seat 1: Mahu2021 (button) collected (90)
Seat 2: al wade (small blind) folded before Flop
Seat 3: ÉnMikike (big blind) folded on the Flop



PokerStars Hand #246791375192: Tournament #3665112019, $1.84+$0.16 USD Hold'em No Limit - Level I (10/20) - 2023/10/28 18:39:29 CET [2023/10/28 12:39:29 ET]
Table '3665112019 1' 3-max Seat #2 is the button
Seat 1: Mahu2021 (500 in chips) 
Seat 2: al wade (540 in chips) 
Seat 3: ÉnMikike (460 in chips) 
ÉnMikike: posts small blind 10
Mahu2021: posts big blind 20
*** HOLE CARDS ***
Dealt to Mahu2021 [Jh Ts]
al wade: folds 
ÉnMikike: raises 20 to 40
Mahu2021: calls 20
*** FLOP *** [Kc As Td]
ÉnMikike: bets 36
Mahu2021: calls 36
*** TURN *** [Kc As Td] [7h]
ÉnMikike: checks 
Mahu2021: checks 
*** RIVER *** [Kc As Td 7h] [2c]
ÉnMikike: checks 
Mahu2021: bets 152
ÉnMikike: folds 
Uncalled bet (152) returned to Mahu2021
Mahu2021 collected 152 from pot
Mahu2021: doesn't show hand 
*** SUMMARY ***
Total pot 152 | Rake 0 
Board [Kc As Td 7h 2c]
Seat 1: Mahu2021 (big blind) collected (152)
Seat 2: al wade (button) folded before Flop (didn't bet)
Seat 3: ÉnMikike (small blind) folded on the River



PokerStars Hand #246791388479: Tournament #3665112019, $1.84+$0.16 USD Hold'em No Limit - Level II (15/30) - 2023/10/28 18:40:15 CET [2023/10/28 12:40:15 ET]
Table '3665112019 1' 3-max Seat #3 is the button
Seat 1: Mahu2021 (576 in chips) 
Seat 2: al wade (540 in chips) 
Seat 3: ÉnMikike (384 in chips) 
Mahu2021: posts small blind 15
al wade: posts big blind 30
*** HOLE CARDS ***
Dealt to Mahu2021 [7d Tc]
ÉnMikike: folds 
Mahu2021: folds 
Uncalled bet (15) returned to al wade
al wade collected 30 from pot
al wade: doesn't show hand 
*** SUMMARY ***
Total pot 30 | Rake 0 
Seat 1: Mahu2021 (small blind) folded before Flop
Seat 2: al wade (big blind) collected (30)
Seat 3: ÉnMikike (button) folded before Flop (didn't bet)



PokerStars Hand #246791389751: Tournament #3665112019, $1.84+$0.16 USD Hold'em No Limit - Level II (15/30) - 2023/10/28 18:40:20 CET [2023/10/28 12:40:20 ET]
Table '3665112019 1' 3-max Seat #1 is the button
Seat 1: Mahu2021 (561 in chips) 
Seat 2: al wade (555 in chips) 
Seat 3: ÉnMikike (384 in chips) 
al wade: posts small blind 15
ÉnMikike: posts big blind 30
*** HOLE CARDS ***
Dealt to Mahu2021 [7d 4d]
Mahu2021: folds 
al wade: raises 30 to 60
ÉnMikike: folds 
Uncalled bet (30) returned to al wade
al wade collected 60 from pot
al wade: doesn't show hand 
*** SUMMARY ***
Total pot 60 | Rake 0 
Seat 1: Mahu2021 (button) folded before Flop (didn't bet)
Seat 2: al wade (small blind) collected (60)
Seat 3: ÉnMikike (big blind) folded before Flop



PokerStars Hand #246791394156: Tournament #3665112019, $1.84+$0.16 USD Hold'em No Limit - Level II (15/30) - 2023/10/28 18:40:35 CET [2023/10/28 12:40:35 ET]
Table '3665112019 1' 3-max Seat #2 is the button
Seat 1: Mahu2021 (561 in chips) 
Seat 2: al wade (585 in chips) 
Seat 3: ÉnMikike (354 in chips) 
ÉnMikike: posts small blind 15
Mahu2021: posts big blind 30
*** HOLE CARDS ***
Dealt to Mahu2021 [8d 9c]
al wade: folds 
ÉnMikike: calls 15
Mahu2021: checks 
*** FLOP *** [Kd Ah 5c]
ÉnMikike: bets 30
Mahu2021: folds 
Uncalled bet (30) returned to ÉnMikike
ÉnMikike collected 60 from pot
ÉnMikike: doesn't show hand 
*** SUMMARY ***
Total pot 60 | Rake 0 
Board [Kd Ah 5c]
Seat 1: Mahu2021 (big blind) folded on the Flop
Seat 2: al wade (button) folded before Flop (didn't bet)
Seat 3: ÉnMikike (small blind) collected (60)



PokerStars Hand #246791399759: Tournament #3665112019, $1.84+$0.16 USD Hold'em No Limit - Level II (15/30) - 2023/10/28 18:40:54 CET [2023/10/28 12:40:54 ET]
Table '3665112019 1' 3-max Seat #3 is the button
Seat 1: Mahu2021 (531 in chips) 
Seat 2: al wade (585 in chips) 
Seat 3: ÉnMikike (384 in chips) 
Mahu2021: posts small blind 15
al wade: posts big blind 30
*** HOLE CARDS ***
Dealt to Mahu2021 [6d Js]
ÉnMikike: folds 
Mahu2021: folds 
Uncalled bet (15) returned to al wade
al wade collected 30 from pot
al wade: doesn't show hand 
*** SUMMARY ***
Total pot 30 | Rake 0 
Seat 1: Mahu2021 (small blind) folded before Flop
Seat 2: al wade (big blind) collected (30)
Seat 3: ÉnMikike (button) folded before Flop (didn't bet)



PokerStars Hand #246791401141: Tournament #3665112019, $1.84+$0.16 USD Hold'em No Limit - Level II (15/30) - 2023/10/28 18:40:58 CET [2023/10/28 12:40:58 ET]
Table '3665112019 1' 3-max Seat #1 is the button
Seat 1: Mahu2021 (516 in chips) 
Seat 2: al wade (600 in chips) 
Seat 3: ÉnMikike (384 in chips) 
al wade: posts small blind 15
ÉnMikike: posts big blind 30
*** HOLE CARDS ***
Dealt to Mahu2021 [9c 8d]
Mahu2021: folds 
al wade: calls 15
ÉnMikike: raises 354 to 384 and is all-in
al wade: folds 
Uncalled bet (354) returned to ÉnMikike
ÉnMikike collected 60 from pot
ÉnMikike: doesn't show hand 
*** SUMMARY ***
Total pot 60 | Rake 0 
Seat 1: Mahu2021 (button) folded before Flop (didn't bet)
Seat 2: al wade (small blind) folded before Flop
Seat 3: ÉnMikike (big blind) collected (60)



PokerStars Hand #246791404976: Tournament #3665112019, $1.84+$0.16 USD Hold'em No Limit - Level II (15/30) - 2023/10/28 18:41:11 CET [2023/10/28 12:41:11 ET]
Table '3665112019 1' 3-max Seat #2 is the button
Seat 1: Mahu2021 (516 in chips) 
Seat 2: al wade (570 in chips) 
Seat 3: ÉnMikike (414 in chips) 
ÉnMikike: posts small blind 15
Mahu2021: posts big blind 30
*** HOLE CARDS ***
Dealt to Mahu2021 [Ts Ah]
al wade: calls 30
ÉnMikike: raises 384 to 414 and is all-in
Mahu2021: calls 384
al wade: folds 
*** FLOP *** [7h 8d Ks]
*** TURN *** [7h 8d Ks] [Th]
*** RIVER *** [7h 8d Ks Th] [6s]
*** SHOW DOWN ***
ÉnMikike: shows [3h 3d] (a pair of Threes)
Mahu2021: shows [Ts Ah] (a pair of Tens)
Mahu2021 collected 858 from pot
ÉnMikike finished the tournament in 3rd place
*** SUMMARY ***
Total pot 858 | Rake 0 
Board [7h 8d Ks Th 6s]
Seat 1: Mahu2021 (big blind) showed [Ts Ah] and won (858) with a pair of Tens
Seat 2: al wade (button) folded before Flop
Seat 3: ÉnMikike (small blind) showed [3h 3d] and lost with a pair of Threes



PokerStars Hand #246791410450: Tournament #3665112019, $1.84+$0.16 USD Hold'em No Limit - Level II (15/30) - 2023/10/28 18:41:30 CET [2023/10/28 12:41:30 ET]
Table '3665112019 1' 3-max Seat #1 is the button
Seat 1: Mahu2021 (960 in chips) 
Seat 2: al wade (540 in chips) 
Mahu2021: posts small blind 15
al wade: posts big blind 30
*** HOLE CARDS ***
Dealt to Mahu2021 [8c 6c]
Mahu2021: raises 30 to 60
al wade: calls 30
*** FLOP *** [Td Kc 4d]
al wade: checks 
Mahu2021: bets 60
al wade: folds 
Uncalled bet (60) returned to Mahu2021
Mahu2021 collected 120 from pot
Mahu2021: doesn't show hand 
*** SUMMARY ***
Total pot 120 | Rake 0 
Board [Td Kc 4d]
Seat 1: Mahu2021 (button) (small blind) collected (120)
Seat 2: al wade (big blind) folded on the Flop



PokerStars Hand #246791414016: Tournament #3665112019, $1.84+$0.16 USD Hold'em No Limit - Level II (15/30) - 2023/10/28 18:41:42 CET [2023/10/28 12:41:42 ET]
Table '3665112019 1' 3-max Seat #2 is the button
Seat 1: Mahu2021 (1020 in chips) 
Seat 2: al wade (480 in chips) 
al wade: posts small blind 15
Mahu2021: posts big blind 30
*** HOLE CARDS ***
Dealt to Mahu2021 [2s 3s]
al wade: calls 15
Mahu2021: checks 
*** FLOP *** [5d Ks 4s]
Mahu2021: checks 
al wade: bets 30
Mahu2021: calls 30
*** TURN *** [5d Ks 4s] [7h]
Mahu2021: checks 
al wade: checks 
*** RIVER *** [5d Ks 4s 7h] [3d]
Mahu2021: bets 60
al wade: folds 
Uncalled bet (60) returned to Mahu2021
Mahu2021 collected 120 from pot
Mahu2021: doesn't show hand 
*** SUMMARY ***
Total pot 120 | Rake 0 
Board [5d Ks 4s 7h 3d]
Seat 1: Mahu2021 (big blind) collected (120)
Seat 2: al wade (button) (small blind) folded on the River



PokerStars Hand #246791418412: Tournament #3665112019, $1.84+$0.16 USD Hold'em No Limit - Level II (15/30) - 2023/10/28 18:41:57 CET [2023/10/28 12:41:57 ET]
Table '3665112019 1' 3-max Seat #1 is the button
Seat 1: Mahu2021 (1080 in chips) 
Seat 2: al wade (420 in chips) 
Mahu2021: posts small blind 15
al wade: posts big blind 30
*** HOLE CARDS ***
Dealt to Mahu2021 [7h Kh]
Mahu2021: raises 30 to 60
al wade: folds 
Uncalled bet (30) returned to Mahu2021
Mahu2021 collected 60 from pot
Mahu2021: doesn't show hand 
*** SUMMARY ***
Total pot 60 | Rake 0 
Seat 1: Mahu2021 (button) (small blind) collected (60)
Seat 2: al wade (big blind) folded before Flop



PokerStars Hand #246791420381: Tournament #3665112019, $1.84+$0.16 USD Hold'em No Limit - Level II (15/30) - 2023/10/28 18:42:04 CET [2023/10/28 12:42:04 ET]
Table '3665112019 1' 3-max Seat #2 is the button
Seat 1: Mahu2021 (1110 in chips) 
Seat 2: al wade (390 in chips) 
al wade: posts small blind 15
Mahu2021: posts big blind 30
*** HOLE CARDS ***
Dealt to Mahu2021 [4s 9h]
al wade: raises 30 to 60
Mahu2021: folds 
Uncalled bet (30) returned to al wade
al wade collected 60 from pot
al wade: doesn't show hand 
*** SUMMARY ***
Total pot 60 | Rake 0 
Seat 1: Mahu2021 (big blind) folded before Flop
Seat 2: al wade (button) (small blind) collected (60)



PokerStars Hand #246791422318: Tournament #3665112019, $1.84+$0.16 USD Hold'em No Limit - Level II (15/30) - 2023/10/28 18:42:11 CET [2023/10/28 12:42:11 ET]
Table '3665112019 1' 3-max Seat #1 is the button
Seat 1: Mahu2021 (1080 in chips) 
Seat 2: al wade (420 in chips) 
Mahu2021: posts small blind 15
al wade: posts big blind 30
*** HOLE CARDS ***
Dealt to Mahu2021 [8c Qd]
Mahu2021: calls 15
al wade: checks 
*** FLOP *** [2s Ks Qh]
al wade: bets 30
Mahu2021: calls 30
*** TURN *** [2s Ks Qh] [8h]
al wade: bets 30
Mahu2021: raises 30 to 60
al wade: calls 30
*** RIVER *** [2s Ks Qh 8h] [6d]
al wade: checks 
Mahu2021: bets 60
al wade: folds 
Uncalled bet (60) returned to Mahu2021
Mahu2021 collected 240 from pot
Mahu2021: doesn't show hand 
*** SUMMARY ***
Total pot 240 | Rake 0 
Board [2s Ks Qh 8h 6d]
Seat 1: Mahu2021 (button) (small blind) collected (240)
Seat 2: al wade (big blind) folded on the River



PokerStars Hand #246791428074: Tournament #3665112019, $1.84+$0.16 USD Hold'em No Limit - Level II (15/30) - 2023/10/28 18:42:30 CET [2023/10/28 12:42:30 ET]
Table '3665112019 1' 3-max Seat #2 is the button
Seat 1: Mahu2021 (1200 in chips) 
Seat 2: al wade (300 in chips) 
al wade: posts small blind 15
Mahu2021: posts big blind 30
*** HOLE CARDS ***
Dealt to Mahu2021 [2c As]
al wade: calls 15
Mahu2021: raises 1170 to 1200 and is all-in
al wade: folds 
Uncalled bet (1170) returned to Mahu2021
Mahu2021 collected 60 from pot
Mahu2021: doesn't show hand 
*** SUMMARY ***
Total pot 60 | Rake 0 
Seat 1: Mahu2021 (big blind) collected (60)
Seat 2: al wade (button) (small blind) folded before Flop



PokerStars Hand #246791430321: Tournament #3665112019, $1.84+$0.16 USD Hold'em No Limit - Level II (15/30) - 2023/10/28 18:42:38 CET [2023/10/28 12:42:38 ET]
Table '3665112019 1' 3-max Seat #1 is the button
Seat 1: Mahu2021 (1230 in chips) 
Seat 2: al wade (270 in chips) 
Mahu2021: posts small blind 15
al wade: posts big blind 30
*** HOLE CARDS ***
Dealt to Mahu2021 [Ah Kd]
Mahu2021: calls 15
al wade: checks 
*** FLOP *** [2h Ad 4h]
al wade: checks 
Mahu2021: bets 30
al wade: calls 30
*** TURN *** [2h Ad 4h] [9h]
al wade: checks 
Mahu2021: bets 30
al wade: folds 
Uncalled bet (30) returned to Mahu2021
Mahu2021 collected 120 from pot
Mahu2021: doesn't show hand 
*** SUMMARY ***
Total pot 120 | Rake 0 
Board [2h Ad 4h 9h]
Seat 1: Mahu2021 (button) (small blind) collected (120)
Seat 2: al wade (big blind) folded on the Turn



PokerStars Hand #246791434453: Tournament #3665112019, $1.84+$0.16 USD Hold'em No Limit - Level II (15/30) - 2023/10/28 18:42:52 CET [2023/10/28 12:42:52 ET]
Table '3665112019 1' 3-max Seat #2 is the button
Seat 1: Mahu2021 (1290 in chips) 
Seat 2: al wade (210 in chips) 
al wade: posts small blind 15
Mahu2021: posts big blind 30
*** HOLE CARDS ***
Dealt to Mahu2021 [8h 8d]
al wade: calls 15
Mahu2021: raises 1260 to 1290 and is all-in
al wade: folds 
Uncalled bet (1260) returned to Mahu2021
Mahu2021 collected 60 from pot
Mahu2021: doesn't show hand 
*** SUMMARY ***
Total pot 60 | Rake 0 
Seat 1: Mahu2021 (big blind) collected (60)
Seat 2: al wade (button) (small blind) folded before Flop



PokerStars Hand #246791436456: Tournament #3665112019, $1.84+$0.16 USD Hold'em No Limit - Level II (15/30) - 2023/10/28 18:42:59 CET [2023/10/28 12:42:59 ET]
Table '3665112019 1' 3-max Seat #1 is the button
Seat 1: Mahu2021 (1320 in chips) 
Seat 2: al wade (180 in chips) 
Mahu2021: posts small blind 15
al wade: posts big blind 30
*** HOLE CARDS ***
Dealt to Mahu2021 [As Js]
Mahu2021: calls 15
al wade: raises 120 to 150
Mahu2021: raises 120 to 270
al wade: calls 30 and is all-in
Uncalled bet (90) returned to Mahu2021
*** FLOP *** [Ks 4d 2s]
*** TURN *** [Ks 4d 2s] [2d]
*** RIVER *** [Ks 4d 2s 2d] [6c]
*** SHOW DOWN ***
al wade: shows [9s Ts] (a pair of Deuces)
Mahu2021: shows [As Js] (a pair of Deuces - Ace kicker)
Mahu2021 collected 360 from pot
al wade finished the tournament in 2nd place
Mahu2021 wins the tournament and receives $6.00 - congratulations!
*** SUMMARY ***
Total pot 360 | Rake 0 
Board [Ks 4d 2s 2d 6c]
Seat 1: Mahu2021 (button) (small blind) showed [As Js] and won (360) with a pair of Deuces
Seat 2: al wade (big blind) showed [9s Ts] and lost with a pair of Deuces



