PokerStars Hand #243225966009: Tournament #3580612147, $0.92+$0.08 USD Hold'em No Limit - Level I (10/20) - 2023/04/21 15:15:21 CET [2023/04/21 9:15:21 ET]
Table '3580612147 1' 3-max Seat #1 is the button
Seat 1: The Boss 371 (500 in chips) 
Seat 2: guidofp (500 in chips) 
Seat 3: Mahu2021 (500 in chips) 
guidofp: posts small blind 10
Mahu2021: posts big blind 20
*** HOLE CARDS ***
Dealt to Mahu2021 [Ts Th]
The Boss 371: calls 20
guidofp: folds 
Mahu2021: raises 60 to 80
The Boss 371: calls 60
*** FLOP *** [2d Ac 5c]
Mahu2021: checks 
The Boss 371: checks 
*** TURN *** [2d Ac 5c] [5s]
Mahu2021: checks 
The Boss 371: checks 
*** RIVER *** [2d Ac 5c 5s] [8h]
Mahu2021: checks 
The Boss 371: bets 170
Mahu2021: calls 170
*** SHOW DOWN ***
The Boss 371: shows [4d Ad] (two pair, Aces and Fives)
Mahu2021: mucks hand 
The Boss 371 collected 510 from pot
*** SUMMARY ***
Total pot 510 | Rake 0 
Board [2d Ac 5c 5s 8h]
Seat 1: The Boss 371 (button) showed [4d Ad] and won (510) with two pair, Aces and Fives
Seat 2: guidofp (small blind) folded before Flop
Seat 3: Mahu2021 (big blind) mucked [Ts Th]



PokerStars Hand #243225971860: Tournament #3580612147, $0.92+$0.08 USD Hold'em No Limit - Level I (10/20) - 2023/04/21 15:15:47 CET [2023/04/21 9:15:47 ET]
Table '3580612147 1' 3-max Seat #2 is the button
Seat 1: The Boss 371 (760 in chips) 
Seat 2: guidofp (490 in chips) 
Seat 3: Mahu2021 (250 in chips) 
Mahu2021: posts small blind 10
The Boss 371: posts big blind 20
*** HOLE CARDS ***
Dealt to Mahu2021 [2c 7c]
guidofp: folds 
Mahu2021: folds 
Uncalled bet (10) returned to The Boss 371
The Boss 371 collected 20 from pot
The Boss 371: doesn't show hand 
*** SUMMARY ***
Total pot 20 | Rake 0 
Seat 1: The Boss 371 (big blind) collected (20)
Seat 2: guidofp (button) folded before Flop (didn't bet)
Seat 3: Mahu2021 (small blind) folded before Flop



PokerStars Hand #243225973043: Tournament #3580612147, $0.92+$0.08 USD Hold'em No Limit - Level I (10/20) - 2023/04/21 15:15:52 CET [2023/04/21 9:15:52 ET]
Table '3580612147 1' 3-max Seat #3 is the button
Seat 1: The Boss 371 (770 in chips) 
Seat 2: guidofp (490 in chips) 
Seat 3: Mahu2021 (240 in chips) 
The Boss 371: posts small blind 10
guidofp: posts big blind 20
*** HOLE CARDS ***
Dealt to Mahu2021 [Qs 5c]
Mahu2021: folds 
The Boss 371: folds 
Uncalled bet (10) returned to guidofp
guidofp collected 20 from pot
guidofp: doesn't show hand 
*** SUMMARY ***
Total pot 20 | Rake 0 
Seat 1: The Boss 371 (small blind) folded before Flop
Seat 2: guidofp (big blind) collected (20)
Seat 3: Mahu2021 (button) folded before Flop (didn't bet)



PokerStars Hand #243225974136: Tournament #3580612147, $0.92+$0.08 USD Hold'em No Limit - Level I (10/20) - 2023/04/21 15:15:57 CET [2023/04/21 9:15:57 ET]
Table '3580612147 1' 3-max Seat #1 is the button
Seat 1: The Boss 371 (760 in chips) 
Seat 2: guidofp (500 in chips) 
Seat 3: Mahu2021 (240 in chips) 
guidofp: posts small blind 10
Mahu2021: posts big blind 20
*** HOLE CARDS ***
Dealt to Mahu2021 [8c 8s]
The Boss 371: folds 
guidofp: calls 10
Mahu2021: raises 220 to 240 and is all-in
guidofp: folds 
Uncalled bet (220) returned to Mahu2021
Mahu2021 collected 40 from pot
Mahu2021: doesn't show hand 
*** SUMMARY ***
Total pot 40 | Rake 0 
Seat 1: The Boss 371 (button) folded before Flop (didn't bet)
Seat 2: guidofp (small blind) folded before Flop
Seat 3: Mahu2021 (big blind) collected (40)



PokerStars Hand #243225975940: Tournament #3580612147, $0.92+$0.08 USD Hold'em No Limit - Level I (10/20) - 2023/04/21 15:16:05 CET [2023/04/21 9:16:05 ET]
Table '3580612147 1' 3-max Seat #2 is the button
Seat 1: The Boss 371 (760 in chips) 
Seat 2: guidofp (480 in chips) 
Seat 3: Mahu2021 (260 in chips) 
Mahu2021: posts small blind 10
The Boss 371: posts big blind 20
*** HOLE CARDS ***
Dealt to Mahu2021 [9s Kc]
guidofp: folds 
Mahu2021: raises 240 to 260 and is all-in
The Boss 371: folds 
Uncalled bet (240) returned to Mahu2021
Mahu2021 collected 40 from pot
Mahu2021: doesn't show hand 
*** SUMMARY ***
Total pot 40 | Rake 0 
Seat 1: The Boss 371 (big blind) folded before Flop
Seat 2: guidofp (button) folded before Flop (didn't bet)
Seat 3: Mahu2021 (small blind) collected (40)



PokerStars Hand #243225977646: Tournament #3580612147, $0.92+$0.08 USD Hold'em No Limit - Level I (10/20) - 2023/04/21 15:16:13 CET [2023/04/21 9:16:13 ET]
Table '3580612147 1' 3-max Seat #3 is the button
Seat 1: The Boss 371 (740 in chips) 
Seat 2: guidofp (480 in chips) 
Seat 3: Mahu2021 (280 in chips) 
The Boss 371: posts small blind 10
guidofp: posts big blind 20
*** HOLE CARDS ***
Dealt to Mahu2021 [Ts 9s]
Mahu2021: calls 20
The Boss 371: calls 10
guidofp: checks 
*** FLOP *** [9d Jc Kd]
The Boss 371: checks 
guidofp: checks 
Mahu2021: checks 
*** TURN *** [9d Jc Kd] [Jd]
The Boss 371: checks 
guidofp: checks 
Mahu2021: bets 60
The Boss 371: folds 
guidofp: calls 60
*** RIVER *** [9d Jc Kd Jd] [8c]
guidofp: checks 
Mahu2021: bets 200 and is all-in
guidofp: folds 
Uncalled bet (200) returned to Mahu2021
Mahu2021 collected 180 from pot
Mahu2021: doesn't show hand 
*** SUMMARY ***
Total pot 180 | Rake 0 
Board [9d Jc Kd Jd 8c]
Seat 1: The Boss 371 (small blind) folded on the Turn
Seat 2: guidofp (big blind) folded on the River
Seat 3: Mahu2021 (button) collected (180)



PokerStars Hand #243225983780: Tournament #3580612147, $0.92+$0.08 USD Hold'em No Limit - Level I (10/20) - 2023/04/21 15:16:41 CET [2023/04/21 9:16:41 ET]
Table '3580612147 1' 3-max Seat #1 is the button
Seat 1: The Boss 371 (720 in chips) 
Seat 2: guidofp (400 in chips) 
Seat 3: Mahu2021 (380 in chips) 
guidofp: posts small blind 10
Mahu2021: posts big blind 20
*** HOLE CARDS ***
Dealt to Mahu2021 [Tc 2c]
The Boss 371: folds 
guidofp: calls 10
Mahu2021: checks 
*** FLOP *** [Qd 6d 7s]
guidofp: checks 
Mahu2021: checks 
*** TURN *** [Qd 6d 7s] [2s]
guidofp: checks 
Mahu2021: bets 20
guidofp: folds 
Uncalled bet (20) returned to Mahu2021
Mahu2021 collected 40 from pot
Mahu2021: doesn't show hand 
*** SUMMARY ***
Total pot 40 | Rake 0 
Board [Qd 6d 7s 2s]
Seat 1: The Boss 371 (button) folded before Flop (didn't bet)
Seat 2: guidofp (small blind) folded on the Turn
Seat 3: Mahu2021 (big blind) collected (40)



PokerStars Hand #243225987170: Tournament #3580612147, $0.92+$0.08 USD Hold'em No Limit - Level I (10/20) - 2023/04/21 15:16:56 CET [2023/04/21 9:16:56 ET]
Table '3580612147 1' 3-max Seat #2 is the button
Seat 1: The Boss 371 (720 in chips) 
Seat 2: guidofp (380 in chips) 
Seat 3: Mahu2021 (400 in chips) 
Mahu2021: posts small blind 10
The Boss 371: posts big blind 20
*** HOLE CARDS ***
Dealt to Mahu2021 [Tc 8h]
guidofp: folds 
Mahu2021: calls 10
The Boss 371: checks 
*** FLOP *** [3s 2d Ks]
Mahu2021: checks 
The Boss 371: checks 
*** TURN *** [3s 2d Ks] [Ad]
Mahu2021: checks 
The Boss 371: checks 
*** RIVER *** [3s 2d Ks Ad] [7d]
Mahu2021: checks 
The Boss 371: bets 100
Mahu2021: folds 
Uncalled bet (100) returned to The Boss 371
The Boss 371 collected 40 from pot
The Boss 371: doesn't show hand 
*** SUMMARY ***
Total pot 40 | Rake 0 
Board [3s 2d Ks Ad 7d]
Seat 1: The Boss 371 (big blind) collected (40)
Seat 2: guidofp (button) folded before Flop (didn't bet)
Seat 3: Mahu2021 (small blind) folded on the River



PokerStars Hand #243225990932: Tournament #3580612147, $0.92+$0.08 USD Hold'em No Limit - Level I (10/20) - 2023/04/21 15:17:13 CET [2023/04/21 9:17:13 ET]
Table '3580612147 1' 3-max Seat #3 is the button
Seat 1: The Boss 371 (740 in chips) 
Seat 2: guidofp (380 in chips) 
Seat 3: Mahu2021 (380 in chips) 
The Boss 371: posts small blind 10
guidofp: posts big blind 20
*** HOLE CARDS ***
Dealt to Mahu2021 [7h 6c]
Mahu2021: folds 
The Boss 371: folds 
Uncalled bet (10) returned to guidofp
guidofp collected 20 from pot
guidofp: doesn't show hand 
*** SUMMARY ***
Total pot 20 | Rake 0 
Seat 1: The Boss 371 (small blind) folded before Flop
Seat 2: guidofp (big blind) collected (20)
Seat 3: Mahu2021 (button) folded before Flop (didn't bet)



PokerStars Hand #243225992190: Tournament #3580612147, $0.92+$0.08 USD Hold'em No Limit - Level I (10/20) - 2023/04/21 15:17:19 CET [2023/04/21 9:17:19 ET]
Table '3580612147 1' 3-max Seat #1 is the button
Seat 1: The Boss 371 (730 in chips) 
Seat 2: guidofp (390 in chips) 
Seat 3: Mahu2021 (380 in chips) 
guidofp: posts small blind 10
Mahu2021: posts big blind 20
*** HOLE CARDS ***
Dealt to Mahu2021 [4s 9d]
The Boss 371: folds 
guidofp: calls 10
Mahu2021: checks 
*** FLOP *** [4h 3s 7s]
guidofp: bets 40
Mahu2021: folds 
Uncalled bet (40) returned to guidofp
guidofp collected 40 from pot
guidofp: doesn't show hand 
*** SUMMARY ***
Total pot 40 | Rake 0 
Board [4h 3s 7s]
Seat 1: The Boss 371 (button) folded before Flop (didn't bet)
Seat 2: guidofp (small blind) collected (40)
Seat 3: Mahu2021 (big blind) folded on the Flop



PokerStars Hand #243225994772: Tournament #3580612147, $0.92+$0.08 USD Hold'em No Limit - Level I (10/20) - 2023/04/21 15:17:30 CET [2023/04/21 9:17:30 ET]
Table '3580612147 1' 3-max Seat #2 is the button
Seat 1: The Boss 371 (730 in chips) 
Seat 2: guidofp (410 in chips) 
Seat 3: Mahu2021 (360 in chips) 
Mahu2021: posts small blind 10
The Boss 371: posts big blind 20
*** HOLE CARDS ***
Dealt to Mahu2021 [7c 4c]
guidofp: calls 20
Mahu2021: calls 10
The Boss 371: raises 20 to 40
guidofp: calls 20
Mahu2021: calls 20
*** FLOP *** [3c As Jh]
Mahu2021: checks 
The Boss 371: checks 
guidofp: checks 
*** TURN *** [3c As Jh] [7s]
Mahu2021: bets 40
The Boss 371: calls 40
guidofp: calls 40
*** RIVER *** [3c As Jh 7s] [9h]
Mahu2021: checks 
The Boss 371: checks 
guidofp: checks 
*** SHOW DOWN ***
Mahu2021: shows [7c 4c] (a pair of Sevens)
The Boss 371: shows [Kd Jd] (a pair of Jacks)
guidofp: mucks hand 
The Boss 371 collected 240 from pot
*** SUMMARY ***
Total pot 240 | Rake 0 
Board [3c As Jh 7s 9h]
Seat 1: The Boss 371 (big blind) showed [Kd Jd] and won (240) with a pair of Jacks
Seat 2: guidofp (button) mucked [Ts Qs]
Seat 3: Mahu2021 (small blind) showed [7c 4c] and lost with a pair of Sevens



PokerStars Hand #243226000272: Tournament #3580612147, $0.92+$0.08 USD Hold'em No Limit - Level I (10/20) - 2023/04/21 15:17:55 CET [2023/04/21 9:17:55 ET]
Table '3580612147 1' 3-max Seat #3 is the button
Seat 1: The Boss 371 (890 in chips) 
Seat 2: guidofp (330 in chips) 
Seat 3: Mahu2021 (280 in chips) 
The Boss 371: posts small blind 10
guidofp: posts big blind 20
*** HOLE CARDS ***
Dealt to Mahu2021 [7d 5s]
Mahu2021: folds 
The Boss 371: folds 
Uncalled bet (10) returned to guidofp
guidofp collected 20 from pot
guidofp: doesn't show hand 
*** SUMMARY ***
Total pot 20 | Rake 0 
Seat 1: The Boss 371 (small blind) folded before Flop
Seat 2: guidofp (big blind) collected (20)
Seat 3: Mahu2021 (button) folded before Flop (didn't bet)



PokerStars Hand #243226001315: Tournament #3580612147, $0.92+$0.08 USD Hold'em No Limit - Level I (10/20) - 2023/04/21 15:17:59 CET [2023/04/21 9:17:59 ET]
Table '3580612147 1' 3-max Seat #1 is the button
Seat 1: The Boss 371 (880 in chips) 
Seat 2: guidofp (340 in chips) 
Seat 3: Mahu2021 (280 in chips) 
guidofp: posts small blind 10
Mahu2021: posts big blind 20
*** HOLE CARDS ***
Dealt to Mahu2021 [3h 8c]
The Boss 371: folds 
guidofp: calls 10
Mahu2021: checks 
*** FLOP *** [2d Tc 7d]
guidofp: checks 
Mahu2021: checks 
*** TURN *** [2d Tc 7d] [3s]
guidofp: checks 
Mahu2021: bets 20
guidofp: calls 20
*** RIVER *** [2d Tc 7d 3s] [4d]
guidofp: checks 
Mahu2021: checks 
*** SHOW DOWN ***
guidofp: shows [Jd 8h] (high card Jack)
Mahu2021: shows [3h 8c] (a pair of Threes)
Mahu2021 collected 80 from pot
*** SUMMARY ***
Total pot 80 | Rake 0 
Board [2d Tc 7d 3s 4d]
Seat 1: The Boss 371 (button) folded before Flop (didn't bet)
Seat 2: guidofp (small blind) showed [Jd 8h] and lost with high card Jack
Seat 3: Mahu2021 (big blind) showed [3h 8c] and won (80) with a pair of Threes



PokerStars Hand #243226005188: Tournament #3580612147, $0.92+$0.08 USD Hold'em No Limit - Level I (10/20) - 2023/04/21 15:18:17 CET [2023/04/21 9:18:17 ET]
Table '3580612147 1' 3-max Seat #2 is the button
Seat 1: The Boss 371 (880 in chips) 
Seat 2: guidofp (300 in chips) 
Seat 3: Mahu2021 (320 in chips) 
Mahu2021: posts small blind 10
The Boss 371: posts big blind 20
*** HOLE CARDS ***
Dealt to Mahu2021 [7h 8h]
guidofp: raises 60 to 80
Mahu2021: folds 
The Boss 371: calls 60
*** FLOP *** [4d 4h 5d]
The Boss 371: checks 
guidofp: bets 220 and is all-in
The Boss 371: folds 
Uncalled bet (220) returned to guidofp
guidofp collected 170 from pot
guidofp: doesn't show hand 
*** SUMMARY ***
Total pot 170 | Rake 0 
Board [4d 4h 5d]
Seat 1: The Boss 371 (big blind) folded on the Flop
Seat 2: guidofp (button) collected (170)
Seat 3: Mahu2021 (small blind) folded before Flop



PokerStars Hand #243226008767: Tournament #3580612147, $0.92+$0.08 USD Hold'em No Limit - Level II (15/30) - 2023/04/21 15:18:33 CET [2023/04/21 9:18:33 ET]
Table '3580612147 1' 3-max Seat #3 is the button
Seat 1: The Boss 371 (800 in chips) 
Seat 2: guidofp (390 in chips) 
Seat 3: Mahu2021 (310 in chips) 
The Boss 371: posts small blind 15
guidofp: posts big blind 30
*** HOLE CARDS ***
Dealt to Mahu2021 [Jh 2c]
Mahu2021: folds 
The Boss 371: folds 
Uncalled bet (15) returned to guidofp
guidofp collected 30 from pot
guidofp: doesn't show hand 
*** SUMMARY ***
Total pot 30 | Rake 0 
Seat 1: The Boss 371 (small blind) folded before Flop
Seat 2: guidofp (big blind) collected (30)
Seat 3: Mahu2021 (button) folded before Flop (didn't bet)



PokerStars Hand #243226010146: Tournament #3580612147, $0.92+$0.08 USD Hold'em No Limit - Level II (15/30) - 2023/04/21 15:18:39 CET [2023/04/21 9:18:39 ET]
Table '3580612147 1' 3-max Seat #1 is the button
Seat 1: The Boss 371 (785 in chips) 
Seat 2: guidofp (405 in chips) 
Seat 3: Mahu2021 (310 in chips) 
guidofp: posts small blind 15
Mahu2021: posts big blind 30
*** HOLE CARDS ***
Dealt to Mahu2021 [Ad Jd]
The Boss 371: folds 
guidofp: folds 
Uncalled bet (15) returned to Mahu2021
Mahu2021 collected 30 from pot
Mahu2021: doesn't show hand 
*** SUMMARY ***
Total pot 30 | Rake 0 
Seat 1: The Boss 371 (button) folded before Flop (didn't bet)
Seat 2: guidofp (small blind) folded before Flop
Seat 3: Mahu2021 (big blind) collected (30)



PokerStars Hand #243226011490: Tournament #3580612147, $0.92+$0.08 USD Hold'em No Limit - Level II (15/30) - 2023/04/21 15:18:45 CET [2023/04/21 9:18:45 ET]
Table '3580612147 1' 3-max Seat #2 is the button
Seat 1: The Boss 371 (785 in chips) 
Seat 2: guidofp (390 in chips) 
Seat 3: Mahu2021 (325 in chips) 
Mahu2021: posts small blind 15
The Boss 371: posts big blind 30
*** HOLE CARDS ***
Dealt to Mahu2021 [Tc 9c]
guidofp: folds 
Mahu2021: calls 15
The Boss 371: raises 30 to 60
Mahu2021: calls 30
*** FLOP *** [9s Kd 8c]
Mahu2021: checks 
The Boss 371: checks 
*** TURN *** [9s Kd 8c] [6c]
Mahu2021: bets 120
The Boss 371: folds 
Uncalled bet (120) returned to Mahu2021
Mahu2021 collected 120 from pot
Mahu2021: doesn't show hand 
*** SUMMARY ***
Total pot 120 | Rake 0 
Board [9s Kd 8c 6c]
Seat 1: The Boss 371 (big blind) folded on the Turn
Seat 2: guidofp (button) folded before Flop (didn't bet)
Seat 3: Mahu2021 (small blind) collected (120)



PokerStars Hand #243226015426: Tournament #3580612147, $0.92+$0.08 USD Hold'em No Limit - Level II (15/30) - 2023/04/21 15:19:03 CET [2023/04/21 9:19:03 ET]
Table '3580612147 1' 3-max Seat #3 is the button
Seat 1: The Boss 371 (725 in chips) 
Seat 2: guidofp (390 in chips) 
Seat 3: Mahu2021 (385 in chips) 
The Boss 371: posts small blind 15
guidofp: posts big blind 30
*** HOLE CARDS ***
Dealt to Mahu2021 [5s Tc]
Mahu2021: folds 
The Boss 371: folds 
Uncalled bet (15) returned to guidofp
guidofp collected 30 from pot
guidofp: doesn't show hand 
*** SUMMARY ***
Total pot 30 | Rake 0 
Seat 1: The Boss 371 (small blind) folded before Flop
Seat 2: guidofp (big blind) collected (30)
Seat 3: Mahu2021 (button) folded before Flop (didn't bet)



PokerStars Hand #243226016807: Tournament #3580612147, $0.92+$0.08 USD Hold'em No Limit - Level II (15/30) - 2023/04/21 15:19:09 CET [2023/04/21 9:19:09 ET]
Table '3580612147 1' 3-max Seat #1 is the button
Seat 1: The Boss 371 (710 in chips) 
Seat 2: guidofp (405 in chips) 
Seat 3: Mahu2021 (385 in chips) 
guidofp: posts small blind 15
Mahu2021: posts big blind 30
*** HOLE CARDS ***
Dealt to Mahu2021 [Kc Tc]
The Boss 371: folds 
guidofp: calls 15
Mahu2021: raises 90 to 120
guidofp: folds 
Uncalled bet (90) returned to Mahu2021
Mahu2021 collected 60 from pot
Mahu2021: doesn't show hand 
*** SUMMARY ***
Total pot 60 | Rake 0 
Seat 1: The Boss 371 (button) folded before Flop (didn't bet)
Seat 2: guidofp (small blind) folded before Flop
Seat 3: Mahu2021 (big blind) collected (60)



PokerStars Hand #243226018751: Tournament #3580612147, $0.92+$0.08 USD Hold'em No Limit - Level II (15/30) - 2023/04/21 15:19:18 CET [2023/04/21 9:19:18 ET]
Table '3580612147 1' 3-max Seat #2 is the button
Seat 1: The Boss 371 (710 in chips) 
Seat 2: guidofp (375 in chips) 
Seat 3: Mahu2021 (415 in chips) 
Mahu2021: posts small blind 15
The Boss 371: posts big blind 30
*** HOLE CARDS ***
Dealt to Mahu2021 [Qh 9s]
guidofp: raises 90 to 120
Mahu2021: folds 
The Boss 371: folds 
Uncalled bet (90) returned to guidofp
guidofp collected 75 from pot
guidofp: doesn't show hand 
*** SUMMARY ***
Total pot 75 | Rake 0 
Seat 1: The Boss 371 (big blind) folded before Flop
Seat 2: guidofp (button) collected (75)
Seat 3: Mahu2021 (small blind) folded before Flop



PokerStars Hand #243226020587: Tournament #3580612147, $0.92+$0.08 USD Hold'em No Limit - Level II (15/30) - 2023/04/21 15:19:26 CET [2023/04/21 9:19:26 ET]
Table '3580612147 1' 3-max Seat #3 is the button
Seat 1: The Boss 371 (680 in chips) 
Seat 2: guidofp (420 in chips) 
Seat 3: Mahu2021 (400 in chips) 
The Boss 371: posts small blind 15
guidofp: posts big blind 30
*** HOLE CARDS ***
Dealt to Mahu2021 [Qc Ac]
Mahu2021: raises 90 to 120
The Boss 371: folds 
guidofp: calls 90
*** FLOP *** [Kd 9h 6s]
guidofp: checks 
Mahu2021: bets 280 and is all-in
guidofp: folds 
Uncalled bet (280) returned to Mahu2021
Mahu2021 collected 255 from pot
Mahu2021: doesn't show hand 
*** SUMMARY ***
Total pot 255 | Rake 0 
Board [Kd 9h 6s]
Seat 1: The Boss 371 (small blind) folded before Flop
Seat 2: guidofp (big blind) folded on the Flop
Seat 3: Mahu2021 (button) collected (255)



PokerStars Hand #243226024171: Tournament #3580612147, $0.92+$0.08 USD Hold'em No Limit - Level II (15/30) - 2023/04/21 15:19:42 CET [2023/04/21 9:19:42 ET]
Table '3580612147 1' 3-max Seat #1 is the button
Seat 1: The Boss 371 (665 in chips) 
Seat 2: guidofp (300 in chips) 
Seat 3: Mahu2021 (535 in chips) 
guidofp: posts small blind 15
Mahu2021: posts big blind 30
*** HOLE CARDS ***
Dealt to Mahu2021 [3s 4d]
The Boss 371: folds 
guidofp: calls 15
Mahu2021: checks 
*** FLOP *** [Kd 3c Js]
guidofp: checks 
Mahu2021: checks 
*** TURN *** [Kd 3c Js] [6h]
guidofp: checks 
Mahu2021: checks 
*** RIVER *** [Kd 3c Js 6h] [Qs]
guidofp: bets 60
Mahu2021: calls 60
*** SHOW DOWN ***
guidofp: shows [Ts 9h] (a straight, Nine to King)
Mahu2021: mucks hand 
guidofp collected 180 from pot
*** SUMMARY ***
Total pot 180 | Rake 0 
Board [Kd 3c Js 6h Qs]
Seat 1: The Boss 371 (button) folded before Flop (didn't bet)
Seat 2: guidofp (small blind) showed [Ts 9h] and won (180) with a straight, Nine to King
Seat 3: Mahu2021 (big blind) mucked [3s 4d]



PokerStars Hand #243226028464: Tournament #3580612147, $0.92+$0.08 USD Hold'em No Limit - Level II (15/30) - 2023/04/21 15:20:02 CET [2023/04/21 9:20:02 ET]
Table '3580612147 1' 3-max Seat #2 is the button
Seat 1: The Boss 371 (665 in chips) 
Seat 2: guidofp (390 in chips) 
Seat 3: Mahu2021 (445 in chips) 
Mahu2021: posts small blind 15
The Boss 371: posts big blind 30
*** HOLE CARDS ***
Dealt to Mahu2021 [7h 7d]
guidofp: calls 30
Mahu2021: raises 90 to 120
The Boss 371: folds 
guidofp: folds 
Uncalled bet (90) returned to Mahu2021
Mahu2021 collected 90 from pot
Mahu2021: doesn't show hand 
*** SUMMARY ***
Total pot 90 | Rake 0 
Seat 1: The Boss 371 (big blind) folded before Flop
Seat 2: guidofp (button) folded before Flop
Seat 3: Mahu2021 (small blind) collected (90)



PokerStars Hand #243226030574: Tournament #3580612147, $0.92+$0.08 USD Hold'em No Limit - Level II (15/30) - 2023/04/21 15:20:11 CET [2023/04/21 9:20:11 ET]
Table '3580612147 1' 3-max Seat #3 is the button
Seat 1: The Boss 371 (635 in chips) 
Seat 2: guidofp (360 in chips) 
Seat 3: Mahu2021 (505 in chips) 
The Boss 371: posts small blind 15
guidofp: posts big blind 30
*** HOLE CARDS ***
Dealt to Mahu2021 [Jd 3h]
Mahu2021: folds 
The Boss 371: folds 
Uncalled bet (15) returned to guidofp
guidofp collected 30 from pot
guidofp: doesn't show hand 
*** SUMMARY ***
Total pot 30 | Rake 0 
Seat 1: The Boss 371 (small blind) folded before Flop
Seat 2: guidofp (big blind) collected (30)
Seat 3: Mahu2021 (button) folded before Flop (didn't bet)



PokerStars Hand #243226031852: Tournament #3580612147, $0.92+$0.08 USD Hold'em No Limit - Level II (15/30) - 2023/04/21 15:20:17 CET [2023/04/21 9:20:17 ET]
Table '3580612147 1' 3-max Seat #1 is the button
Seat 1: The Boss 371 (620 in chips) 
Seat 2: guidofp (375 in chips) 
Seat 3: Mahu2021 (505 in chips) 
guidofp: posts small blind 15
Mahu2021: posts big blind 30
*** HOLE CARDS ***
Dealt to Mahu2021 [2d Jd]
The Boss 371: calls 30
guidofp: folds 
Mahu2021: checks 
*** FLOP *** [7c Ad Ts]
Mahu2021: checks 
The Boss 371: checks 
*** TURN *** [7c Ad Ts] [8h]
Mahu2021: checks 
The Boss 371: checks 
*** RIVER *** [7c Ad Ts 8h] [5h]
Mahu2021: checks 
The Boss 371: bets 120
Mahu2021: folds 
Uncalled bet (120) returned to The Boss 371
The Boss 371 collected 75 from pot
The Boss 371: doesn't show hand 
*** SUMMARY ***
Total pot 75 | Rake 0 
Board [7c Ad Ts 8h 5h]
Seat 1: The Boss 371 (button) collected (75)
Seat 2: guidofp (small blind) folded before Flop
Seat 3: Mahu2021 (big blind) folded on the River



PokerStars Hand #243226035641: Tournament #3580612147, $0.92+$0.08 USD Hold'em No Limit - Level II (15/30) - 2023/04/21 15:20:34 CET [2023/04/21 9:20:34 ET]
Table '3580612147 1' 3-max Seat #2 is the button
Seat 1: The Boss 371 (665 in chips) 
Seat 2: guidofp (360 in chips) 
Seat 3: Mahu2021 (475 in chips) 
Mahu2021: posts small blind 15
The Boss 371: posts big blind 30
*** HOLE CARDS ***
Dealt to Mahu2021 [3h Jd]
guidofp: folds 
Mahu2021: folds 
Uncalled bet (15) returned to The Boss 371
The Boss 371 collected 30 from pot
The Boss 371: doesn't show hand 
*** SUMMARY ***
Total pot 30 | Rake 0 
Seat 1: The Boss 371 (big blind) collected (30)
Seat 2: guidofp (button) folded before Flop (didn't bet)
Seat 3: Mahu2021 (small blind) folded before Flop



PokerStars Hand #243226037069: Tournament #3580612147, $0.92+$0.08 USD Hold'em No Limit - Level II (15/30) - 2023/04/21 15:20:40 CET [2023/04/21 9:20:40 ET]
Table '3580612147 1' 3-max Seat #3 is the button
Seat 1: The Boss 371 (680 in chips) 
Seat 2: guidofp (360 in chips) 
Seat 3: Mahu2021 (460 in chips) 
The Boss 371: posts small blind 15
guidofp: posts big blind 30
*** HOLE CARDS ***
Dealt to Mahu2021 [Ts 9d]
Mahu2021: calls 30
The Boss 371: folds 
guidofp: checks 
*** FLOP *** [7h Ad 6d]
guidofp: checks 
Mahu2021: bets 30
guidofp: calls 30
*** TURN *** [7h Ad 6d] [6s]
guidofp: checks 
Mahu2021: checks 
*** RIVER *** [7h Ad 6d 6s] [Td]
guidofp: bets 135
Mahu2021: folds 
Uncalled bet (135) returned to guidofp
guidofp collected 135 from pot
guidofp: doesn't show hand 
*** SUMMARY ***
Total pot 135 | Rake 0 
Board [7h Ad 6d 6s Td]
Seat 1: The Boss 371 (small blind) folded before Flop
Seat 2: guidofp (big blind) collected (135)
Seat 3: Mahu2021 (button) folded on the River



PokerStars Hand #243226041338: Tournament #3580612147, $0.92+$0.08 USD Hold'em No Limit - Level II (15/30) - 2023/04/21 15:21:00 CET [2023/04/21 9:21:00 ET]
Table '3580612147 1' 3-max Seat #1 is the button
Seat 1: The Boss 371 (665 in chips) 
Seat 2: guidofp (435 in chips) 
Seat 3: Mahu2021 (400 in chips) 
guidofp: posts small blind 15
Mahu2021: posts big blind 30
*** HOLE CARDS ***
Dealt to Mahu2021 [As Ad]
The Boss 371: calls 30
guidofp: calls 15
Mahu2021: raises 370 to 400 and is all-in
The Boss 371: raises 265 to 665 and is all-in
guidofp: folds 
Uncalled bet (265) returned to The Boss 371
*** FLOP *** [2d Tc 2c]
*** TURN *** [2d Tc 2c] [Jc]
*** RIVER *** [2d Tc 2c Jc] [4d]
*** SHOW DOWN ***
Mahu2021: shows [As Ad] (two pair, Aces and Deuces)
The Boss 371: shows [Kh Kd] (two pair, Kings and Deuces)
Mahu2021 collected 830 from pot
*** SUMMARY ***
Total pot 830 | Rake 0 
Board [2d Tc 2c Jc 4d]
Seat 1: The Boss 371 (button) showed [Kh Kd] and lost with two pair, Kings and Deuces
Seat 2: guidofp (small blind) folded before Flop
Seat 3: Mahu2021 (big blind) showed [As Ad] and won (830) with two pair, Aces and Deuces



PokerStars Hand #243226045504: Tournament #3580612147, $0.92+$0.08 USD Hold'em No Limit - Level II (15/30) - 2023/04/21 15:21:18 CET [2023/04/21 9:21:18 ET]
Table '3580612147 1' 3-max Seat #2 is the button
Seat 1: The Boss 371 (265 in chips) 
Seat 2: guidofp (405 in chips) 
Seat 3: Mahu2021 (830 in chips) 
Mahu2021: posts small blind 15
The Boss 371: posts big blind 30
*** HOLE CARDS ***
Dealt to Mahu2021 [8d 8h]
guidofp: calls 30
Mahu2021: raises 90 to 120
The Boss 371: raises 145 to 265 and is all-in
guidofp: folds 
Mahu2021: calls 145
*** FLOP *** [7d Ah 5c]
*** TURN *** [7d Ah 5c] [Jh]
*** RIVER *** [7d Ah 5c Jh] [7h]
*** SHOW DOWN ***
Mahu2021: shows [8d 8h] (two pair, Eights and Sevens)
The Boss 371: shows [2d 2h] (two pair, Sevens and Deuces)
Mahu2021 collected 560 from pot
The Boss 371 finished the tournament in 3rd place
*** SUMMARY ***
Total pot 560 | Rake 0 
Board [7d Ah 5c Jh 7h]
Seat 1: The Boss 371 (big blind) showed [2d 2h] and lost with two pair, Sevens and Deuces
Seat 2: guidofp (button) folded before Flop
Seat 3: Mahu2021 (small blind) showed [8d 8h] and won (560) with two pair, Eights and Sevens



PokerStars Hand #243226050870: Tournament #3580612147, $0.92+$0.08 USD Hold'em No Limit - Level III (20/40) - 2023/04/21 15:21:42 CET [2023/04/21 9:21:42 ET]
Table '3580612147 1' 3-max Seat #3 is the button
Seat 2: guidofp (375 in chips) 
Seat 3: Mahu2021 (1125 in chips) 
Mahu2021: posts small blind 20
guidofp: posts big blind 40
*** HOLE CARDS ***
Dealt to Mahu2021 [8h Js]
Mahu2021: raises 40 to 80
guidofp: calls 40
*** FLOP *** [As 4s 2d]
guidofp: checks 
Mahu2021: bets 80
guidofp: folds 
Uncalled bet (80) returned to Mahu2021
Mahu2021 collected 160 from pot
Mahu2021: doesn't show hand 
*** SUMMARY ***
Total pot 160 | Rake 0 
Board [As 4s 2d]
Seat 2: guidofp (big blind) folded on the Flop
Seat 3: Mahu2021 (button) (small blind) collected (160)



PokerStars Hand #243226053509: Tournament #3580612147, $0.92+$0.08 USD Hold'em No Limit - Level III (20/40) - 2023/04/21 15:21:54 CET [2023/04/21 9:21:54 ET]
Table '3580612147 1' 3-max Seat #2 is the button
Seat 2: guidofp (295 in chips) 
Seat 3: Mahu2021 (1205 in chips) 
guidofp: posts small blind 20
Mahu2021: posts big blind 40
*** HOLE CARDS ***
Dealt to Mahu2021 [4s 3c]
guidofp: raises 255 to 295 and is all-in
Mahu2021: folds 
Uncalled bet (255) returned to guidofp
guidofp collected 80 from pot
guidofp: doesn't show hand 
*** SUMMARY ***
Total pot 80 | Rake 0 
Seat 2: guidofp (button) (small blind) collected (80)
Seat 3: Mahu2021 (big blind) folded before Flop



PokerStars Hand #243226055218: Tournament #3580612147, $0.92+$0.08 USD Hold'em No Limit - Level III (20/40) - 2023/04/21 15:22:01 CET [2023/04/21 9:22:01 ET]
Table '3580612147 1' 3-max Seat #3 is the button
Seat 2: guidofp (335 in chips) 
Seat 3: Mahu2021 (1165 in chips) 
Mahu2021: posts small blind 20
guidofp: posts big blind 40
*** HOLE CARDS ***
Dealt to Mahu2021 [Jd 8d]
Mahu2021: raises 40 to 80
guidofp: calls 40
*** FLOP *** [2c Js Ah]
guidofp: checks 
Mahu2021: bets 80
guidofp: folds 
Uncalled bet (80) returned to Mahu2021
Mahu2021 collected 160 from pot
Mahu2021: doesn't show hand 
*** SUMMARY ***
Total pot 160 | Rake 0 
Board [2c Js Ah]
Seat 2: guidofp (big blind) folded on the Flop
Seat 3: Mahu2021 (button) (small blind) collected (160)



PokerStars Hand #243226057688: Tournament #3580612147, $0.92+$0.08 USD Hold'em No Limit - Level III (20/40) - 2023/04/21 15:22:13 CET [2023/04/21 9:22:13 ET]
Table '3580612147 1' 3-max Seat #2 is the button
Seat 2: guidofp (255 in chips) 
Seat 3: Mahu2021 (1245 in chips) 
guidofp: posts small blind 20
Mahu2021: posts big blind 40
*** HOLE CARDS ***
Dealt to Mahu2021 [Ac 6c]
guidofp: raises 215 to 255 and is all-in
Mahu2021: calls 215
*** FLOP *** [2c 5s 7d]
*** TURN *** [2c 5s 7d] [3d]
*** RIVER *** [2c 5s 7d 3d] [As]
*** SHOW DOWN ***
Mahu2021: shows [Ac 6c] (a pair of Aces)
guidofp: shows [7c 9d] (a pair of Sevens)
Mahu2021 collected 510 from pot
guidofp finished the tournament in 2nd place
Mahu2021 wins the tournament and receives $3.00 - congratulations!
*** SUMMARY ***
Total pot 510 | Rake 0 
Board [2c 5s 7d 3d As]
Seat 2: guidofp (button) (small blind) showed [7c 9d] and lost with a pair of Sevens
Seat 3: Mahu2021 (big blind) showed [Ac 6c] and won (510) with a pair of Aces



