PokerStars Hand #246552767292: Tournament #3659428683, $0.92+$0.08 USD Hold'em No Limit - Level I (10/20) - 2023/10/15 20:53:32 CET [2023/10/15 14:53:32 ET]
Table '3659428683 1' 3-max Seat #1 is the button
Seat 1: ettiby (500 in chips) 
Seat 2: dexter141275 (500 in chips) 
Seat 3: Mahu2021 (500 in chips) 
dexter141275: posts small blind 10
Mahu2021: posts big blind 20
*** HOLE CARDS ***
Dealt to Mahu2021 [8s Ad]
ettiby: folds 
dexter141275: calls 10
Mahu2021: checks 
*** FLOP *** [Qh 4s 6s]
dexter141275: checks 
Mahu2021: bets 20
dexter141275: calls 20
*** TURN *** [Qh 4s 6s] [As]
dexter141275: checks 
Mahu2021: bets 80
dexter141275: folds 
Uncalled bet (80) returned to Mahu2021
Mahu2021 collected 80 from pot
Mahu2021: doesn't show hand 
*** SUMMARY ***
Total pot 80 | Rake 0 
Board [Qh 4s 6s As]
Seat 1: ettiby (button) folded before Flop (didn't bet)
Seat 2: dexter141275 (small blind) folded on the Turn
Seat 3: Mahu2021 (big blind) collected (80)



PokerStars Hand #246552778354: Tournament #3659428683, $0.92+$0.08 USD Hold'em No Limit - Level I (10/20) - 2023/10/15 20:53:58 CET [2023/10/15 14:53:58 ET]
Table '3659428683 1' 3-max Seat #2 is the button
Seat 1: ettiby (500 in chips) 
Seat 2: dexter141275 (460 in chips) 
Seat 3: Mahu2021 (540 in chips) 
Mahu2021: posts small blind 10
ettiby: posts big blind 20
*** HOLE CARDS ***
Dealt to Mahu2021 [7c 4d]
dexter141275: folds 
Mahu2021: folds 
Uncalled bet (10) returned to ettiby
ettiby collected 20 from pot
ettiby: doesn't show hand 
*** SUMMARY ***
Total pot 20 | Rake 0 
Seat 1: ettiby (big blind) collected (20)
Seat 2: dexter141275 (button) folded before Flop (didn't bet)
Seat 3: Mahu2021 (small blind) folded before Flop



PokerStars Hand #246552780335: Tournament #3659428683, $0.92+$0.08 USD Hold'em No Limit - Level I (10/20) - 2023/10/15 20:54:03 CET [2023/10/15 14:54:03 ET]
Table '3659428683 1' 3-max Seat #3 is the button
Seat 1: ettiby (510 in chips) 
Seat 2: dexter141275 (460 in chips) 
Seat 3: Mahu2021 (530 in chips) 
ettiby: posts small blind 10
dexter141275: posts big blind 20
*** HOLE CARDS ***
Dealt to Mahu2021 [9s 6s]
Mahu2021: calls 20
ettiby: calls 10
dexter141275: checks 
*** FLOP *** [Qh 6c 9c]
ettiby: checks 
dexter141275: checks 
Mahu2021: bets 20
ettiby: calls 20
dexter141275: folds 
*** TURN *** [Qh 6c 9c] [8s]
ettiby: checks 
Mahu2021: bets 20
ettiby: calls 20
*** RIVER *** [Qh 6c 9c 8s] [Qd]
ettiby: bets 70
Mahu2021: calls 70
*** SHOW DOWN ***
ettiby: shows [Ac 4d] (a pair of Queens)
Mahu2021: shows [9s 6s] (two pair, Queens and Nines)
Mahu2021 collected 280 from pot
*** SUMMARY ***
Total pot 280 | Rake 0 
Board [Qh 6c 9c 8s Qd]
Seat 1: ettiby (small blind) showed [Ac 4d] and lost with a pair of Queens
Seat 2: dexter141275 (big blind) folded on the Flop
Seat 3: Mahu2021 (button) showed [9s 6s] and won (280) with two pair, Queens and Nines



PokerStars Hand #246552793345: Tournament #3659428683, $0.92+$0.08 USD Hold'em No Limit - Level I (10/20) - 2023/10/15 20:54:34 CET [2023/10/15 14:54:34 ET]
Table '3659428683 1' 3-max Seat #1 is the button
Seat 1: ettiby (380 in chips) 
Seat 2: dexter141275 (440 in chips) 
Seat 3: Mahu2021 (680 in chips) 
dexter141275: posts small blind 10
Mahu2021: posts big blind 20
*** HOLE CARDS ***
Dealt to Mahu2021 [Jh Kh]
ettiby: folds 
dexter141275: folds 
Uncalled bet (10) returned to Mahu2021
Mahu2021 collected 20 from pot
Mahu2021: doesn't show hand 
*** SUMMARY ***
Total pot 20 | Rake 0 
Seat 1: ettiby (button) folded before Flop (didn't bet)
Seat 2: dexter141275 (small blind) folded before Flop
Seat 3: Mahu2021 (big blind) collected (20)



PokerStars Hand #246552795766: Tournament #3659428683, $0.92+$0.08 USD Hold'em No Limit - Level I (10/20) - 2023/10/15 20:54:40 CET [2023/10/15 14:54:40 ET]
Table '3659428683 1' 3-max Seat #2 is the button
Seat 1: ettiby (380 in chips) 
Seat 2: dexter141275 (430 in chips) 
Seat 3: Mahu2021 (690 in chips) 
Mahu2021: posts small blind 10
ettiby: posts big blind 20
*** HOLE CARDS ***
Dealt to Mahu2021 [Kh 6s]
dexter141275: folds 
Mahu2021: calls 10
ettiby: raises 40 to 60
Mahu2021: folds 
Uncalled bet (40) returned to ettiby
ettiby collected 40 from pot
ettiby: doesn't show hand 
*** SUMMARY ***
Total pot 40 | Rake 0 
Seat 1: ettiby (big blind) collected (40)
Seat 2: dexter141275 (button) folded before Flop (didn't bet)
Seat 3: Mahu2021 (small blind) folded before Flop



PokerStars Hand #246552800614: Tournament #3659428683, $0.92+$0.08 USD Hold'em No Limit - Level I (10/20) - 2023/10/15 20:54:52 CET [2023/10/15 14:54:52 ET]
Table '3659428683 1' 3-max Seat #3 is the button
Seat 1: ettiby (400 in chips) 
Seat 2: dexter141275 (430 in chips) 
Seat 3: Mahu2021 (670 in chips) 
ettiby: posts small blind 10
dexter141275: posts big blind 20
*** HOLE CARDS ***
Dealt to Mahu2021 [6h 2h]
Mahu2021: folds 
ettiby: folds 
Uncalled bet (10) returned to dexter141275
dexter141275 collected 20 from pot
dexter141275: doesn't show hand 
*** SUMMARY ***
Total pot 20 | Rake 0 
Seat 1: ettiby (small blind) folded before Flop
Seat 2: dexter141275 (big blind) collected (20)
Seat 3: Mahu2021 (button) folded before Flop (didn't bet)



PokerStars Hand #246552803672: Tournament #3659428683, $0.92+$0.08 USD Hold'em No Limit - Level I (10/20) - 2023/10/15 20:54:59 CET [2023/10/15 14:54:59 ET]
Table '3659428683 1' 3-max Seat #1 is the button
Seat 1: ettiby (390 in chips) 
Seat 2: dexter141275 (440 in chips) 
Seat 3: Mahu2021 (670 in chips) 
dexter141275: posts small blind 10
Mahu2021: posts big blind 20
*** HOLE CARDS ***
Dealt to Mahu2021 [4s 9h]
ettiby: folds 
dexter141275: folds 
Uncalled bet (10) returned to Mahu2021
Mahu2021 collected 20 from pot
Mahu2021: doesn't show hand 
*** SUMMARY ***
Total pot 20 | Rake 0 
Seat 1: ettiby (button) folded before Flop (didn't bet)
Seat 2: dexter141275 (small blind) folded before Flop
Seat 3: Mahu2021 (big blind) collected (20)



PokerStars Hand #246552806698: Tournament #3659428683, $0.92+$0.08 USD Hold'em No Limit - Level I (10/20) - 2023/10/15 20:55:06 CET [2023/10/15 14:55:06 ET]
Table '3659428683 1' 3-max Seat #2 is the button
Seat 1: ettiby (390 in chips) 
Seat 2: dexter141275 (430 in chips) 
Seat 3: Mahu2021 (680 in chips) 
Mahu2021: posts small blind 10
ettiby: posts big blind 20
*** HOLE CARDS ***
Dealt to Mahu2021 [5s 9c]
dexter141275: folds 
Mahu2021: folds 
Uncalled bet (10) returned to ettiby
ettiby collected 20 from pot
ettiby: doesn't show hand 
*** SUMMARY ***
Total pot 20 | Rake 0 
Seat 1: ettiby (big blind) collected (20)
Seat 2: dexter141275 (button) folded before Flop (didn't bet)
Seat 3: Mahu2021 (small blind) folded before Flop



PokerStars Hand #246552809849: Tournament #3659428683, $0.92+$0.08 USD Hold'em No Limit - Level I (10/20) - 2023/10/15 20:55:14 CET [2023/10/15 14:55:14 ET]
Table '3659428683 1' 3-max Seat #3 is the button
Seat 1: ettiby (400 in chips) 
Seat 2: dexter141275 (430 in chips) 
Seat 3: Mahu2021 (670 in chips) 
ettiby: posts small blind 10
dexter141275: posts big blind 20
*** HOLE CARDS ***
Dealt to Mahu2021 [Th Ad]
Mahu2021: raises 20 to 40
ettiby: folds 
dexter141275: calls 20
*** FLOP *** [3s 2c 9c]
dexter141275: checks 
Mahu2021: checks 
*** TURN *** [3s 2c 9c] [Kd]
dexter141275: checks 
Mahu2021: checks 
*** RIVER *** [3s 2c 9c Kd] [8c]
dexter141275: checks 
Mahu2021: checks 
*** SHOW DOWN ***
dexter141275: shows [9h 7h] (a pair of Nines)
Mahu2021: mucks hand 
dexter141275 collected 90 from pot
*** SUMMARY ***
Total pot 90 | Rake 0 
Board [3s 2c 9c Kd 8c]
Seat 1: ettiby (small blind) folded before Flop
Seat 2: dexter141275 (big blind) showed [9h 7h] and won (90) with a pair of Nines
Seat 3: Mahu2021 (button) mucked [Th Ad]



PokerStars Hand #246552818103: Tournament #3659428683, $0.92+$0.08 USD Hold'em No Limit - Level I (10/20) - 2023/10/15 20:55:48 CET [2023/10/15 14:55:48 ET]
Table '3659428683 1' 3-max Seat #1 is the button
Seat 1: ettiby (390 in chips) 
Seat 2: dexter141275 (480 in chips) 
Seat 3: Mahu2021 (630 in chips) 
dexter141275: posts small blind 10
Mahu2021: posts big blind 20
*** HOLE CARDS ***
Dealt to Mahu2021 [5h 9s]
ettiby: raises 20 to 40
dexter141275: folds 
Mahu2021: folds 
Uncalled bet (20) returned to ettiby
ettiby collected 50 from pot
ettiby: doesn't show hand 
*** SUMMARY ***
Total pot 50 | Rake 0 
Seat 1: ettiby (button) collected (50)
Seat 2: dexter141275 (small blind) folded before Flop
Seat 3: Mahu2021 (big blind) folded before Flop



PokerStars Hand #246552819953: Tournament #3659428683, $0.92+$0.08 USD Hold'em No Limit - Level I (10/20) - 2023/10/15 20:55:56 CET [2023/10/15 14:55:56 ET]
Table '3659428683 1' 3-max Seat #2 is the button
Seat 1: ettiby (420 in chips) 
Seat 2: dexter141275 (470 in chips) 
Seat 3: Mahu2021 (610 in chips) 
Mahu2021: posts small blind 10
ettiby: posts big blind 20
*** HOLE CARDS ***
Dealt to Mahu2021 [5s 3h]
dexter141275: raises 20 to 40
Mahu2021: folds 
ettiby: folds 
Uncalled bet (20) returned to dexter141275
dexter141275 collected 50 from pot
dexter141275: doesn't show hand 
*** SUMMARY ***
Total pot 50 | Rake 0 
Seat 1: ettiby (big blind) folded before Flop
Seat 2: dexter141275 (button) collected (50)
Seat 3: Mahu2021 (small blind) folded before Flop



PokerStars Hand #246552821472: Tournament #3659428683, $0.92+$0.08 USD Hold'em No Limit - Level I (10/20) - 2023/10/15 20:56:02 CET [2023/10/15 14:56:02 ET]
Table '3659428683 1' 3-max Seat #3 is the button
Seat 1: ettiby (400 in chips) 
Seat 2: dexter141275 (500 in chips) 
Seat 3: Mahu2021 (600 in chips) 
ettiby: posts small blind 10
dexter141275: posts big blind 20
*** HOLE CARDS ***
Dealt to Mahu2021 [6d 4h]
Mahu2021: folds 
ettiby: raises 20 to 40
dexter141275: calls 20
*** FLOP *** [Jd 7c 8d]
ettiby: bets 40
dexter141275: calls 40
*** TURN *** [Jd 7c 8d] [4c]
ettiby: bets 80
dexter141275: folds 
Uncalled bet (80) returned to ettiby
ettiby collected 160 from pot
ettiby: doesn't show hand 
*** SUMMARY ***
Total pot 160 | Rake 0 
Board [Jd 7c 8d 4c]
Seat 1: ettiby (small blind) collected (160)
Seat 2: dexter141275 (big blind) folded on the Turn
Seat 3: Mahu2021 (button) folded before Flop (didn't bet)



PokerStars Hand #246552827419: Tournament #3659428683, $0.92+$0.08 USD Hold'em No Limit - Level I (10/20) - 2023/10/15 20:56:27 CET [2023/10/15 14:56:27 ET]
Table '3659428683 1' 3-max Seat #1 is the button
Seat 1: ettiby (480 in chips) 
Seat 2: dexter141275 (420 in chips) 
Seat 3: Mahu2021 (600 in chips) 
dexter141275: posts small blind 10
Mahu2021: posts big blind 20
*** HOLE CARDS ***
Dealt to Mahu2021 [2s 7s]
ettiby: calls 20
dexter141275: folds 
Mahu2021: checks 
*** FLOP *** [Qs 7d Ad]
Mahu2021: checks 
ettiby: checks 
*** TURN *** [Qs 7d Ad] [3c]
Mahu2021: bets 20
ettiby: calls 20
*** RIVER *** [Qs 7d Ad 3c] [As]
Mahu2021: checks 
ettiby: checks 
*** SHOW DOWN ***
Mahu2021: shows [2s 7s] (two pair, Aces and Sevens)
ettiby: mucks hand 
Mahu2021 collected 90 from pot
*** SUMMARY ***
Total pot 90 | Rake 0 
Board [Qs 7d Ad 3c As]
Seat 1: ettiby (button) mucked [8s 6s]
Seat 2: dexter141275 (small blind) folded before Flop
Seat 3: Mahu2021 (big blind) showed [2s 7s] and won (90) with two pair, Aces and Sevens



PokerStars Hand #246552833641: Tournament #3659428683, $0.92+$0.08 USD Hold'em No Limit - Level II (15/30) - 2023/10/15 20:56:52 CET [2023/10/15 14:56:52 ET]
Table '3659428683 1' 3-max Seat #2 is the button
Seat 1: ettiby (440 in chips) 
Seat 2: dexter141275 (410 in chips) 
Seat 3: Mahu2021 (650 in chips) 
Mahu2021: posts small blind 15
ettiby: posts big blind 30
*** HOLE CARDS ***
Dealt to Mahu2021 [6c 9d]
dexter141275: folds 
Mahu2021: folds 
Uncalled bet (15) returned to ettiby
ettiby collected 30 from pot
ettiby: doesn't show hand 
*** SUMMARY ***
Total pot 30 | Rake 0 
Seat 1: ettiby (big blind) collected (30)
Seat 2: dexter141275 (button) folded before Flop (didn't bet)
Seat 3: Mahu2021 (small blind) folded before Flop



PokerStars Hand #246552834717: Tournament #3659428683, $0.92+$0.08 USD Hold'em No Limit - Level II (15/30) - 2023/10/15 20:56:57 CET [2023/10/15 14:56:57 ET]
Table '3659428683 1' 3-max Seat #3 is the button
Seat 1: ettiby (455 in chips) 
Seat 2: dexter141275 (410 in chips) 
Seat 3: Mahu2021 (635 in chips) 
ettiby: posts small blind 15
dexter141275: posts big blind 30
*** HOLE CARDS ***
Dealt to Mahu2021 [Qh 5c]
Mahu2021: folds 
ettiby: folds 
Uncalled bet (15) returned to dexter141275
dexter141275 collected 30 from pot
dexter141275: doesn't show hand 
*** SUMMARY ***
Total pot 30 | Rake 0 
Seat 1: ettiby (small blind) folded before Flop
Seat 2: dexter141275 (big blind) collected (30)
Seat 3: Mahu2021 (button) folded before Flop (didn't bet)



PokerStars Hand #246552835823: Tournament #3659428683, $0.92+$0.08 USD Hold'em No Limit - Level II (15/30) - 2023/10/15 20:57:02 CET [2023/10/15 14:57:02 ET]
Table '3659428683 1' 3-max Seat #1 is the button
Seat 1: ettiby (440 in chips) 
Seat 2: dexter141275 (425 in chips) 
Seat 3: Mahu2021 (635 in chips) 
dexter141275: posts small blind 15
Mahu2021: posts big blind 30
*** HOLE CARDS ***
Dealt to Mahu2021 [9s 6h]
ettiby: folds 
dexter141275: raises 30 to 60
Mahu2021: folds 
Uncalled bet (30) returned to dexter141275
dexter141275 collected 60 from pot
dexter141275: doesn't show hand 
*** SUMMARY ***
Total pot 60 | Rake 0 
Seat 1: ettiby (button) folded before Flop (didn't bet)
Seat 2: dexter141275 (small blind) collected (60)
Seat 3: Mahu2021 (big blind) folded before Flop



PokerStars Hand #246552838028: Tournament #3659428683, $0.92+$0.08 USD Hold'em No Limit - Level II (15/30) - 2023/10/15 20:57:11 CET [2023/10/15 14:57:11 ET]
Table '3659428683 1' 3-max Seat #2 is the button
Seat 1: ettiby (440 in chips) 
Seat 2: dexter141275 (455 in chips) 
Seat 3: Mahu2021 (605 in chips) 
Mahu2021: posts small blind 15
ettiby: posts big blind 30
*** HOLE CARDS ***
Dealt to Mahu2021 [Ts Jc]
dexter141275: folds 
Mahu2021: raises 30 to 60
ettiby: raises 30 to 90
Mahu2021: calls 30
*** FLOP *** [Qd Kh 6s]
Mahu2021: checks 
ettiby: bets 90
Mahu2021: calls 90
*** TURN *** [Qd Kh 6s] [Ad]
Mahu2021: checks 
ettiby: bets 180
Mahu2021: raises 245 to 425 and is all-in
ettiby: calls 80 and is all-in
Uncalled bet (165) returned to Mahu2021
*** RIVER *** [Qd Kh 6s Ad] [6c]
*** SHOW DOWN ***
Mahu2021: shows [Ts Jc] (a straight, Ten to Ace)
ettiby: shows [As Kc] (two pair, Aces and Kings)
Mahu2021 collected 880 from pot
ettiby finished the tournament in 3rd place
*** SUMMARY ***
Total pot 880 | Rake 0 
Board [Qd Kh 6s Ad 6c]
Seat 1: ettiby (big blind) showed [As Kc] and lost with two pair, Aces and Kings
Seat 2: dexter141275 (button) folded before Flop (didn't bet)
Seat 3: Mahu2021 (small blind) showed [Ts Jc] and won (880) with a straight, Ten to Ace



PokerStars Hand #246552845163: Tournament #3659428683, $0.92+$0.08 USD Hold'em No Limit - Level II (15/30) - 2023/10/15 20:57:40 CET [2023/10/15 14:57:40 ET]
Table '3659428683 1' 3-max Seat #3 is the button
Seat 2: dexter141275 (455 in chips) 
Seat 3: Mahu2021 (1045 in chips) 
Mahu2021: posts small blind 15
dexter141275: posts big blind 30
*** HOLE CARDS ***
Dealt to Mahu2021 [5d Qs]
Mahu2021: folds 
Uncalled bet (15) returned to dexter141275
dexter141275 collected 30 from pot
dexter141275: doesn't show hand 
*** SUMMARY ***
Total pot 30 | Rake 0 
Seat 2: dexter141275 (big blind) collected (30)
Seat 3: Mahu2021 (button) (small blind) folded before Flop



PokerStars Hand #246552846167: Tournament #3659428683, $0.92+$0.08 USD Hold'em No Limit - Level II (15/30) - 2023/10/15 20:57:45 CET [2023/10/15 14:57:45 ET]
Table '3659428683 1' 3-max Seat #2 is the button
Seat 2: dexter141275 (470 in chips) 
Seat 3: Mahu2021 (1030 in chips) 
dexter141275: posts small blind 15
Mahu2021: posts big blind 30
*** HOLE CARDS ***
Dealt to Mahu2021 [8c 8h]
dexter141275: folds 
Uncalled bet (15) returned to Mahu2021
Mahu2021 collected 30 from pot
Mahu2021: doesn't show hand 
*** SUMMARY ***
Total pot 30 | Rake 0 
Seat 2: dexter141275 (button) (small blind) folded before Flop
Seat 3: Mahu2021 (big blind) collected (30)



PokerStars Hand #246552847241: Tournament #3659428683, $0.92+$0.08 USD Hold'em No Limit - Level II (15/30) - 2023/10/15 20:57:49 CET [2023/10/15 14:57:49 ET]
Table '3659428683 1' 3-max Seat #3 is the button
Seat 2: dexter141275 (455 in chips) 
Seat 3: Mahu2021 (1045 in chips) 
Mahu2021: posts small blind 15
dexter141275: posts big blind 30
*** HOLE CARDS ***
Dealt to Mahu2021 [3c Th]
Mahu2021: folds 
Uncalled bet (15) returned to dexter141275
dexter141275 collected 30 from pot
dexter141275: doesn't show hand 
*** SUMMARY ***
Total pot 30 | Rake 0 
Seat 2: dexter141275 (big blind) collected (30)
Seat 3: Mahu2021 (button) (small blind) folded before Flop



PokerStars Hand #246552848345: Tournament #3659428683, $0.92+$0.08 USD Hold'em No Limit - Level II (15/30) - 2023/10/15 20:57:53 CET [2023/10/15 14:57:53 ET]
Table '3659428683 1' 3-max Seat #2 is the button
Seat 2: dexter141275 (470 in chips) 
Seat 3: Mahu2021 (1030 in chips) 
dexter141275: posts small blind 15
Mahu2021: posts big blind 30
*** HOLE CARDS ***
Dealt to Mahu2021 [7s As]
dexter141275: calls 15
Mahu2021: checks 
*** FLOP *** [Kd Tc Th]
Mahu2021: checks 
dexter141275: checks 
*** TURN *** [Kd Tc Th] [3c]
Mahu2021: checks 
dexter141275: checks 
*** RIVER *** [Kd Tc Th 3c] [2h]
Mahu2021: checks 
dexter141275: checks 
*** SHOW DOWN ***
Mahu2021: shows [7s As] (a pair of Tens)
dexter141275: mucks hand 
Mahu2021 collected 60 from pot
*** SUMMARY ***
Total pot 60 | Rake 0 
Board [Kd Tc Th 3c 2h]
Seat 2: dexter141275 (button) (small blind) mucked [Qd 9s]
Seat 3: Mahu2021 (big blind) showed [7s As] and won (60) with a pair of Tens



PokerStars Hand #246552854155: Tournament #3659428683, $0.92+$0.08 USD Hold'em No Limit - Level II (15/30) - 2023/10/15 20:58:17 CET [2023/10/15 14:58:17 ET]
Table '3659428683 1' 3-max Seat #3 is the button
Seat 2: dexter141275 (440 in chips) 
Seat 3: Mahu2021 (1060 in chips) 
Mahu2021: posts small blind 15
dexter141275: posts big blind 30
*** HOLE CARDS ***
Dealt to Mahu2021 [Tc 5c]
Mahu2021: calls 15
dexter141275: checks 
*** FLOP *** [7h Qc 6h]
dexter141275: bets 30
Mahu2021: folds 
Uncalled bet (30) returned to dexter141275
dexter141275 collected 60 from pot
dexter141275: doesn't show hand 
*** SUMMARY ***
Total pot 60 | Rake 0 
Board [7h Qc 6h]
Seat 2: dexter141275 (big blind) collected (60)
Seat 3: Mahu2021 (button) (small blind) folded on the Flop



PokerStars Hand #246552857098: Tournament #3659428683, $0.92+$0.08 USD Hold'em No Limit - Level II (15/30) - 2023/10/15 20:58:29 CET [2023/10/15 14:58:29 ET]
Table '3659428683 1' 3-max Seat #2 is the button
Seat 2: dexter141275 (470 in chips) 
Seat 3: Mahu2021 (1030 in chips) 
dexter141275: posts small blind 15
Mahu2021: posts big blind 30
*** HOLE CARDS ***
Dealt to Mahu2021 [6s Qd]
dexter141275: raises 90 to 120
Mahu2021: folds 
Uncalled bet (90) returned to dexter141275
dexter141275 collected 60 from pot
dexter141275: doesn't show hand 
*** SUMMARY ***
Total pot 60 | Rake 0 
Seat 2: dexter141275 (button) (small blind) collected (60)
Seat 3: Mahu2021 (big blind) folded before Flop



PokerStars Hand #246552859369: Tournament #3659428683, $0.92+$0.08 USD Hold'em No Limit - Level II (15/30) - 2023/10/15 20:58:39 CET [2023/10/15 14:58:39 ET]
Table '3659428683 1' 3-max Seat #3 is the button
Seat 2: dexter141275 (500 in chips) 
Seat 3: Mahu2021 (1000 in chips) 
Mahu2021: posts small blind 15
dexter141275: posts big blind 30
*** HOLE CARDS ***
Dealt to Mahu2021 [4s Ac]
Mahu2021: calls 15
dexter141275: checks 
*** FLOP *** [Kd Kh Th]
dexter141275: checks 
Mahu2021: bets 30
dexter141275: folds 
Uncalled bet (30) returned to Mahu2021
Mahu2021 collected 60 from pot
Mahu2021: doesn't show hand 
*** SUMMARY ***
Total pot 60 | Rake 0 
Board [Kd Kh Th]
Seat 2: dexter141275 (big blind) folded on the Flop
Seat 3: Mahu2021 (button) (small blind) collected (60)



PokerStars Hand #246552862546: Tournament #3659428683, $0.92+$0.08 USD Hold'em No Limit - Level II (15/30) - 2023/10/15 20:58:52 CET [2023/10/15 14:58:52 ET]
Table '3659428683 1' 3-max Seat #2 is the button
Seat 2: dexter141275 (470 in chips) 
Seat 3: Mahu2021 (1030 in chips) 
dexter141275: posts small blind 15
Mahu2021: posts big blind 30
*** HOLE CARDS ***
Dealt to Mahu2021 [4s 3s]
dexter141275: folds 
Uncalled bet (15) returned to Mahu2021
Mahu2021 collected 30 from pot
Mahu2021: doesn't show hand 
*** SUMMARY ***
Total pot 30 | Rake 0 
Seat 2: dexter141275 (button) (small blind) folded before Flop
Seat 3: Mahu2021 (big blind) collected (30)



PokerStars Hand #246552863985: Tournament #3659428683, $0.92+$0.08 USD Hold'em No Limit - Level II (15/30) - 2023/10/15 20:58:58 CET [2023/10/15 14:58:58 ET]
Table '3659428683 1' 3-max Seat #3 is the button
Seat 2: dexter141275 (455 in chips) 
Seat 3: Mahu2021 (1045 in chips) 
Mahu2021: posts small blind 15
dexter141275: posts big blind 30
*** HOLE CARDS ***
Dealt to Mahu2021 [8s 5h]
Mahu2021: folds 
Uncalled bet (15) returned to dexter141275
dexter141275 collected 30 from pot
dexter141275: doesn't show hand 
*** SUMMARY ***
Total pot 30 | Rake 0 
Seat 2: dexter141275 (big blind) collected (30)
Seat 3: Mahu2021 (button) (small blind) folded before Flop



PokerStars Hand #246552865016: Tournament #3659428683, $0.92+$0.08 USD Hold'em No Limit - Level II (15/30) - 2023/10/15 20:59:02 CET [2023/10/15 14:59:02 ET]
Table '3659428683 1' 3-max Seat #2 is the button
Seat 2: dexter141275 (470 in chips) 
Seat 3: Mahu2021 (1030 in chips) 
dexter141275: posts small blind 15
Mahu2021: posts big blind 30
*** HOLE CARDS ***
Dealt to Mahu2021 [3d As]
dexter141275: calls 15
Mahu2021: checks 
*** FLOP *** [Ad 9d Jc]
Mahu2021: bets 30
dexter141275: folds 
Uncalled bet (30) returned to Mahu2021
Mahu2021 collected 60 from pot
Mahu2021: doesn't show hand 
*** SUMMARY ***
Total pot 60 | Rake 0 
Board [Ad 9d Jc]
Seat 2: dexter141275 (button) (small blind) folded on the Flop
Seat 3: Mahu2021 (big blind) collected (60)



PokerStars Hand #246552867512: Tournament #3659428683, $0.92+$0.08 USD Hold'em No Limit - Level II (15/30) - 2023/10/15 20:59:12 CET [2023/10/15 14:59:12 ET]
Table '3659428683 1' 3-max Seat #3 is the button
Seat 2: dexter141275 (440 in chips) 
Seat 3: Mahu2021 (1060 in chips) 
Mahu2021: posts small blind 15
dexter141275: posts big blind 30
*** HOLE CARDS ***
Dealt to Mahu2021 [7c 8d]
Mahu2021: calls 15
dexter141275: checks 
*** FLOP *** [Kd Qh 9c]
dexter141275: checks 
Mahu2021: checks 
*** TURN *** [Kd Qh 9c] [4c]
dexter141275: checks 
Mahu2021: bets 30
dexter141275: folds 
Uncalled bet (30) returned to Mahu2021
Mahu2021 collected 60 from pot
Mahu2021: doesn't show hand 
*** SUMMARY ***
Total pot 60 | Rake 0 
Board [Kd Qh 9c 4c]
Seat 2: dexter141275 (big blind) folded on the Turn
Seat 3: Mahu2021 (button) (small blind) collected (60)



PokerStars Hand #246552872130: Tournament #3659428683, $0.92+$0.08 USD Hold'em No Limit - Level II (15/30) - 2023/10/15 20:59:31 CET [2023/10/15 14:59:31 ET]
Table '3659428683 1' 3-max Seat #2 is the button
Seat 2: dexter141275 (410 in chips) 
Seat 3: Mahu2021 (1090 in chips) 
dexter141275: posts small blind 15
Mahu2021: posts big blind 30
*** HOLE CARDS ***
Dealt to Mahu2021 [Kc 7s]
dexter141275: raises 30 to 60
Mahu2021: folds 
Uncalled bet (30) returned to dexter141275
dexter141275 collected 60 from pot
dexter141275: doesn't show hand 
*** SUMMARY ***
Total pot 60 | Rake 0 
Seat 2: dexter141275 (button) (small blind) collected (60)
Seat 3: Mahu2021 (big blind) folded before Flop



PokerStars Hand #246552874878: Tournament #3659428683, $0.92+$0.08 USD Hold'em No Limit - Level III (20/40) - 2023/10/15 20:59:42 CET [2023/10/15 14:59:42 ET]
Table '3659428683 1' 3-max Seat #3 is the button
Seat 2: dexter141275 (440 in chips) 
Seat 3: Mahu2021 (1060 in chips) 
Mahu2021: posts small blind 20
dexter141275: posts big blind 40
*** HOLE CARDS ***
Dealt to Mahu2021 [5h Kh]
Mahu2021: raises 40 to 80
dexter141275: folds 
Uncalled bet (40) returned to Mahu2021
Mahu2021 collected 80 from pot
Mahu2021: doesn't show hand 
*** SUMMARY ***
Total pot 80 | Rake 0 
Seat 2: dexter141275 (big blind) folded before Flop
Seat 3: Mahu2021 (button) (small blind) collected (80)



PokerStars Hand #246552876376: Tournament #3659428683, $0.92+$0.08 USD Hold'em No Limit - Level III (20/40) - 2023/10/15 20:59:48 CET [2023/10/15 14:59:48 ET]
Table '3659428683 1' 3-max Seat #2 is the button
Seat 2: dexter141275 (400 in chips) 
Seat 3: Mahu2021 (1100 in chips) 
dexter141275: posts small blind 20
Mahu2021: posts big blind 40
*** HOLE CARDS ***
Dealt to Mahu2021 [Ts 5h]
dexter141275: folds 
Uncalled bet (20) returned to Mahu2021
Mahu2021 collected 40 from pot
Mahu2021: doesn't show hand 
*** SUMMARY ***
Total pot 40 | Rake 0 
Seat 2: dexter141275 (button) (small blind) folded before Flop
Seat 3: Mahu2021 (big blind) collected (40)



PokerStars Hand #246552877705: Tournament #3659428683, $0.92+$0.08 USD Hold'em No Limit - Level III (20/40) - 2023/10/15 20:59:53 CET [2023/10/15 14:59:53 ET]
Table '3659428683 1' 3-max Seat #3 is the button
Seat 2: dexter141275 (380 in chips) 
Seat 3: Mahu2021 (1120 in chips) 
Mahu2021: posts small blind 20
dexter141275: posts big blind 40
*** HOLE CARDS ***
Dealt to Mahu2021 [5h 3h]
Mahu2021: calls 20
dexter141275: checks 
*** FLOP *** [6h Kd 4c]
dexter141275: checks 
Mahu2021: bets 40
dexter141275: folds 
Uncalled bet (40) returned to Mahu2021
Mahu2021 collected 80 from pot
Mahu2021: doesn't show hand 
*** SUMMARY ***
Total pot 80 | Rake 0 
Board [6h Kd 4c]
Seat 2: dexter141275 (big blind) folded on the Flop
Seat 3: Mahu2021 (button) (small blind) collected (80)



PokerStars Hand #246552881503: Tournament #3659428683, $0.92+$0.08 USD Hold'em No Limit - Level III (20/40) - 2023/10/15 21:00:07 CET [2023/10/15 15:00:07 ET]
Table '3659428683 1' 3-max Seat #2 is the button
Seat 2: dexter141275 (340 in chips) 
Seat 3: Mahu2021 (1160 in chips) 
dexter141275: posts small blind 20
Mahu2021: posts big blind 40
*** HOLE CARDS ***
Dealt to Mahu2021 [Kd Ad]
dexter141275: calls 20
Mahu2021: raises 80 to 120
dexter141275: calls 80
*** FLOP *** [5s Qc 5h]
Mahu2021: bets 1040 and is all-in
dexter141275: folds 
Uncalled bet (1040) returned to Mahu2021
Mahu2021 collected 240 from pot
Mahu2021: doesn't show hand 
*** SUMMARY ***
Total pot 240 | Rake 0 
Board [5s Qc 5h]
Seat 2: dexter141275 (button) (small blind) folded on the Flop
Seat 3: Mahu2021 (big blind) collected (240)



PokerStars Hand #246552887102: Tournament #3659428683, $0.92+$0.08 USD Hold'em No Limit - Level III (20/40) - 2023/10/15 21:00:28 CET [2023/10/15 15:00:28 ET]
Table '3659428683 1' 3-max Seat #3 is the button
Seat 2: dexter141275 (220 in chips) 
Seat 3: Mahu2021 (1280 in chips) 
Mahu2021: posts small blind 20
dexter141275: posts big blind 40
*** HOLE CARDS ***
Dealt to Mahu2021 [Qh Jd]
Mahu2021: raises 40 to 80
dexter141275: folds 
Uncalled bet (40) returned to Mahu2021
Mahu2021 collected 80 from pot
Mahu2021: doesn't show hand 
*** SUMMARY ***
Total pot 80 | Rake 0 
Seat 2: dexter141275 (big blind) folded before Flop
Seat 3: Mahu2021 (button) (small blind) collected (80)



PokerStars Hand #246552888948: Tournament #3659428683, $0.92+$0.08 USD Hold'em No Limit - Level III (20/40) - 2023/10/15 21:00:35 CET [2023/10/15 15:00:35 ET]
Table '3659428683 1' 3-max Seat #2 is the button
Seat 2: dexter141275 (180 in chips) 
Seat 3: Mahu2021 (1320 in chips) 
dexter141275: posts small blind 20
Mahu2021: posts big blind 40
*** HOLE CARDS ***
Dealt to Mahu2021 [5d 6s]
dexter141275: raises 140 to 180 and is all-in
Mahu2021: folds 
Uncalled bet (140) returned to dexter141275
dexter141275 collected 80 from pot
dexter141275: doesn't show hand 
*** SUMMARY ***
Total pot 80 | Rake 0 
Seat 2: dexter141275 (button) (small blind) collected (80)
Seat 3: Mahu2021 (big blind) folded before Flop



PokerStars Hand #246552891047: Tournament #3659428683, $0.92+$0.08 USD Hold'em No Limit - Level III (20/40) - 2023/10/15 21:00:43 CET [2023/10/15 15:00:43 ET]
Table '3659428683 1' 3-max Seat #3 is the button
Seat 2: dexter141275 (220 in chips) 
Seat 3: Mahu2021 (1280 in chips) 
Mahu2021: posts small blind 20
dexter141275: posts big blind 40
*** HOLE CARDS ***
Dealt to Mahu2021 [9c 6d]
Mahu2021: folds 
Uncalled bet (20) returned to dexter141275
dexter141275 collected 40 from pot
dexter141275: doesn't show hand 
*** SUMMARY ***
Total pot 40 | Rake 0 
Seat 2: dexter141275 (big blind) collected (40)
Seat 3: Mahu2021 (button) (small blind) folded before Flop



PokerStars Hand #246552892191: Tournament #3659428683, $0.92+$0.08 USD Hold'em No Limit - Level III (20/40) - 2023/10/15 21:00:47 CET [2023/10/15 15:00:47 ET]
Table '3659428683 1' 3-max Seat #2 is the button
Seat 2: dexter141275 (240 in chips) 
Seat 3: Mahu2021 (1260 in chips) 
dexter141275: posts small blind 20
Mahu2021: posts big blind 40
*** HOLE CARDS ***
Dealt to Mahu2021 [7h 6c]
dexter141275: folds 
Uncalled bet (20) returned to Mahu2021
Mahu2021 collected 40 from pot
Mahu2021: doesn't show hand 
*** SUMMARY ***
Total pot 40 | Rake 0 
Seat 2: dexter141275 (button) (small blind) folded before Flop
Seat 3: Mahu2021 (big blind) collected (40)



PokerStars Hand #246552893475: Tournament #3659428683, $0.92+$0.08 USD Hold'em No Limit - Level III (20/40) - 2023/10/15 21:00:52 CET [2023/10/15 15:00:52 ET]
Table '3659428683 1' 3-max Seat #3 is the button
Seat 2: dexter141275 (220 in chips) 
Seat 3: Mahu2021 (1280 in chips) 
Mahu2021: posts small blind 20
dexter141275: posts big blind 40
*** HOLE CARDS ***
Dealt to Mahu2021 [6h Tc]
Mahu2021: folds 
Uncalled bet (20) returned to dexter141275
dexter141275 collected 40 from pot
dexter141275: doesn't show hand 
*** SUMMARY ***
Total pot 40 | Rake 0 
Seat 2: dexter141275 (big blind) collected (40)
Seat 3: Mahu2021 (button) (small blind) folded before Flop



PokerStars Hand #246552894614: Tournament #3659428683, $0.92+$0.08 USD Hold'em No Limit - Level III (20/40) - 2023/10/15 21:00:56 CET [2023/10/15 15:00:56 ET]
Table '3659428683 1' 3-max Seat #2 is the button
Seat 2: dexter141275 (240 in chips) 
Seat 3: Mahu2021 (1260 in chips) 
dexter141275: posts small blind 20
Mahu2021: posts big blind 40
*** HOLE CARDS ***
Dealt to Mahu2021 [9c Js]
dexter141275: folds 
Uncalled bet (20) returned to Mahu2021
Mahu2021 collected 40 from pot
Mahu2021: doesn't show hand 
*** SUMMARY ***
Total pot 40 | Rake 0 
Seat 2: dexter141275 (button) (small blind) folded before Flop
Seat 3: Mahu2021 (big blind) collected (40)



PokerStars Hand #246552896491: Tournament #3659428683, $0.92+$0.08 USD Hold'em No Limit - Level III (20/40) - 2023/10/15 21:01:03 CET [2023/10/15 15:01:03 ET]
Table '3659428683 1' 3-max Seat #3 is the button
Seat 2: dexter141275 (220 in chips) 
Seat 3: Mahu2021 (1280 in chips) 
Mahu2021: posts small blind 20
dexter141275: posts big blind 40
*** HOLE CARDS ***
Dealt to Mahu2021 [6s Js]
Mahu2021: calls 20
dexter141275: raises 180 to 220 and is all-in
Mahu2021: folds 
Uncalled bet (180) returned to dexter141275
dexter141275 collected 80 from pot
dexter141275: doesn't show hand 
*** SUMMARY ***
Total pot 80 | Rake 0 
Seat 2: dexter141275 (big blind) collected (80)
Seat 3: Mahu2021 (button) (small blind) folded before Flop



PokerStars Hand #246552898938: Tournament #3659428683, $0.92+$0.08 USD Hold'em No Limit - Level III (20/40) - 2023/10/15 21:01:11 CET [2023/10/15 15:01:11 ET]
Table '3659428683 1' 3-max Seat #2 is the button
Seat 2: dexter141275 (260 in chips) 
Seat 3: Mahu2021 (1240 in chips) 
dexter141275: posts small blind 20
Mahu2021: posts big blind 40
*** HOLE CARDS ***
Dealt to Mahu2021 [4d Tc]
dexter141275: folds 
Uncalled bet (20) returned to Mahu2021
Mahu2021 collected 40 from pot
Mahu2021: doesn't show hand 
*** SUMMARY ***
Total pot 40 | Rake 0 
Seat 2: dexter141275 (button) (small blind) folded before Flop
Seat 3: Mahu2021 (big blind) collected (40)



PokerStars Hand #246552900020: Tournament #3659428683, $0.92+$0.08 USD Hold'em No Limit - Level III (20/40) - 2023/10/15 21:01:14 CET [2023/10/15 15:01:14 ET]
Table '3659428683 1' 3-max Seat #3 is the button
Seat 2: dexter141275 (240 in chips) 
Seat 3: Mahu2021 (1260 in chips) 
Mahu2021: posts small blind 20
dexter141275: posts big blind 40
*** HOLE CARDS ***
Dealt to Mahu2021 [2c Ad]
Mahu2021: raises 1220 to 1260 and is all-in
dexter141275: calls 200 and is all-in
Uncalled bet (1020) returned to Mahu2021
*** FLOP *** [7s Js 5s]
*** TURN *** [7s Js 5s] [Td]
*** RIVER *** [7s Js 5s Td] [2s]
*** SHOW DOWN ***
dexter141275: shows [Jc Ks] (a flush, King high)
Mahu2021: shows [2c Ad] (a pair of Deuces)
dexter141275 collected 480 from pot
*** SUMMARY ***
Total pot 480 | Rake 0 
Board [7s Js 5s Td 2s]
Seat 2: dexter141275 (big blind) showed [Jc Ks] and won (480) with a flush, King high
Seat 3: Mahu2021 (button) (small blind) showed [2c Ad] and lost with a pair of Deuces



PokerStars Hand #246552903886: Tournament #3659428683, $0.92+$0.08 USD Hold'em No Limit - Level III (20/40) - 2023/10/15 21:01:27 CET [2023/10/15 15:01:27 ET]
Table '3659428683 1' 3-max Seat #2 is the button
Seat 2: dexter141275 (480 in chips) 
Seat 3: Mahu2021 (1020 in chips) 
dexter141275: posts small blind 20
Mahu2021: posts big blind 40
*** HOLE CARDS ***
Dealt to Mahu2021 [Js 3h]
dexter141275: raises 80 to 120
Mahu2021: folds 
Uncalled bet (80) returned to dexter141275
dexter141275 collected 80 from pot
dexter141275: doesn't show hand 
*** SUMMARY ***
Total pot 80 | Rake 0 
Seat 2: dexter141275 (button) (small blind) collected (80)
Seat 3: Mahu2021 (big blind) folded before Flop



PokerStars Hand #246552905841: Tournament #3659428683, $0.92+$0.08 USD Hold'em No Limit - Level III (20/40) - 2023/10/15 21:01:33 CET [2023/10/15 15:01:33 ET]
Table '3659428683 1' 3-max Seat #3 is the button
Seat 2: dexter141275 (520 in chips) 
Seat 3: Mahu2021 (980 in chips) 
Mahu2021: posts small blind 20
dexter141275: posts big blind 40
*** HOLE CARDS ***
Dealt to Mahu2021 [7s 3h]
Mahu2021: folds 
Uncalled bet (20) returned to dexter141275
dexter141275 collected 40 from pot
dexter141275: doesn't show hand 
*** SUMMARY ***
Total pot 40 | Rake 0 
Seat 2: dexter141275 (big blind) collected (40)
Seat 3: Mahu2021 (button) (small blind) folded before Flop



PokerStars Hand #246552907388: Tournament #3659428683, $0.92+$0.08 USD Hold'em No Limit - Level III (20/40) - 2023/10/15 21:01:38 CET [2023/10/15 15:01:38 ET]
Table '3659428683 1' 3-max Seat #2 is the button
Seat 2: dexter141275 (540 in chips) 
Seat 3: Mahu2021 (960 in chips) 
dexter141275: posts small blind 20
Mahu2021: posts big blind 40
*** HOLE CARDS ***
Dealt to Mahu2021 [4c 3s]
dexter141275: folds 
Uncalled bet (20) returned to Mahu2021
Mahu2021 collected 40 from pot
Mahu2021: doesn't show hand 
*** SUMMARY ***
Total pot 40 | Rake 0 
Seat 2: dexter141275 (button) (small blind) folded before Flop
Seat 3: Mahu2021 (big blind) collected (40)



PokerStars Hand #246552908660: Tournament #3659428683, $0.92+$0.08 USD Hold'em No Limit - Level III (20/40) - 2023/10/15 21:01:42 CET [2023/10/15 15:01:42 ET]
Table '3659428683 1' 3-max Seat #3 is the button
Seat 2: dexter141275 (520 in chips) 
Seat 3: Mahu2021 (980 in chips) 
Mahu2021: posts small blind 20
dexter141275: posts big blind 40
*** HOLE CARDS ***
Dealt to Mahu2021 [Qh 9c]
Mahu2021: calls 20
dexter141275: raises 80 to 120
Mahu2021: calls 80
*** FLOP *** [Ts 6s Kd]
dexter141275: bets 120
Mahu2021: folds 
Uncalled bet (120) returned to dexter141275
dexter141275 collected 240 from pot
dexter141275: doesn't show hand 
*** SUMMARY ***
Total pot 240 | Rake 0 
Board [Ts 6s Kd]
Seat 2: dexter141275 (big blind) collected (240)
Seat 3: Mahu2021 (button) (small blind) folded on the Flop



PokerStars Hand #246552914791: Tournament #3659428683, $0.92+$0.08 USD Hold'em No Limit - Level III (20/40) - 2023/10/15 21:02:01 CET [2023/10/15 15:02:01 ET]
Table '3659428683 1' 3-max Seat #2 is the button
Seat 2: dexter141275 (640 in chips) 
Seat 3: Mahu2021 (860 in chips) 
dexter141275: posts small blind 20
Mahu2021: posts big blind 40
*** HOLE CARDS ***
Dealt to Mahu2021 [Ks Qc]
dexter141275: calls 20
Mahu2021: raises 820 to 860 and is all-in
dexter141275: folds 
Uncalled bet (820) returned to Mahu2021
Mahu2021 collected 80 from pot
Mahu2021: doesn't show hand 
*** SUMMARY ***
Total pot 80 | Rake 0 
Seat 2: dexter141275 (button) (small blind) folded before Flop
Seat 3: Mahu2021 (big blind) collected (80)



PokerStars Hand #246552917155: Tournament #3659428683, $0.92+$0.08 USD Hold'em No Limit - Level III (20/40) - 2023/10/15 21:02:09 CET [2023/10/15 15:02:09 ET]
Table '3659428683 1' 3-max Seat #3 is the button
Seat 2: dexter141275 (600 in chips) 
Seat 3: Mahu2021 (900 in chips) 
Mahu2021: posts small blind 20
dexter141275: posts big blind 40
*** HOLE CARDS ***
Dealt to Mahu2021 [9c 4s]
Mahu2021: folds 
Uncalled bet (20) returned to dexter141275
dexter141275 collected 40 from pot
dexter141275: doesn't show hand 
*** SUMMARY ***
Total pot 40 | Rake 0 
Seat 2: dexter141275 (big blind) collected (40)
Seat 3: Mahu2021 (button) (small blind) folded before Flop



PokerStars Hand #246552918965: Tournament #3659428683, $0.92+$0.08 USD Hold'em No Limit - Level III (20/40) - 2023/10/15 21:02:14 CET [2023/10/15 15:02:14 ET]
Table '3659428683 1' 3-max Seat #2 is the button
Seat 2: dexter141275 (620 in chips) 
Seat 3: Mahu2021 (880 in chips) 
dexter141275: posts small blind 20
Mahu2021: posts big blind 40
*** HOLE CARDS ***
Dealt to Mahu2021 [7c Qh]
dexter141275: raises 80 to 120
Mahu2021: folds 
Uncalled bet (80) returned to dexter141275
dexter141275 collected 80 from pot
dexter141275: doesn't show hand 
*** SUMMARY ***
Total pot 80 | Rake 0 
Seat 2: dexter141275 (button) (small blind) collected (80)
Seat 3: Mahu2021 (big blind) folded before Flop



PokerStars Hand #246552921535: Tournament #3659428683, $0.92+$0.08 USD Hold'em No Limit - Level III (20/40) - 2023/10/15 21:02:21 CET [2023/10/15 15:02:21 ET]
Table '3659428683 1' 3-max Seat #3 is the button
Seat 2: dexter141275 (660 in chips) 
Seat 3: Mahu2021 (840 in chips) 
Mahu2021: posts small blind 20
dexter141275: posts big blind 40
*** HOLE CARDS ***
Dealt to Mahu2021 [7d 6h]
Mahu2021: raises 40 to 80
dexter141275: calls 40
*** FLOP *** [9d As 6c]
dexter141275: checks 
Mahu2021: bets 160
dexter141275: folds 
Uncalled bet (160) returned to Mahu2021
Mahu2021 collected 160 from pot
Mahu2021: doesn't show hand 
*** SUMMARY ***
Total pot 160 | Rake 0 
Board [9d As 6c]
Seat 2: dexter141275 (big blind) folded on the Flop
Seat 3: Mahu2021 (button) (small blind) collected (160)



PokerStars Hand #246552927375: Tournament #3659428683, $0.92+$0.08 USD Hold'em No Limit - Level IV (30/60) - 2023/10/15 21:02:37 CET [2023/10/15 15:02:37 ET]
Table '3659428683 1' 3-max Seat #2 is the button
Seat 2: dexter141275 (580 in chips) 
Seat 3: Mahu2021 (920 in chips) 
dexter141275: posts small blind 30
Mahu2021: posts big blind 60
*** HOLE CARDS ***
Dealt to Mahu2021 [7s 7d]
dexter141275: folds 
Uncalled bet (30) returned to Mahu2021
Mahu2021 collected 60 from pot
Mahu2021: doesn't show hand 
*** SUMMARY ***
Total pot 60 | Rake 0 
Seat 2: dexter141275 (button) (small blind) folded before Flop
Seat 3: Mahu2021 (big blind) collected (60)



PokerStars Hand #246552929070: Tournament #3659428683, $0.92+$0.08 USD Hold'em No Limit - Level IV (30/60) - 2023/10/15 21:02:42 CET [2023/10/15 15:02:42 ET]
Table '3659428683 1' 3-max Seat #3 is the button
Seat 2: dexter141275 (550 in chips) 
Seat 3: Mahu2021 (950 in chips) 
Mahu2021: posts small blind 30
dexter141275: posts big blind 60
*** HOLE CARDS ***
Dealt to Mahu2021 [5s 2d]
Mahu2021: folds 
Uncalled bet (30) returned to dexter141275
dexter141275 collected 60 from pot
dexter141275: doesn't show hand 
*** SUMMARY ***
Total pot 60 | Rake 0 
Seat 2: dexter141275 (big blind) collected (60)
Seat 3: Mahu2021 (button) (small blind) folded before Flop



PokerStars Hand #246552931030: Tournament #3659428683, $0.92+$0.08 USD Hold'em No Limit - Level IV (30/60) - 2023/10/15 21:02:46 CET [2023/10/15 15:02:46 ET]
Table '3659428683 1' 3-max Seat #2 is the button
Seat 2: dexter141275 (580 in chips) 
Seat 3: Mahu2021 (920 in chips) 
dexter141275: posts small blind 30
Mahu2021: posts big blind 60
*** HOLE CARDS ***
Dealt to Mahu2021 [3d 9s]
dexter141275: calls 30
Mahu2021: checks 
*** FLOP *** [Td 4c 8h]
Mahu2021: checks 
dexter141275: bets 60
Mahu2021: folds 
Uncalled bet (60) returned to dexter141275
dexter141275 collected 120 from pot
dexter141275: doesn't show hand 
*** SUMMARY ***
Total pot 120 | Rake 0 
Board [Td 4c 8h]
Seat 2: dexter141275 (button) (small blind) collected (120)
Seat 3: Mahu2021 (big blind) folded on the Flop



PokerStars Hand #246552934918: Tournament #3659428683, $0.92+$0.08 USD Hold'em No Limit - Level IV (30/60) - 2023/10/15 21:02:57 CET [2023/10/15 15:02:57 ET]
Table '3659428683 1' 3-max Seat #3 is the button
Seat 2: dexter141275 (640 in chips) 
Seat 3: Mahu2021 (860 in chips) 
Mahu2021: posts small blind 30
dexter141275: posts big blind 60
*** HOLE CARDS ***
Dealt to Mahu2021 [Ts Td]
Mahu2021: raises 60 to 120
dexter141275: raises 240 to 360
Mahu2021: raises 500 to 860 and is all-in
dexter141275: calls 280 and is all-in
Uncalled bet (220) returned to Mahu2021
*** FLOP *** [6d Ad 3h]
*** TURN *** [6d Ad 3h] [9h]
*** RIVER *** [6d Ad 3h 9h] [Kd]
*** SHOW DOWN ***
dexter141275: shows [9d Ks] (two pair, Kings and Nines)
Mahu2021: shows [Ts Td] (a pair of Tens)
dexter141275 collected 1280 from pot
*** SUMMARY ***
Total pot 1280 | Rake 0 
Board [6d Ad 3h 9h Kd]
Seat 2: dexter141275 (big blind) showed [9d Ks] and won (1280) with two pair, Kings and Nines
Seat 3: Mahu2021 (button) (small blind) showed [Ts Td] and lost with a pair of Tens



PokerStars Hand #246552942285: Tournament #3659428683, $0.92+$0.08 USD Hold'em No Limit - Level IV (30/60) - 2023/10/15 21:03:14 CET [2023/10/15 15:03:14 ET]
Table '3659428683 1' 3-max Seat #2 is the button
Seat 2: dexter141275 (1280 in chips) 
Seat 3: Mahu2021 (220 in chips) 
dexter141275: posts small blind 30
Mahu2021: posts big blind 60
*** HOLE CARDS ***
Dealt to Mahu2021 [4c Js]
dexter141275: raises 1220 to 1280 and is all-in
Mahu2021: calls 160 and is all-in
Uncalled bet (1060) returned to dexter141275
*** FLOP *** [5h Td 3h]
*** TURN *** [5h Td 3h] [3d]
*** RIVER *** [5h Td 3h 3d] [7s]
*** SHOW DOWN ***
Mahu2021: shows [4c Js] (a pair of Threes)
dexter141275: shows [Jh 8h] (a pair of Threes - Jack+Ten+Eight kicker)
dexter141275 collected 440 from pot
Mahu2021 finished the tournament in 2nd place
dexter141275 wins the tournament and receives $3.00 - congratulations!
*** SUMMARY ***
Total pot 440 | Rake 0 
Board [5h Td 3h 3d 7s]
Seat 2: dexter141275 (button) (small blind) showed [Jh 8h] and won (440) with a pair of Threes
Seat 3: Mahu2021 (big blind) showed [4c Js] and lost with a pair of Threes



