PokerStars Hand #249741108475: Tournament #3736359568, $1.84+$0.16 USD Hold'em No Limit - Level I (10/20) - 2024/04/01 17:02:00 CET [2024/04/01 11:02:00 ET]
Table '3736359568 1' 3-max Seat #1 is the button
Seat 1: Dunconian (500 in chips) 
Seat 2: Mahu2021 (500 in chips) 
Seat 3: Doek_plus (500 in chips) 
Mahu2021: posts small blind 10
Doek_plus: posts big blind 20
*** HOLE CARDS ***
Dealt to Mahu2021 [3d 4d]
Dunconian: raises 40 to 60
Mahu2021: folds 
Doek_plus: folds 
Uncalled bet (40) returned to Dunconian
Dunconian collected 50 from pot
*** SUMMARY ***
Total pot 50 | Rake 0 
Seat 1: Dunconian (button) collected (50)
Seat 2: Mahu2021 (small blind) folded before Flop
Seat 3: Doek_plus (big blind) folded before Flop



PokerStars Hand #249741111143: Tournament #3736359568, $1.84+$0.16 USD Hold'em No Limit - Level I (10/20) - 2024/04/01 17:02:10 CET [2024/04/01 11:02:10 ET]
Table '3736359568 1' 3-max Seat #2 is the button
Seat 1: Dunconian (530 in chips) 
Seat 2: Mahu2021 (490 in chips) 
Seat 3: Doek_plus (480 in chips) 
Doek_plus: posts small blind 10
Dunconian: posts big blind 20
*** HOLE CARDS ***
Dealt to Mahu2021 [4s 9d]
Mahu2021: folds 
Doek_plus: raises 20 to 40
Dunconian: raises 20 to 60
Doek_plus: calls 20
*** FLOP *** [Kd 4h Kc]
Doek_plus: checks 
Dunconian: bets 120
Doek_plus: folds 
Uncalled bet (120) returned to Dunconian
Dunconian collected 120 from pot
*** SUMMARY ***
Total pot 120 | Rake 0 
Board [Kd 4h Kc]
Seat 1: Dunconian (big blind) collected (120)
Seat 2: Mahu2021 (button) folded before Flop (didn't bet)
Seat 3: Doek_plus (small blind) folded on the Flop



PokerStars Hand #249741119298: Tournament #3736359568, $1.84+$0.16 USD Hold'em No Limit - Level I (10/20) - 2024/04/01 17:02:43 CET [2024/04/01 11:02:43 ET]
Table '3736359568 1' 3-max Seat #3 is the button
Seat 1: Dunconian (590 in chips) 
Seat 2: Mahu2021 (490 in chips) 
Seat 3: Doek_plus (420 in chips) 
Dunconian: posts small blind 10
Mahu2021: posts big blind 20
*** HOLE CARDS ***
Dealt to Mahu2021 [Ah Qh]
Doek_plus: raises 20 to 40
Dunconian: raises 20 to 60
Mahu2021: raises 430 to 490 and is all-in
Doek_plus: folds 
Dunconian: calls 430
*** FLOP *** [2c Jd 5h]
*** TURN *** [2c Jd 5h] [7s]
*** RIVER *** [2c Jd 5h 7s] [3d]
*** SHOW DOWN ***
Dunconian: shows [Tc Ad] (high card Ace)
Mahu2021: shows [Ah Qh] (high card Ace - Queen kicker)
Mahu2021 collected 1020 from pot
*** SUMMARY ***
Total pot 1020 | Rake 0 
Board [2c Jd 5h 7s 3d]
Seat 1: Dunconian (small blind) showed [Tc Ad] and lost with high card Ace
Seat 2: Mahu2021 (big blind) showed [Ah Qh] and won (1020) with high card Ace
Seat 3: Doek_plus (button) folded before Flop



PokerStars Hand #249741125355: Tournament #3736359568, $1.84+$0.16 USD Hold'em No Limit - Level I (10/20) - 2024/04/01 17:03:08 CET [2024/04/01 11:03:08 ET]
Table '3736359568 1' 3-max Seat #1 is the button
Seat 1: Dunconian (100 in chips) 
Seat 2: Mahu2021 (1020 in chips) 
Seat 3: Doek_plus (380 in chips) 
Mahu2021: posts small blind 10
Doek_plus: posts big blind 20
*** HOLE CARDS ***
Dealt to Mahu2021 [4h 2s]
Dunconian: folds 
Mahu2021: folds 
Uncalled bet (10) returned to Doek_plus
Doek_plus collected 20 from pot
Doek_plus: doesn't show hand 
*** SUMMARY ***
Total pot 20 | Rake 0 
Seat 1: Dunconian (button) folded before Flop (didn't bet)
Seat 2: Mahu2021 (small blind) folded before Flop
Seat 3: Doek_plus (big blind) collected (20)



PokerStars Hand #249741126625: Tournament #3736359568, $1.84+$0.16 USD Hold'em No Limit - Level I (10/20) - 2024/04/01 17:03:13 CET [2024/04/01 11:03:13 ET]
Table '3736359568 1' 3-max Seat #2 is the button
Seat 1: Dunconian (100 in chips) 
Seat 2: Mahu2021 (1010 in chips) 
Seat 3: Doek_plus (390 in chips) 
Doek_plus: posts small blind 10
Dunconian: posts big blind 20
*** HOLE CARDS ***
Dealt to Mahu2021 [7d 5s]
Mahu2021: folds 
Doek_plus: folds 
Uncalled bet (10) returned to Dunconian
Dunconian collected 20 from pot
*** SUMMARY ***
Total pot 20 | Rake 0 
Seat 1: Dunconian (big blind) collected (20)
Seat 2: Mahu2021 (button) folded before Flop (didn't bet)
Seat 3: Doek_plus (small blind) folded before Flop



PokerStars Hand #249741127807: Tournament #3736359568, $1.84+$0.16 USD Hold'em No Limit - Level I (10/20) - 2024/04/01 17:03:18 CET [2024/04/01 11:03:18 ET]
Table '3736359568 1' 3-max Seat #3 is the button
Seat 1: Dunconian (110 in chips) 
Seat 2: Mahu2021 (1010 in chips) 
Seat 3: Doek_plus (380 in chips) 
Dunconian: posts small blind 10
Mahu2021: posts big blind 20
*** HOLE CARDS ***
Dealt to Mahu2021 [Td Js]
Doek_plus: folds 
Dunconian: raises 90 to 110 and is all-in
Mahu2021: calls 90
*** FLOP *** [7s 4c 6h]
*** TURN *** [7s 4c 6h] [Jc]
*** RIVER *** [7s 4c 6h Jc] [Ks]
*** SHOW DOWN ***
Dunconian: shows [8c Kc] (a pair of Kings)
Mahu2021: shows [Td Js] (a pair of Jacks)
Dunconian collected 220 from pot
*** SUMMARY ***
Total pot 220 | Rake 0 
Board [7s 4c 6h Jc Ks]
Seat 1: Dunconian (small blind) showed [8c Kc] and won (220) with a pair of Kings
Seat 2: Mahu2021 (big blind) showed [Td Js] and lost with a pair of Jacks
Seat 3: Doek_plus (button) folded before Flop (didn't bet)



PokerStars Hand #249741132232: Tournament #3736359568, $1.84+$0.16 USD Hold'em No Limit - Level I (10/20) - 2024/04/01 17:03:35 CET [2024/04/01 11:03:35 ET]
Table '3736359568 1' 3-max Seat #1 is the button
Seat 1: Dunconian (220 in chips) 
Seat 2: Mahu2021 (900 in chips) 
Seat 3: Doek_plus (380 in chips) 
Mahu2021: posts small blind 10
Doek_plus: posts big blind 20
*** HOLE CARDS ***
Dealt to Mahu2021 [Kh 3c]
Dunconian: folds 
Mahu2021: calls 10
Doek_plus: raises 40 to 60
Mahu2021: folds 
Uncalled bet (40) returned to Doek_plus
Doek_plus collected 40 from pot
Doek_plus: doesn't show hand 
*** SUMMARY ***
Total pot 40 | Rake 0 
Seat 1: Dunconian (button) folded before Flop (didn't bet)
Seat 2: Mahu2021 (small blind) folded before Flop
Seat 3: Doek_plus (big blind) collected (40)



PokerStars Hand #249741135809: Tournament #3736359568, $1.84+$0.16 USD Hold'em No Limit - Level I (10/20) - 2024/04/01 17:03:50 CET [2024/04/01 11:03:50 ET]
Table '3736359568 1' 3-max Seat #2 is the button
Seat 1: Dunconian (220 in chips) 
Seat 2: Mahu2021 (880 in chips) 
Seat 3: Doek_plus (400 in chips) 
Doek_plus: posts small blind 10
Dunconian: posts big blind 20
*** HOLE CARDS ***
Dealt to Mahu2021 [Jc 3h]
Mahu2021: folds 
Doek_plus: folds 
Uncalled bet (10) returned to Dunconian
Dunconian collected 20 from pot
*** SUMMARY ***
Total pot 20 | Rake 0 
Seat 1: Dunconian (big blind) collected (20)
Seat 2: Mahu2021 (button) folded before Flop (didn't bet)
Seat 3: Doek_plus (small blind) folded before Flop



PokerStars Hand #249741139142: Tournament #3736359568, $1.84+$0.16 USD Hold'em No Limit - Level I (10/20) - 2024/04/01 17:04:03 CET [2024/04/01 11:04:03 ET]
Table '3736359568 1' 3-max Seat #3 is the button
Seat 1: Dunconian (230 in chips) 
Seat 2: Mahu2021 (880 in chips) 
Seat 3: Doek_plus (390 in chips) 
Dunconian: posts small blind 10
Mahu2021: posts big blind 20
*** HOLE CARDS ***
Dealt to Mahu2021 [4c 2c]
Doek_plus: raises 20 to 40
Dunconian: folds 
Mahu2021: calls 20
*** FLOP *** [Js 2h 2d]
Mahu2021: checks 
Doek_plus: checks 
*** TURN *** [Js 2h 2d] [Qc]
Mahu2021: bets 40
Doek_plus: folds 
Uncalled bet (40) returned to Mahu2021
Mahu2021 collected 90 from pot
Mahu2021: doesn't show hand 
*** SUMMARY ***
Total pot 90 | Rake 0 
Board [Js 2h 2d Qc]
Seat 1: Dunconian (small blind) folded before Flop
Seat 2: Mahu2021 (big blind) collected (90)
Seat 3: Doek_plus (button) folded on the Turn



PokerStars Hand #249741146492: Tournament #3736359568, $1.84+$0.16 USD Hold'em No Limit - Level I (10/20) - 2024/04/01 17:04:33 CET [2024/04/01 11:04:33 ET]
Table '3736359568 1' 3-max Seat #1 is the button
Seat 1: Dunconian (220 in chips) 
Seat 2: Mahu2021 (930 in chips) 
Seat 3: Doek_plus (350 in chips) 
Mahu2021: posts small blind 10
Doek_plus: posts big blind 20
*** HOLE CARDS ***
Dealt to Mahu2021 [6d 8s]
Dunconian: raises 20 to 40
Mahu2021: folds 
Doek_plus: raises 310 to 350 and is all-in
Dunconian: calls 180 and is all-in
Uncalled bet (130) returned to Doek_plus
*** FLOP *** [Qh 9h Td]
*** TURN *** [Qh 9h Td] [2h]
*** RIVER *** [Qh 9h Td 2h] [7s]
*** SHOW DOWN ***
Doek_plus: shows [5h 5s] (a pair of Fives)
Dunconian: shows [Jd Tc] (a pair of Tens)
Dunconian collected 450 from pot
*** SUMMARY ***
Total pot 450 | Rake 0 
Board [Qh 9h Td 2h 7s]
Seat 1: Dunconian (button) showed [Jd Tc] and won (450) with a pair of Tens
Seat 2: Mahu2021 (small blind) folded before Flop
Seat 3: Doek_plus (big blind) showed [5h 5s] and lost with a pair of Fives



PokerStars Hand #249741152023: Tournament #3736359568, $1.84+$0.16 USD Hold'em No Limit - Level I (10/20) - 2024/04/01 17:04:55 CET [2024/04/01 11:04:55 ET]
Table '3736359568 1' 3-max Seat #2 is the button
Seat 1: Dunconian (450 in chips) 
Seat 2: Mahu2021 (920 in chips) 
Seat 3: Doek_plus (130 in chips) 
Doek_plus: posts small blind 10
Dunconian: posts big blind 20
*** HOLE CARDS ***
Dealt to Mahu2021 [4s Ts]
Mahu2021: folds 
Doek_plus: raises 110 to 130 and is all-in
Dunconian: folds 
Uncalled bet (110) returned to Doek_plus
Doek_plus collected 40 from pot
Doek_plus: doesn't show hand 
*** SUMMARY ***
Total pot 40 | Rake 0 
Seat 1: Dunconian (big blind) folded before Flop
Seat 2: Mahu2021 (button) folded before Flop (didn't bet)
Seat 3: Doek_plus (small blind) collected (40)



PokerStars Hand #249741156511: Tournament #3736359568, $1.84+$0.16 USD Hold'em No Limit - Level II (15/30) - 2024/04/01 17:05:13 CET [2024/04/01 11:05:13 ET]
Table '3736359568 1' 3-max Seat #3 is the button
Seat 1: Dunconian (430 in chips) 
Seat 2: Mahu2021 (920 in chips) 
Seat 3: Doek_plus (150 in chips) 
Dunconian: posts small blind 15
Mahu2021: posts big blind 30
*** HOLE CARDS ***
Dealt to Mahu2021 [Tc 6h]
Doek_plus: folds 
Dunconian: folds 
Uncalled bet (15) returned to Mahu2021
Mahu2021 collected 30 from pot
Mahu2021: doesn't show hand 
*** SUMMARY ***
Total pot 30 | Rake 0 
Seat 1: Dunconian (small blind) folded before Flop
Seat 2: Mahu2021 (big blind) collected (30)
Seat 3: Doek_plus (button) folded before Flop (didn't bet)



PokerStars Hand #249741159137: Tournament #3736359568, $1.84+$0.16 USD Hold'em No Limit - Level II (15/30) - 2024/04/01 17:05:24 CET [2024/04/01 11:05:24 ET]
Table '3736359568 1' 3-max Seat #1 is the button
Seat 1: Dunconian (415 in chips) 
Seat 2: Mahu2021 (935 in chips) 
Seat 3: Doek_plus (150 in chips) 
Mahu2021: posts small blind 15
Doek_plus: posts big blind 30
*** HOLE CARDS ***
Dealt to Mahu2021 [Kh Qd]
Dunconian: calls 30
Mahu2021: calls 15
Doek_plus: checks 
*** FLOP *** [8c 3h 2d]
Mahu2021: checks 
Doek_plus: checks 
Dunconian: checks 
*** TURN *** [8c 3h 2d] [5s]
Mahu2021: checks 
Doek_plus: checks 
Dunconian: bets 90
Mahu2021: folds 
Doek_plus: raises 30 to 120 and is all-in
Dunconian: calls 30
*** RIVER *** [8c 3h 2d 5s] [5d]
*** SHOW DOWN ***
Doek_plus: shows [8d 4s] (two pair, Eights and Fives)
Dunconian: shows [7h Ks] (a pair of Fives)
Doek_plus collected 330 from pot
*** SUMMARY ***
Total pot 330 | Rake 0 
Board [8c 3h 2d 5s 5d]
Seat 1: Dunconian (button) showed [7h Ks] and lost with a pair of Fives
Seat 2: Mahu2021 (small blind) folded on the Turn
Seat 3: Doek_plus (big blind) showed [8d 4s] and won (330) with two pair, Eights and Fives



PokerStars Hand #249741170300: Tournament #3736359568, $1.84+$0.16 USD Hold'em No Limit - Level II (15/30) - 2024/04/01 17:06:08 CET [2024/04/01 11:06:08 ET]
Table '3736359568 1' 3-max Seat #2 is the button
Seat 1: Dunconian (265 in chips) 
Seat 2: Mahu2021 (905 in chips) 
Seat 3: Doek_plus (330 in chips) 
Doek_plus: posts small blind 15
Dunconian: posts big blind 30
*** HOLE CARDS ***
Dealt to Mahu2021 [Js 6d]
Mahu2021: folds 
Doek_plus: folds 
Uncalled bet (15) returned to Dunconian
Dunconian collected 30 from pot
*** SUMMARY ***
Total pot 30 | Rake 0 
Seat 1: Dunconian (big blind) collected (30)
Seat 2: Mahu2021 (button) folded before Flop (didn't bet)
Seat 3: Doek_plus (small blind) folded before Flop



PokerStars Hand #249741171949: Tournament #3736359568, $1.84+$0.16 USD Hold'em No Limit - Level II (15/30) - 2024/04/01 17:06:15 CET [2024/04/01 11:06:15 ET]
Table '3736359568 1' 3-max Seat #3 is the button
Seat 1: Dunconian (280 in chips) 
Seat 2: Mahu2021 (905 in chips) 
Seat 3: Doek_plus (315 in chips) 
Dunconian: posts small blind 15
Mahu2021: posts big blind 30
*** HOLE CARDS ***
Dealt to Mahu2021 [Kc 5c]
Doek_plus: folds 
Dunconian: folds 
Uncalled bet (15) returned to Mahu2021
Mahu2021 collected 30 from pot
Mahu2021: doesn't show hand 
*** SUMMARY ***
Total pot 30 | Rake 0 
Seat 1: Dunconian (small blind) folded before Flop
Seat 2: Mahu2021 (big blind) collected (30)
Seat 3: Doek_plus (button) folded before Flop (didn't bet)



PokerStars Hand #249741174042: Tournament #3736359568, $1.84+$0.16 USD Hold'em No Limit - Level II (15/30) - 2024/04/01 17:06:23 CET [2024/04/01 11:06:23 ET]
Table '3736359568 1' 3-max Seat #1 is the button
Seat 1: Dunconian (265 in chips) 
Seat 2: Mahu2021 (920 in chips) 
Seat 3: Doek_plus (315 in chips) 
Mahu2021: posts small blind 15
Doek_plus: posts big blind 30
*** HOLE CARDS ***
Dealt to Mahu2021 [7d 4s]
Dunconian: raises 30 to 60
Mahu2021: folds 
Doek_plus: folds 
Uncalled bet (30) returned to Dunconian
Dunconian collected 75 from pot
*** SUMMARY ***
Total pot 75 | Rake 0 
Seat 1: Dunconian (button) collected (75)
Seat 2: Mahu2021 (small blind) folded before Flop
Seat 3: Doek_plus (big blind) folded before Flop



PokerStars Hand #249741176095: Tournament #3736359568, $1.84+$0.16 USD Hold'em No Limit - Level II (15/30) - 2024/04/01 17:06:31 CET [2024/04/01 11:06:31 ET]
Table '3736359568 1' 3-max Seat #2 is the button
Seat 1: Dunconian (310 in chips) 
Seat 2: Mahu2021 (905 in chips) 
Seat 3: Doek_plus (285 in chips) 
Doek_plus: posts small blind 15
Dunconian: posts big blind 30
*** HOLE CARDS ***
Dealt to Mahu2021 [8c 7d]
Mahu2021: folds 
Doek_plus: folds 
Uncalled bet (15) returned to Dunconian
Dunconian collected 30 from pot
*** SUMMARY ***
Total pot 30 | Rake 0 
Seat 1: Dunconian (big blind) collected (30)
Seat 2: Mahu2021 (button) folded before Flop (didn't bet)
Seat 3: Doek_plus (small blind) folded before Flop



PokerStars Hand #249741178527: Tournament #3736359568, $1.84+$0.16 USD Hold'em No Limit - Level II (15/30) - 2024/04/01 17:06:41 CET [2024/04/01 11:06:41 ET]
Table '3736359568 1' 3-max Seat #3 is the button
Seat 1: Dunconian (325 in chips) 
Seat 2: Mahu2021 (905 in chips) 
Seat 3: Doek_plus (270 in chips) 
Dunconian: posts small blind 15
Mahu2021: posts big blind 30
*** HOLE CARDS ***
Dealt to Mahu2021 [4d 3h]
Doek_plus: folds 
Dunconian: calls 15
Mahu2021: checks 
*** FLOP *** [5h 9s 2c]
Dunconian: checks 
Mahu2021: bets 60
Dunconian: folds 
Uncalled bet (60) returned to Mahu2021
Mahu2021 collected 60 from pot
Mahu2021: doesn't show hand 
*** SUMMARY ***
Total pot 60 | Rake 0 
Board [5h 9s 2c]
Seat 1: Dunconian (small blind) folded on the Flop
Seat 2: Mahu2021 (big blind) collected (60)
Seat 3: Doek_plus (button) folded before Flop (didn't bet)



PokerStars Hand #249741183305: Tournament #3736359568, $1.84+$0.16 USD Hold'em No Limit - Level II (15/30) - 2024/04/01 17:07:00 CET [2024/04/01 11:07:00 ET]
Table '3736359568 1' 3-max Seat #1 is the button
Seat 1: Dunconian (295 in chips) 
Seat 2: Mahu2021 (935 in chips) 
Seat 3: Doek_plus (270 in chips) 
Mahu2021: posts small blind 15
Doek_plus: posts big blind 30
*** HOLE CARDS ***
Dealt to Mahu2021 [5d 2d]
Dunconian: folds 
Mahu2021: calls 15
Doek_plus: checks 
*** FLOP *** [8s 3h 8c]
Mahu2021: checks 
Doek_plus: checks 
*** TURN *** [8s 3h 8c] [Jd]
Mahu2021: checks 
Doek_plus: bets 30
Mahu2021: folds 
Uncalled bet (30) returned to Doek_plus
Doek_plus collected 60 from pot
Doek_plus: doesn't show hand 
*** SUMMARY ***
Total pot 60 | Rake 0 
Board [8s 3h 8c Jd]
Seat 1: Dunconian (button) folded before Flop (didn't bet)
Seat 2: Mahu2021 (small blind) folded on the Turn
Seat 3: Doek_plus (big blind) collected (60)



PokerStars Hand #249741188948: Tournament #3736359568, $1.84+$0.16 USD Hold'em No Limit - Level II (15/30) - 2024/04/01 17:07:23 CET [2024/04/01 11:07:23 ET]
Table '3736359568 1' 3-max Seat #2 is the button
Seat 1: Dunconian (295 in chips) 
Seat 2: Mahu2021 (905 in chips) 
Seat 3: Doek_plus (300 in chips) 
Doek_plus: posts small blind 15
Dunconian: posts big blind 30
*** HOLE CARDS ***
Dealt to Mahu2021 [Ts Td]
Mahu2021: calls 30
Doek_plus: folds 
Dunconian: checks 
*** FLOP *** [7s 4s Qc]
Dunconian: bets 30
Mahu2021: calls 30
*** TURN *** [7s 4s Qc] [Ad]
Dunconian: checks 
Mahu2021: bets 135
Dunconian: folds 
Uncalled bet (135) returned to Mahu2021
Mahu2021 collected 135 from pot
Mahu2021: doesn't show hand 
*** SUMMARY ***
Total pot 135 | Rake 0 
Board [7s 4s Qc Ad]
Seat 1: Dunconian (big blind) folded on the Turn
Seat 2: Mahu2021 (button) collected (135)
Seat 3: Doek_plus (small blind) folded before Flop



PokerStars Hand #249741195481: Tournament #3736359568, $1.84+$0.16 USD Hold'em No Limit - Level II (15/30) - 2024/04/01 17:07:49 CET [2024/04/01 11:07:49 ET]
Table '3736359568 1' 3-max Seat #3 is the button
Seat 1: Dunconian (235 in chips) 
Seat 2: Mahu2021 (980 in chips) 
Seat 3: Doek_plus (285 in chips) 
Dunconian: posts small blind 15
Mahu2021: posts big blind 30
*** HOLE CARDS ***
Dealt to Mahu2021 [4s Ad]
Doek_plus: raises 255 to 285 and is all-in
Dunconian: folds 
Mahu2021: folds 
Uncalled bet (255) returned to Doek_plus
Doek_plus collected 75 from pot
Doek_plus: doesn't show hand 
*** SUMMARY ***
Total pot 75 | Rake 0 
Seat 1: Dunconian (small blind) folded before Flop
Seat 2: Mahu2021 (big blind) folded before Flop
Seat 3: Doek_plus (button) collected (75)



PokerStars Hand #249741199311: Tournament #3736359568, $1.84+$0.16 USD Hold'em No Limit - Level III (20/40) - 2024/04/01 17:08:04 CET [2024/04/01 11:08:04 ET]
Table '3736359568 1' 3-max Seat #1 is the button
Seat 1: Dunconian (220 in chips) 
Seat 2: Mahu2021 (950 in chips) 
Seat 3: Doek_plus (330 in chips) 
Mahu2021: posts small blind 20
Doek_plus: posts big blind 40
*** HOLE CARDS ***
Dealt to Mahu2021 [Td 3d]
Dunconian: raises 80 to 120
Mahu2021: folds 
Doek_plus: folds 
Uncalled bet (80) returned to Dunconian
Dunconian collected 100 from pot
*** SUMMARY ***
Total pot 100 | Rake 0 
Seat 1: Dunconian (button) collected (100)
Seat 2: Mahu2021 (small blind) folded before Flop
Seat 3: Doek_plus (big blind) folded before Flop



PokerStars Hand #249741202606: Tournament #3736359568, $1.84+$0.16 USD Hold'em No Limit - Level III (20/40) - 2024/04/01 17:08:18 CET [2024/04/01 11:08:18 ET]
Table '3736359568 1' 3-max Seat #2 is the button
Seat 1: Dunconian (280 in chips) 
Seat 2: Mahu2021 (930 in chips) 
Seat 3: Doek_plus (290 in chips) 
Doek_plus: posts small blind 20
Dunconian: posts big blind 40
*** HOLE CARDS ***
Dealt to Mahu2021 [Jh 9d]
Mahu2021: calls 40
Doek_plus: raises 250 to 290 and is all-in
Dunconian: folds 
Mahu2021: folds 
Uncalled bet (250) returned to Doek_plus
Doek_plus collected 120 from pot
Doek_plus: doesn't show hand 
*** SUMMARY ***
Total pot 120 | Rake 0 
Seat 1: Dunconian (big blind) folded before Flop
Seat 2: Mahu2021 (button) folded before Flop
Seat 3: Doek_plus (small blind) collected (120)



PokerStars Hand #249741208378: Tournament #3736359568, $1.84+$0.16 USD Hold'em No Limit - Level III (20/40) - 2024/04/01 17:08:40 CET [2024/04/01 11:08:40 ET]
Table '3736359568 1' 3-max Seat #3 is the button
Seat 1: Dunconian (240 in chips) 
Seat 2: Mahu2021 (890 in chips) 
Seat 3: Doek_plus (370 in chips) 
Dunconian: posts small blind 20
Mahu2021: posts big blind 40
*** HOLE CARDS ***
Dealt to Mahu2021 [6d 8s]
Doek_plus: folds 
Dunconian: folds 
Uncalled bet (20) returned to Mahu2021
Mahu2021 collected 40 from pot
Mahu2021: doesn't show hand 
*** SUMMARY ***
Total pot 40 | Rake 0 
Seat 1: Dunconian (small blind) folded before Flop
Seat 2: Mahu2021 (big blind) collected (40)
Seat 3: Doek_plus (button) folded before Flop (didn't bet)



PokerStars Hand #249741210222: Tournament #3736359568, $1.84+$0.16 USD Hold'em No Limit - Level III (20/40) - 2024/04/01 17:08:48 CET [2024/04/01 11:08:48 ET]
Table '3736359568 1' 3-max Seat #1 is the button
Seat 1: Dunconian (220 in chips) 
Seat 2: Mahu2021 (910 in chips) 
Seat 3: Doek_plus (370 in chips) 
Mahu2021: posts small blind 20
Doek_plus: posts big blind 40
*** HOLE CARDS ***
Dealt to Mahu2021 [7s 4d]
Dunconian: calls 40
Mahu2021: folds 
Doek_plus: checks 
*** FLOP *** [6d Js Jc]
Doek_plus: checks 
Dunconian: bets 180 and is all-in
Doek_plus: folds 
Uncalled bet (180) returned to Dunconian
Dunconian collected 100 from pot
*** SUMMARY ***
Total pot 100 | Rake 0 
Board [6d Js Jc]
Seat 1: Dunconian (button) collected (100)
Seat 2: Mahu2021 (small blind) folded before Flop
Seat 3: Doek_plus (big blind) folded on the Flop



PokerStars Hand #249741216385: Tournament #3736359568, $1.84+$0.16 USD Hold'em No Limit - Level III (20/40) - 2024/04/01 17:09:13 CET [2024/04/01 11:09:13 ET]
Table '3736359568 1' 3-max Seat #2 is the button
Seat 1: Dunconian (280 in chips) 
Seat 2: Mahu2021 (890 in chips) 
Seat 3: Doek_plus (330 in chips) 
Doek_plus: posts small blind 20
Dunconian: posts big blind 40
*** HOLE CARDS ***
Dealt to Mahu2021 [Ac 4s]
Mahu2021: calls 40
Doek_plus: calls 20
Dunconian: checks 
*** FLOP *** [5d 7d 4c]
Doek_plus: checks 
Dunconian: bets 40
Mahu2021: calls 40
Doek_plus: folds 
*** TURN *** [5d 7d 4c] [3c]
Dunconian: bets 40
Mahu2021: calls 40
*** RIVER *** [5d 7d 4c 3c] [Jd]
Dunconian: bets 140
Mahu2021: folds 
Uncalled bet (140) returned to Dunconian
Dunconian collected 280 from pot
*** SUMMARY ***
Total pot 280 | Rake 0 
Board [5d 7d 4c 3c Jd]
Seat 1: Dunconian (big blind) collected (280)
Seat 2: Mahu2021 (button) folded on the River
Seat 3: Doek_plus (small blind) folded on the Flop



PokerStars Hand #249741225002: Tournament #3736359568, $1.84+$0.16 USD Hold'em No Limit - Level III (20/40) - 2024/04/01 17:09:47 CET [2024/04/01 11:09:47 ET]
Table '3736359568 1' 3-max Seat #3 is the button
Seat 1: Dunconian (440 in chips) 
Seat 2: Mahu2021 (770 in chips) 
Seat 3: Doek_plus (290 in chips) 
Dunconian: posts small blind 20
Mahu2021: posts big blind 40
*** HOLE CARDS ***
Dealt to Mahu2021 [Ad 7s]
Doek_plus: folds 
Dunconian: raises 40 to 80
Mahu2021: raises 690 to 770 and is all-in
Dunconian: calls 360 and is all-in
Uncalled bet (330) returned to Mahu2021
*** FLOP *** [4c 2s 9c]
*** TURN *** [4c 2s 9c] [8s]
*** RIVER *** [4c 2s 9c 8s] [Th]
*** SHOW DOWN ***
Dunconian: shows [8d 8c] (three of a kind, Eights)
Mahu2021: shows [Ad 7s] (high card Ace)
Dunconian collected 880 from pot
*** SUMMARY ***
Total pot 880 | Rake 0 
Board [4c 2s 9c 8s Th]
Seat 1: Dunconian (small blind) showed [8d 8c] and won (880) with three of a kind, Eights
Seat 2: Mahu2021 (big blind) showed [Ad 7s] and lost with high card Ace
Seat 3: Doek_plus (button) folded before Flop (didn't bet)



PokerStars Hand #249741230044: Tournament #3736359568, $1.84+$0.16 USD Hold'em No Limit - Level III (20/40) - 2024/04/01 17:10:07 CET [2024/04/01 11:10:07 ET]
Table '3736359568 1' 3-max Seat #1 is the button
Seat 1: Dunconian (880 in chips) 
Seat 2: Mahu2021 (330 in chips) 
Seat 3: Doek_plus (290 in chips) 
Mahu2021: posts small blind 20
Doek_plus: posts big blind 40
*** HOLE CARDS ***
Dealt to Mahu2021 [Qh Ks]
Dunconian: folds 
Mahu2021: raises 290 to 330 and is all-in
Doek_plus: calls 250 and is all-in
Uncalled bet (40) returned to Mahu2021
*** FLOP *** [Ah 8d 6c]
*** TURN *** [Ah 8d 6c] [As]
*** RIVER *** [Ah 8d 6c As] [Jd]
*** SHOW DOWN ***
Mahu2021: shows [Qh Ks] (a pair of Aces)
Doek_plus: shows [Ts Js] (two pair, Aces and Jacks)
Doek_plus collected 580 from pot
*** SUMMARY ***
Total pot 580 | Rake 0 
Board [Ah 8d 6c As Jd]
Seat 1: Dunconian (button) folded before Flop (didn't bet)
Seat 2: Mahu2021 (small blind) showed [Qh Ks] and lost with a pair of Aces
Seat 3: Doek_plus (big blind) showed [Ts Js] and won (580) with two pair, Aces and Jacks



PokerStars Hand #249741234764: Tournament #3736359568, $1.84+$0.16 USD Hold'em No Limit - Level III (20/40) - 2024/04/01 17:10:26 CET [2024/04/01 11:10:26 ET]
Table '3736359568 1' 3-max Seat #2 is the button
Seat 1: Dunconian (880 in chips) 
Seat 2: Mahu2021 (40 in chips) 
Seat 3: Doek_plus (580 in chips) 
Doek_plus: posts small blind 20
Dunconian: posts big blind 40
*** HOLE CARDS ***
Dealt to Mahu2021 [Ts 3d]
Mahu2021: calls 40 and is all-in
Doek_plus: folds 
*** FLOP *** [Jh 9c Ah]
*** TURN *** [Jh 9c Ah] [6d]
*** RIVER *** [Jh 9c Ah 6d] [4c]
*** SHOW DOWN ***
Dunconian: shows [Kh As] (a pair of Aces)
Mahu2021: shows [Ts 3d] (high card Ace)
Dunconian collected 100 from pot
Mahu2021 finished the tournament in 3rd place
*** SUMMARY ***
Total pot 100 | Rake 0 
Board [Jh 9c Ah 6d 4c]
Seat 1: Dunconian (big blind) showed [Kh As] and won (100) with a pair of Aces
Seat 2: Mahu2021 (button) showed [Ts 3d] and lost with high card Ace
Seat 3: Doek_plus (small blind) folded before Flop



