PokerStars Hand #253206746877: Tournament #3818958023, $1.84+$0.16 USD Hold'em No Limit - Level I (10/20) - 2024/11/01 21:41:35 CET [2024/11/01 16:41:35 ET]
Table '3818958023 1' 3-max Seat #1 is the button
Seat 1: patsygirl500 (500 in chips) 
Seat 2: Mahu2021 (500 in chips) 
Seat 3: OrlaBent (500 in chips) 
Mahu2021: posts small blind 10
OrlaBent: posts big blind 20
*** HOLE CARDS ***
Dealt to Mahu2021 [7d 5s]
patsygirl500: folds 
Mahu2021: folds 
Uncalled bet (10) returned to OrlaBent
OrlaBent collected 20 from pot
*** SUMMARY ***
Total pot 20 | Rake 0 
Seat 1: patsygirl500 (button) folded before Flop (didn't bet)
Seat 2: Mahu2021 (small blind) folded before Flop
Seat 3: OrlaBent (big blind) collected (20)



PokerStars Hand #253206748923: Tournament #3818958023, $1.84+$0.16 USD Hold'em No Limit - Level I (10/20) - 2024/11/01 21:41:43 CET [2024/11/01 16:41:43 ET]
Table '3818958023 1' 3-max Seat #2 is the button
Seat 1: patsygirl500 (500 in chips) 
Seat 2: Mahu2021 (490 in chips) 
Seat 3: OrlaBent (510 in chips) 
OrlaBent: posts small blind 10
patsygirl500: posts big blind 20
*** HOLE CARDS ***
Dealt to Mahu2021 [Ac 6c]
Mahu2021: raises 20 to 40
OrlaBent: folds 
patsygirl500: calls 20
*** FLOP *** [Jh 4d 3h]
patsygirl500: checks 
Mahu2021: checks 
*** TURN *** [Jh 4d 3h] [Kc]
patsygirl500: checks 
Mahu2021: bets 40
patsygirl500: folds 
Uncalled bet (40) returned to Mahu2021
Mahu2021 collected 90 from pot
Mahu2021: doesn't show hand 
*** SUMMARY ***
Total pot 90 | Rake 0 
Board [Jh 4d 3h Kc]
Seat 1: patsygirl500 (big blind) folded on the Turn
Seat 2: Mahu2021 (button) collected (90)
Seat 3: OrlaBent (small blind) folded before Flop



PokerStars Hand #253206753931: Tournament #3818958023, $1.84+$0.16 USD Hold'em No Limit - Level I (10/20) - 2024/11/01 21:41:59 CET [2024/11/01 16:41:59 ET]
Table '3818958023 1' 3-max Seat #3 is the button
Seat 1: patsygirl500 (460 in chips) 
Seat 2: Mahu2021 (540 in chips) 
Seat 3: OrlaBent (500 in chips) 
patsygirl500: posts small blind 10
Mahu2021: posts big blind 20
*** HOLE CARDS ***
Dealt to Mahu2021 [2h 8h]
OrlaBent: folds 
patsygirl500: folds 
Uncalled bet (10) returned to Mahu2021
Mahu2021 collected 20 from pot
Mahu2021: doesn't show hand 
*** SUMMARY ***
Total pot 20 | Rake 0 
Seat 1: patsygirl500 (small blind) folded before Flop
Seat 2: Mahu2021 (big blind) collected (20)
Seat 3: OrlaBent (button) folded before Flop (didn't bet)



PokerStars Hand #253206755791: Tournament #3818958023, $1.84+$0.16 USD Hold'em No Limit - Level I (10/20) - 2024/11/01 21:42:06 CET [2024/11/01 16:42:06 ET]
Table '3818958023 1' 3-max Seat #1 is the button
Seat 1: patsygirl500 (450 in chips) 
Seat 2: Mahu2021 (550 in chips) 
Seat 3: OrlaBent (500 in chips) 
Mahu2021: posts small blind 10
OrlaBent: posts big blind 20
*** HOLE CARDS ***
Dealt to Mahu2021 [5c 7h]
patsygirl500: folds 
Mahu2021: folds 
Uncalled bet (10) returned to OrlaBent
OrlaBent collected 20 from pot
*** SUMMARY ***
Total pot 20 | Rake 0 
Seat 1: patsygirl500 (button) folded before Flop (didn't bet)
Seat 2: Mahu2021 (small blind) folded before Flop
Seat 3: OrlaBent (big blind) collected (20)



PokerStars Hand #253206758190: Tournament #3818958023, $1.84+$0.16 USD Hold'em No Limit - Level I (10/20) - 2024/11/01 21:42:14 CET [2024/11/01 16:42:14 ET]
Table '3818958023 1' 3-max Seat #2 is the button
Seat 1: patsygirl500 (450 in chips) 
Seat 2: Mahu2021 (540 in chips) 
Seat 3: OrlaBent (510 in chips) 
OrlaBent: posts small blind 10
patsygirl500: posts big blind 20
*** HOLE CARDS ***
Dealt to Mahu2021 [8c Qh]
Mahu2021: calls 20
OrlaBent: raises 60 to 80
patsygirl500: folds 
Mahu2021: folds 
Uncalled bet (60) returned to OrlaBent
OrlaBent collected 60 from pot
*** SUMMARY ***
Total pot 60 | Rake 0 
Seat 1: patsygirl500 (big blind) folded before Flop
Seat 2: Mahu2021 (button) folded before Flop
Seat 3: OrlaBent (small blind) collected (60)



PokerStars Hand #253206763544: Tournament #3818958023, $1.84+$0.16 USD Hold'em No Limit - Level I (10/20) - 2024/11/01 21:42:32 CET [2024/11/01 16:42:32 ET]
Table '3818958023 1' 3-max Seat #3 is the button
Seat 1: patsygirl500 (430 in chips) 
Seat 2: Mahu2021 (520 in chips) 
Seat 3: OrlaBent (550 in chips) 
patsygirl500: posts small blind 10
Mahu2021: posts big blind 20
*** HOLE CARDS ***
Dealt to Mahu2021 [Kd 3c]
OrlaBent: raises 20 to 40
patsygirl500: folds 
Mahu2021: calls 20
*** FLOP *** [Ks 7c Qd]
Mahu2021: checks 
OrlaBent: bets 40
Mahu2021: calls 40
*** TURN *** [Ks 7c Qd] [7d]
Mahu2021: checks 
OrlaBent: bets 60
Mahu2021: calls 60
*** RIVER *** [Ks 7c Qd 7d] [8s]
Mahu2021: checks 
OrlaBent: bets 120
Mahu2021: calls 120
*** SHOW DOWN ***
OrlaBent: shows [9s Kc] (two pair, Kings and Sevens)
Mahu2021: shows [Kd 3c] (two pair, Kings and Sevens)
Mahu2021 collected 265 from pot
OrlaBent collected 265 from pot
*** SUMMARY ***
Total pot 530 | Rake 0 
Board [Ks 7c Qd 7d 8s]
Seat 1: patsygirl500 (small blind) folded before Flop
Seat 2: Mahu2021 (big blind) showed [Kd 3c] and won (265) with two pair, Kings and Sevens
Seat 3: OrlaBent (button) showed [9s Kc] and won (265) with two pair, Kings and Sevens



PokerStars Hand #253206771002: Tournament #3818958023, $1.84+$0.16 USD Hold'em No Limit - Level I (10/20) - 2024/11/01 21:42:57 CET [2024/11/01 16:42:57 ET]
Table '3818958023 1' 3-max Seat #1 is the button
Seat 1: patsygirl500 (420 in chips) 
Seat 2: Mahu2021 (525 in chips) 
Seat 3: OrlaBent (555 in chips) 
Mahu2021: posts small blind 10
OrlaBent: posts big blind 20
*** HOLE CARDS ***
Dealt to Mahu2021 [Jh 8s]
patsygirl500: folds 
Mahu2021: raises 20 to 40
OrlaBent: calls 20
*** FLOP *** [5d 4s As]
Mahu2021: bets 40
OrlaBent: folds 
Uncalled bet (40) returned to Mahu2021
Mahu2021 collected 80 from pot
Mahu2021: doesn't show hand 
*** SUMMARY ***
Total pot 80 | Rake 0 
Board [5d 4s As]
Seat 1: patsygirl500 (button) folded before Flop (didn't bet)
Seat 2: Mahu2021 (small blind) collected (80)
Seat 3: OrlaBent (big blind) folded on the Flop



PokerStars Hand #253206775022: Tournament #3818958023, $1.84+$0.16 USD Hold'em No Limit - Level I (10/20) - 2024/11/01 21:43:11 CET [2024/11/01 16:43:11 ET]
Table '3818958023 1' 3-max Seat #2 is the button
Seat 1: patsygirl500 (420 in chips) 
Seat 2: Mahu2021 (565 in chips) 
Seat 3: OrlaBent (515 in chips) 
OrlaBent: posts small blind 10
patsygirl500: posts big blind 20
*** HOLE CARDS ***
Dealt to Mahu2021 [Qd 3h]
Mahu2021: folds 
OrlaBent: calls 10
patsygirl500: checks 
*** FLOP *** [Th 8h Ts]
OrlaBent: bets 40
patsygirl500: calls 40
*** TURN *** [Th 8h Ts] [6d]
OrlaBent: bets 40
patsygirl500: calls 40
*** RIVER *** [Th 8h Ts 6d] [8d]
OrlaBent: checks 
patsygirl500: checks 
*** SHOW DOWN ***
OrlaBent: shows [5c 7h] (two pair, Tens and Eights)
patsygirl500: shows [6h 7d] (two pair, Tens and Eights)
OrlaBent collected 100 from pot
patsygirl500 collected 100 from pot
*** SUMMARY ***
Total pot 200 | Rake 0 
Board [Th 8h Ts 6d 8d]
Seat 1: patsygirl500 (big blind) showed [6h 7d] and won (100) with two pair, Tens and Eights
Seat 2: Mahu2021 (button) folded before Flop (didn't bet)
Seat 3: OrlaBent (small blind) showed [5c 7h] and won (100) with two pair, Tens and Eights



PokerStars Hand #253206782474: Tournament #3818958023, $1.84+$0.16 USD Hold'em No Limit - Level I (10/20) - 2024/11/01 21:43:36 CET [2024/11/01 16:43:36 ET]
Table '3818958023 1' 3-max Seat #3 is the button
Seat 1: patsygirl500 (420 in chips) 
Seat 2: Mahu2021 (565 in chips) 
Seat 3: OrlaBent (515 in chips) 
patsygirl500: posts small blind 10
Mahu2021: posts big blind 20
*** HOLE CARDS ***
Dealt to Mahu2021 [8s 8c]
OrlaBent: folds 
patsygirl500: calls 10
Mahu2021: raises 545 to 565 and is all-in
patsygirl500: folds 
Uncalled bet (545) returned to Mahu2021
Mahu2021 collected 40 from pot
Mahu2021: doesn't show hand 
*** SUMMARY ***
Total pot 40 | Rake 0 
Seat 1: patsygirl500 (small blind) folded before Flop
Seat 2: Mahu2021 (big blind) collected (40)
Seat 3: OrlaBent (button) folded before Flop (didn't bet)



PokerStars Hand #253206785591: Tournament #3818958023, $1.84+$0.16 USD Hold'em No Limit - Level I (10/20) - 2024/11/01 21:43:47 CET [2024/11/01 16:43:47 ET]
Table '3818958023 1' 3-max Seat #1 is the button
Seat 1: patsygirl500 (400 in chips) 
Seat 2: Mahu2021 (585 in chips) 
Seat 3: OrlaBent (515 in chips) 
Mahu2021: posts small blind 10
OrlaBent: posts big blind 20
*** HOLE CARDS ***
Dealt to Mahu2021 [9s Ks]
patsygirl500: raises 50 to 70
Mahu2021: calls 60
OrlaBent: folds 
*** FLOP *** [3s 4s Ah]
Mahu2021: checks 
patsygirl500: bets 160
Mahu2021: calls 160
*** TURN *** [3s 4s Ah] [Kc]
Mahu2021: checks 
patsygirl500: bets 20
Mahu2021: calls 20
*** RIVER *** [3s 4s Ah Kc] [8c]
Mahu2021: checks 
patsygirl500: checks 
*** SHOW DOWN ***
Mahu2021: shows [9s Ks] (a pair of Kings)
patsygirl500: mucks hand 
Mahu2021 collected 520 from pot
*** SUMMARY ***
Total pot 520 | Rake 0 
Board [3s 4s Ah Kc 8c]
Seat 1: patsygirl500 (button) mucked [6h 6s]
Seat 2: Mahu2021 (small blind) showed [9s Ks] and won (520) with a pair of Kings
Seat 3: OrlaBent (big blind) folded before Flop



PokerStars Hand #253206791873: Tournament #3818958023, $1.84+$0.16 USD Hold'em No Limit - Level I (10/20) - 2024/11/01 21:44:08 CET [2024/11/01 16:44:08 ET]
Table '3818958023 1' 3-max Seat #2 is the button
Seat 1: patsygirl500 (150 in chips) 
Seat 2: Mahu2021 (855 in chips) 
Seat 3: OrlaBent (495 in chips) 
OrlaBent: posts small blind 10
patsygirl500: posts big blind 20
*** HOLE CARDS ***
Dealt to Mahu2021 [Kc 9s]
Mahu2021: calls 20
OrlaBent: folds 
patsygirl500: raises 130 to 150 and is all-in
Mahu2021: calls 130
*** FLOP *** [2s Qd 2c]
*** TURN *** [2s Qd 2c] [8c]
*** RIVER *** [2s Qd 2c 8c] [3d]
*** SHOW DOWN ***
patsygirl500: shows [Kh Td] (a pair of Deuces)
Mahu2021: shows [Kc 9s] (a pair of Deuces - lower kicker)
patsygirl500 collected 310 from pot
*** SUMMARY ***
Total pot 310 | Rake 0 
Board [2s Qd 2c 8c 3d]
Seat 1: patsygirl500 (big blind) showed [Kh Td] and won (310) with a pair of Deuces
Seat 2: Mahu2021 (button) showed [Kc 9s] and lost with a pair of Deuces
Seat 3: OrlaBent (small blind) folded before Flop



PokerStars Hand #253206796980: Tournament #3818958023, $1.84+$0.16 USD Hold'em No Limit - Level I (10/20) - 2024/11/01 21:44:26 CET [2024/11/01 16:44:26 ET]
Table '3818958023 1' 3-max Seat #3 is the button
Seat 1: patsygirl500 (310 in chips) 
Seat 2: Mahu2021 (705 in chips) 
Seat 3: OrlaBent (485 in chips) 
patsygirl500: posts small blind 10
Mahu2021: posts big blind 20
*** HOLE CARDS ***
Dealt to Mahu2021 [Jd 9h]
OrlaBent: raises 40 to 60
patsygirl500: folds 
Mahu2021: calls 40
*** FLOP *** [4s Th 7d]
Mahu2021: checks 
OrlaBent: bets 60
Mahu2021: calls 60
*** TURN *** [4s Th 7d] [4c]
Mahu2021: checks 
OrlaBent: bets 80
Mahu2021: folds 
Uncalled bet (80) returned to OrlaBent
OrlaBent collected 250 from pot
*** SUMMARY ***
Total pot 250 | Rake 0 
Board [4s Th 7d 4c]
Seat 1: patsygirl500 (small blind) folded before Flop
Seat 2: Mahu2021 (big blind) folded on the Turn
Seat 3: OrlaBent (button) collected (250)



PokerStars Hand #253206804274: Tournament #3818958023, $1.84+$0.16 USD Hold'em No Limit - Level II (15/30) - 2024/11/01 21:44:50 CET [2024/11/01 16:44:50 ET]
Table '3818958023 1' 3-max Seat #1 is the button
Seat 1: patsygirl500 (300 in chips) 
Seat 2: Mahu2021 (585 in chips) 
Seat 3: OrlaBent (615 in chips) 
Mahu2021: posts small blind 15
OrlaBent: posts big blind 30
*** HOLE CARDS ***
Dealt to Mahu2021 [6d Qc]
patsygirl500: folds 
Mahu2021: calls 15
OrlaBent: checks 
*** FLOP *** [As Td Kh]
Mahu2021: checks 
OrlaBent: checks 
*** TURN *** [As Td Kh] [2d]
Mahu2021: checks 
OrlaBent: checks 
*** RIVER *** [As Td Kh 2d] [4d]
Mahu2021: checks 
OrlaBent: bets 120
Mahu2021: folds 
Uncalled bet (120) returned to OrlaBent
OrlaBent collected 60 from pot
*** SUMMARY ***
Total pot 60 | Rake 0 
Board [As Td Kh 2d 4d]
Seat 1: patsygirl500 (button) folded before Flop (didn't bet)
Seat 2: Mahu2021 (small blind) folded on the River
Seat 3: OrlaBent (big blind) collected (60)



PokerStars Hand #253206810694: Tournament #3818958023, $1.84+$0.16 USD Hold'em No Limit - Level II (15/30) - 2024/11/01 21:45:12 CET [2024/11/01 16:45:12 ET]
Table '3818958023 1' 3-max Seat #2 is the button
Seat 1: patsygirl500 (300 in chips) 
Seat 2: Mahu2021 (555 in chips) 
Seat 3: OrlaBent (645 in chips) 
OrlaBent: posts small blind 15
patsygirl500: posts big blind 30
*** HOLE CARDS ***
Dealt to Mahu2021 [8d 9h]
Mahu2021: folds 
OrlaBent: raises 30 to 60
patsygirl500: calls 30
*** FLOP *** [2s 2c 3s]
OrlaBent: checks 
patsygirl500: bets 30
OrlaBent: raises 30 to 60
patsygirl500: folds 
Uncalled bet (30) returned to OrlaBent
OrlaBent collected 180 from pot
*** SUMMARY ***
Total pot 180 | Rake 0 
Board [2s 2c 3s]
Seat 1: patsygirl500 (big blind) folded on the Flop
Seat 2: Mahu2021 (button) folded before Flop (didn't bet)
Seat 3: OrlaBent (small blind) collected (180)



PokerStars Hand #253206817492: Tournament #3818958023, $1.84+$0.16 USD Hold'em No Limit - Level II (15/30) - 2024/11/01 21:45:35 CET [2024/11/01 16:45:35 ET]
Table '3818958023 1' 3-max Seat #3 is the button
Seat 1: patsygirl500 (210 in chips) 
Seat 2: Mahu2021 (555 in chips) 
Seat 3: OrlaBent (735 in chips) 
patsygirl500: posts small blind 15
Mahu2021: posts big blind 30
*** HOLE CARDS ***
Dealt to Mahu2021 [Ts 6d]
OrlaBent: raises 30 to 60
patsygirl500: folds 
Mahu2021: folds 
Uncalled bet (30) returned to OrlaBent
OrlaBent collected 75 from pot
*** SUMMARY ***
Total pot 75 | Rake 0 
Seat 1: patsygirl500 (small blind) folded before Flop
Seat 2: Mahu2021 (big blind) folded before Flop
Seat 3: OrlaBent (button) collected (75)



PokerStars Hand #253206820451: Tournament #3818958023, $1.84+$0.16 USD Hold'em No Limit - Level II (15/30) - 2024/11/01 21:45:45 CET [2024/11/01 16:45:45 ET]
Table '3818958023 1' 3-max Seat #1 is the button
Seat 1: patsygirl500 (195 in chips) 
Seat 2: Mahu2021 (525 in chips) 
Seat 3: OrlaBent (780 in chips) 
Mahu2021: posts small blind 15
OrlaBent: posts big blind 30
*** HOLE CARDS ***
Dealt to Mahu2021 [2d 9d]
patsygirl500: folds 
Mahu2021: folds 
Uncalled bet (15) returned to OrlaBent
OrlaBent collected 30 from pot
*** SUMMARY ***
Total pot 30 | Rake 0 
Seat 1: patsygirl500 (button) folded before Flop (didn't bet)
Seat 2: Mahu2021 (small blind) folded before Flop
Seat 3: OrlaBent (big blind) collected (30)



PokerStars Hand #253206822029: Tournament #3818958023, $1.84+$0.16 USD Hold'em No Limit - Level II (15/30) - 2024/11/01 21:45:50 CET [2024/11/01 16:45:50 ET]
Table '3818958023 1' 3-max Seat #2 is the button
Seat 1: patsygirl500 (195 in chips) 
Seat 2: Mahu2021 (510 in chips) 
Seat 3: OrlaBent (795 in chips) 
OrlaBent: posts small blind 15
patsygirl500: posts big blind 30
*** HOLE CARDS ***
Dealt to Mahu2021 [Ah Kh]
Mahu2021: raises 30 to 60
OrlaBent: raises 735 to 795 and is all-in
patsygirl500: folds 
Mahu2021: calls 450 and is all-in
Uncalled bet (285) returned to OrlaBent
*** FLOP *** [6h 5d Qc]
*** TURN *** [6h 5d Qc] [7c]
*** RIVER *** [6h 5d Qc 7c] [7s]
*** SHOW DOWN ***
OrlaBent: shows [4d As] (a pair of Sevens)
Mahu2021: shows [Ah Kh] (a pair of Sevens - Ace+King kicker)
Mahu2021 collected 1050 from pot
*** SUMMARY ***
Total pot 1050 | Rake 0 
Board [6h 5d Qc 7c 7s]
Seat 1: patsygirl500 (big blind) folded before Flop
Seat 2: Mahu2021 (button) showed [Ah Kh] and won (1050) with a pair of Sevens
Seat 3: OrlaBent (small blind) showed [4d As] and lost with a pair of Sevens



PokerStars Hand #253206826628: Tournament #3818958023, $1.84+$0.16 USD Hold'em No Limit - Level II (15/30) - 2024/11/01 21:46:06 CET [2024/11/01 16:46:06 ET]
Table '3818958023 1' 3-max Seat #3 is the button
Seat 1: patsygirl500 (165 in chips) 
Seat 2: Mahu2021 (1050 in chips) 
Seat 3: OrlaBent (285 in chips) 
patsygirl500: posts small blind 15
Mahu2021: posts big blind 30
*** HOLE CARDS ***
Dealt to Mahu2021 [5h Tc]
OrlaBent: folds 
patsygirl500: folds 
Uncalled bet (15) returned to Mahu2021
Mahu2021 collected 30 from pot
Mahu2021: doesn't show hand 
*** SUMMARY ***
Total pot 30 | Rake 0 
Seat 1: patsygirl500 (small blind) folded before Flop
Seat 2: Mahu2021 (big blind) collected (30)
Seat 3: OrlaBent (button) folded before Flop (didn't bet)



PokerStars Hand #253206828662: Tournament #3818958023, $1.84+$0.16 USD Hold'em No Limit - Level II (15/30) - 2024/11/01 21:46:12 CET [2024/11/01 16:46:12 ET]
Table '3818958023 1' 3-max Seat #1 is the button
Seat 1: patsygirl500 (150 in chips) 
Seat 2: Mahu2021 (1065 in chips) 
Seat 3: OrlaBent (285 in chips) 
Mahu2021: posts small blind 15
OrlaBent: posts big blind 30
*** HOLE CARDS ***
Dealt to Mahu2021 [8h Jh]
patsygirl500: folds 
Mahu2021: calls 15
OrlaBent: raises 255 to 285 and is all-in
Mahu2021: folds 
Uncalled bet (255) returned to OrlaBent
OrlaBent collected 60 from pot
*** SUMMARY ***
Total pot 60 | Rake 0 
Seat 1: patsygirl500 (button) folded before Flop (didn't bet)
Seat 2: Mahu2021 (small blind) folded before Flop
Seat 3: OrlaBent (big blind) collected (60)



PokerStars Hand #253206831725: Tournament #3818958023, $1.84+$0.16 USD Hold'em No Limit - Level II (15/30) - 2024/11/01 21:46:23 CET [2024/11/01 16:46:23 ET]
Table '3818958023 1' 3-max Seat #2 is the button
Seat 1: patsygirl500 (150 in chips) 
Seat 2: Mahu2021 (1035 in chips) 
Seat 3: OrlaBent (315 in chips) 
OrlaBent: posts small blind 15
patsygirl500: posts big blind 30
*** HOLE CARDS ***
Dealt to Mahu2021 [6d 4c]
Mahu2021: folds 
OrlaBent: raises 285 to 315 and is all-in
patsygirl500: folds 
Uncalled bet (285) returned to OrlaBent
OrlaBent collected 60 from pot
*** SUMMARY ***
Total pot 60 | Rake 0 
Seat 1: patsygirl500 (big blind) folded before Flop
Seat 2: Mahu2021 (button) folded before Flop (didn't bet)
Seat 3: OrlaBent (small blind) collected (60)



PokerStars Hand #253206834173: Tournament #3818958023, $1.84+$0.16 USD Hold'em No Limit - Level II (15/30) - 2024/11/01 21:46:31 CET [2024/11/01 16:46:31 ET]
Table '3818958023 1' 3-max Seat #3 is the button
Seat 1: patsygirl500 (120 in chips) 
Seat 2: Mahu2021 (1035 in chips) 
Seat 3: OrlaBent (345 in chips) 
patsygirl500: posts small blind 15
Mahu2021: posts big blind 30
*** HOLE CARDS ***
Dealt to Mahu2021 [8h 9s]
OrlaBent: folds 
patsygirl500: raises 90 to 120 and is all-in
Mahu2021: folds 
Uncalled bet (90) returned to patsygirl500
patsygirl500 collected 60 from pot
patsygirl500: doesn't show hand 
*** SUMMARY ***
Total pot 60 | Rake 0 
Seat 1: patsygirl500 (small blind) collected (60)
Seat 2: Mahu2021 (big blind) folded before Flop
Seat 3: OrlaBent (button) folded before Flop (didn't bet)



PokerStars Hand #253206836430: Tournament #3818958023, $1.84+$0.16 USD Hold'em No Limit - Level II (15/30) - 2024/11/01 21:46:39 CET [2024/11/01 16:46:39 ET]
Table '3818958023 1' 3-max Seat #1 is the button
Seat 1: patsygirl500 (150 in chips) 
Seat 2: Mahu2021 (1005 in chips) 
Seat 3: OrlaBent (345 in chips) 
Mahu2021: posts small blind 15
OrlaBent: posts big blind 30
*** HOLE CARDS ***
Dealt to Mahu2021 [4h Jc]
patsygirl500: folds 
Mahu2021: folds 
Uncalled bet (15) returned to OrlaBent
OrlaBent collected 30 from pot
*** SUMMARY ***
Total pot 30 | Rake 0 
Seat 1: patsygirl500 (button) folded before Flop (didn't bet)
Seat 2: Mahu2021 (small blind) folded before Flop
Seat 3: OrlaBent (big blind) collected (30)



PokerStars Hand #253206838017: Tournament #3818958023, $1.84+$0.16 USD Hold'em No Limit - Level II (15/30) - 2024/11/01 21:46:44 CET [2024/11/01 16:46:44 ET]
Table '3818958023 1' 3-max Seat #2 is the button
Seat 1: patsygirl500 (150 in chips) 
Seat 2: Mahu2021 (990 in chips) 
Seat 3: OrlaBent (360 in chips) 
OrlaBent: posts small blind 15
patsygirl500: posts big blind 30
*** HOLE CARDS ***
Dealt to Mahu2021 [6h 7c]
Mahu2021: folds 
OrlaBent: raises 330 to 360 and is all-in
patsygirl500: folds 
Uncalled bet (330) returned to OrlaBent
OrlaBent collected 60 from pot
*** SUMMARY ***
Total pot 60 | Rake 0 
Seat 1: patsygirl500 (big blind) folded before Flop
Seat 2: Mahu2021 (button) folded before Flop (didn't bet)
Seat 3: OrlaBent (small blind) collected (60)



PokerStars Hand #253206840306: Tournament #3818958023, $1.84+$0.16 USD Hold'em No Limit - Level II (15/30) - 2024/11/01 21:46:52 CET [2024/11/01 16:46:52 ET]
Table '3818958023 1' 3-max Seat #3 is the button
Seat 1: patsygirl500 (120 in chips) 
Seat 2: Mahu2021 (990 in chips) 
Seat 3: OrlaBent (390 in chips) 
patsygirl500: posts small blind 15
Mahu2021: posts big blind 30
*** HOLE CARDS ***
Dealt to Mahu2021 [Ts Jc]
OrlaBent: folds 
patsygirl500: folds 
Uncalled bet (15) returned to Mahu2021
Mahu2021 collected 30 from pot
Mahu2021: doesn't show hand 
*** SUMMARY ***
Total pot 30 | Rake 0 
Seat 1: patsygirl500 (small blind) folded before Flop
Seat 2: Mahu2021 (big blind) collected (30)
Seat 3: OrlaBent (button) folded before Flop (didn't bet)



PokerStars Hand #253206842357: Tournament #3818958023, $1.84+$0.16 USD Hold'em No Limit - Level II (15/30) - 2024/11/01 21:46:59 CET [2024/11/01 16:46:59 ET]
Table '3818958023 1' 3-max Seat #1 is the button
Seat 1: patsygirl500 (105 in chips) 
Seat 2: Mahu2021 (1005 in chips) 
Seat 3: OrlaBent (390 in chips) 
Mahu2021: posts small blind 15
OrlaBent: posts big blind 30
*** HOLE CARDS ***
Dealt to Mahu2021 [6d Jd]
patsygirl500: raises 75 to 105 and is all-in
Mahu2021: folds 
OrlaBent: calls 75
*** FLOP *** [6h 7h 3s]
*** TURN *** [6h 7h 3s] [8h]
*** RIVER *** [6h 7h 3s 8h] [5c]
*** SHOW DOWN ***
OrlaBent: shows [8s Jc] (a pair of Eights)
patsygirl500: shows [Tc Ac] (high card Ace)
OrlaBent collected 225 from pot
patsygirl500 finished the tournament in 3rd place
*** SUMMARY ***
Total pot 225 | Rake 0 
Board [6h 7h 3s 8h 5c]
Seat 1: patsygirl500 (button) showed [Tc Ac] and lost with high card Ace
Seat 2: Mahu2021 (small blind) folded before Flop
Seat 3: OrlaBent (big blind) showed [8s Jc] and won (225) with a pair of Eights



PokerStars Hand #253206848271: Tournament #3818958023, $1.84+$0.16 USD Hold'em No Limit - Level II (15/30) - 2024/11/01 21:47:20 CET [2024/11/01 16:47:20 ET]
Table '3818958023 1' 3-max Seat #3 is the button
Seat 2: Mahu2021 (990 in chips) 
Seat 3: OrlaBent (510 in chips) 
OrlaBent: posts small blind 15
Mahu2021: posts big blind 30
*** HOLE CARDS ***
Dealt to Mahu2021 [Js 4h]
OrlaBent: folds 
Uncalled bet (15) returned to Mahu2021
Mahu2021 collected 30 from pot
Mahu2021: doesn't show hand 
*** SUMMARY ***
Total pot 30 | Rake 0 
Seat 2: Mahu2021 (big blind) collected (30)
Seat 3: OrlaBent (button) (small blind) folded before Flop



PokerStars Hand #253206849945: Tournament #3818958023, $1.84+$0.16 USD Hold'em No Limit - Level II (15/30) - 2024/11/01 21:47:25 CET [2024/11/01 16:47:25 ET]
Table '3818958023 1' 3-max Seat #2 is the button
Seat 2: Mahu2021 (1005 in chips) 
Seat 3: OrlaBent (495 in chips) 
Mahu2021: posts small blind 15
OrlaBent: posts big blind 30
*** HOLE CARDS ***
Dealt to Mahu2021 [Td 7c]
Mahu2021: raises 30 to 60
OrlaBent: calls 30
*** FLOP *** [7d 3c Ts]
OrlaBent: checks 
Mahu2021: checks 
*** TURN *** [7d 3c Ts] [Qh]
OrlaBent: checks 
Mahu2021: checks 
*** RIVER *** [7d 3c Ts Qh] [2d]
OrlaBent: checks 
Mahu2021: bets 120
OrlaBent: calls 120
*** SHOW DOWN ***
Mahu2021: shows [Td 7c] (two pair, Tens and Sevens)
OrlaBent: mucks hand 
Mahu2021 collected 360 from pot
*** SUMMARY ***
Total pot 360 | Rake 0 
Board [7d 3c Ts Qh 2d]
Seat 2: Mahu2021 (button) (small blind) showed [Td 7c] and won (360) with two pair, Tens and Sevens
Seat 3: OrlaBent (big blind) mucked [Kd 2s]



PokerStars Hand #253206858667: Tournament #3818958023, $1.84+$0.16 USD Hold'em No Limit - Level III (20/40) - 2024/11/01 21:47:55 CET [2024/11/01 16:47:55 ET]
Table '3818958023 1' 3-max Seat #3 is the button
Seat 2: Mahu2021 (1185 in chips) 
Seat 3: OrlaBent (315 in chips) 
OrlaBent: posts small blind 20
Mahu2021: posts big blind 40
*** HOLE CARDS ***
Dealt to Mahu2021 [3c 4d]
OrlaBent: folds 
Uncalled bet (20) returned to Mahu2021
Mahu2021 collected 40 from pot
Mahu2021: doesn't show hand 
*** SUMMARY ***
Total pot 40 | Rake 0 
Seat 2: Mahu2021 (big blind) collected (40)
Seat 3: OrlaBent (button) (small blind) folded before Flop



PokerStars Hand #253206860070: Tournament #3818958023, $1.84+$0.16 USD Hold'em No Limit - Level III (20/40) - 2024/11/01 21:47:59 CET [2024/11/01 16:47:59 ET]
Table '3818958023 1' 3-max Seat #2 is the button
Seat 2: Mahu2021 (1205 in chips) 
Seat 3: OrlaBent (295 in chips) 
Mahu2021: posts small blind 20
OrlaBent: posts big blind 40
*** HOLE CARDS ***
Dealt to Mahu2021 [3d 3s]
Mahu2021: raises 1165 to 1205 and is all-in
OrlaBent: folds 
Uncalled bet (1165) returned to Mahu2021
Mahu2021 collected 80 from pot
Mahu2021: doesn't show hand 
*** SUMMARY ***
Total pot 80 | Rake 0 
Seat 2: Mahu2021 (button) (small blind) collected (80)
Seat 3: OrlaBent (big blind) folded before Flop



PokerStars Hand #253206861954: Tournament #3818958023, $1.84+$0.16 USD Hold'em No Limit - Level III (20/40) - 2024/11/01 21:48:06 CET [2024/11/01 16:48:06 ET]
Table '3818958023 1' 3-max Seat #3 is the button
Seat 2: Mahu2021 (1245 in chips) 
Seat 3: OrlaBent (255 in chips) 
OrlaBent: posts small blind 20
Mahu2021: posts big blind 40
*** HOLE CARDS ***
Dealt to Mahu2021 [Ad Tc]
OrlaBent: raises 215 to 255 and is all-in
Mahu2021: calls 215
*** FLOP *** [4h 2h As]
*** TURN *** [4h 2h As] [6s]
*** RIVER *** [4h 2h As 6s] [3d]
*** SHOW DOWN ***
Mahu2021: shows [Ad Tc] (a pair of Aces)
OrlaBent: shows [9c 8c] (high card Ace)
Mahu2021 collected 510 from pot
OrlaBent finished the tournament in 2nd place
Mahu2021 wins the tournament and receives $6.00 - congratulations!
*** SUMMARY ***
Total pot 510 | Rake 0 
Board [4h 2h As 6s 3d]
Seat 2: Mahu2021 (big blind) showed [Ad Tc] and won (510) with a pair of Aces
Seat 3: OrlaBent (button) (small blind) showed [9c 8c] and lost with high card Ace



