PokerStars Hand #247028075447: Tournament #3671303385, $1.84+$0.16 USD Hold'em No Limit - Level I (10/20) - 2023/11/10 15:15:24 CET [2023/11/10 9:15:24 ET]
Table '3671303385 1' 3-max Seat #1 is the button
Seat 1: Giggsx78 (500 in chips) 
Seat 2: Mahu2021 (500 in chips) 
Seat 3: GameleiraGyn (500 in chips) 
Mahu2021: posts small blind 10
GameleiraGyn: posts big blind 20
*** HOLE CARDS ***
Dealt to Mahu2021 [3h 7d]
Giggsx78: calls 20
Mahu2021: folds 
GameleiraGyn: checks 
*** FLOP *** [5d 8s 8d]
GameleiraGyn: checks 
Giggsx78: bets 20
GameleiraGyn: calls 20
*** TURN *** [5d 8s 8d] [Jh]
GameleiraGyn: checks 
Giggsx78: bets 20
GameleiraGyn: calls 20
*** RIVER *** [5d 8s 8d Jh] [Js]
GameleiraGyn: checks 
Giggsx78: bets 20
GameleiraGyn: folds 
Uncalled bet (20) returned to Giggsx78
Giggsx78 collected 130 from pot
*** SUMMARY ***
Total pot 130 | Rake 0 
Board [5d 8s 8d Jh Js]
Seat 1: Giggsx78 (button) collected (130)
Seat 2: Mahu2021 (small blind) folded before Flop
Seat 3: GameleiraGyn (big blind) folded on the River



PokerStars Hand #247028082371: Tournament #3671303385, $1.84+$0.16 USD Hold'em No Limit - Level I (10/20) - 2023/11/10 15:15:55 CET [2023/11/10 9:15:55 ET]
Table '3671303385 1' 3-max Seat #2 is the button
Seat 1: Giggsx78 (570 in chips) 
Seat 2: Mahu2021 (490 in chips) 
Seat 3: GameleiraGyn (440 in chips) 
GameleiraGyn: posts small blind 10
Giggsx78: posts big blind 20
*** HOLE CARDS ***
Dealt to Mahu2021 [4s Kc]
Mahu2021: folds 
GameleiraGyn: raises 40 to 60
Giggsx78: calls 40
*** FLOP *** [Qc 7s 8s]
GameleiraGyn: bets 60
Giggsx78: folds 
Uncalled bet (60) returned to GameleiraGyn
GameleiraGyn collected 120 from pot
GameleiraGyn: doesn't show hand 
*** SUMMARY ***
Total pot 120 | Rake 0 
Board [Qc 7s 8s]
Seat 1: Giggsx78 (big blind) folded on the Flop
Seat 2: Mahu2021 (button) folded before Flop (didn't bet)
Seat 3: GameleiraGyn (small blind) collected (120)



PokerStars Hand #247028086484: Tournament #3671303385, $1.84+$0.16 USD Hold'em No Limit - Level I (10/20) - 2023/11/10 15:16:14 CET [2023/11/10 9:16:14 ET]
Table '3671303385 1' 3-max Seat #3 is the button
Seat 1: Giggsx78 (510 in chips) 
Seat 2: Mahu2021 (490 in chips) 
Seat 3: GameleiraGyn (500 in chips) 
Giggsx78: posts small blind 10
Mahu2021: posts big blind 20
*** HOLE CARDS ***
Dealt to Mahu2021 [2h 2c]
GameleiraGyn: raises 20 to 40
Giggsx78: folds 
Mahu2021: calls 20
*** FLOP *** [4h As 4c]
Mahu2021: checks 
GameleiraGyn: checks 
*** TURN *** [4h As 4c] [5s]
Mahu2021: checks 
GameleiraGyn: checks 
*** RIVER *** [4h As 4c 5s] [Ad]
Mahu2021: checks 
GameleiraGyn: checks 
*** SHOW DOWN ***
Mahu2021: shows [2h 2c] (two pair, Aces and Fours)
GameleiraGyn: shows [Th Js] (two pair, Aces and Fours - Jack kicker)
GameleiraGyn collected 90 from pot
*** SUMMARY ***
Total pot 90 | Rake 0 
Board [4h As 4c 5s Ad]
Seat 1: Giggsx78 (small blind) folded before Flop
Seat 2: Mahu2021 (big blind) showed [2h 2c] and lost with two pair, Aces and Fours
Seat 3: GameleiraGyn (button) showed [Th Js] and won (90) with two pair, Aces and Fours



PokerStars Hand #247028090960: Tournament #3671303385, $1.84+$0.16 USD Hold'em No Limit - Level I (10/20) - 2023/11/10 15:16:35 CET [2023/11/10 9:16:35 ET]
Table '3671303385 1' 3-max Seat #1 is the button
Seat 1: Giggsx78 (500 in chips) 
Seat 2: Mahu2021 (450 in chips) 
Seat 3: GameleiraGyn (550 in chips) 
Mahu2021: posts small blind 10
GameleiraGyn: posts big blind 20
*** HOLE CARDS ***
Dealt to Mahu2021 [7h 6c]
Giggsx78: raises 20 to 40
Mahu2021: calls 30
GameleiraGyn: calls 20
*** FLOP *** [2h Ks 3s]
Mahu2021: checks 
GameleiraGyn: checks 
Giggsx78: bets 20
Mahu2021: folds 
GameleiraGyn: folds 
Uncalled bet (20) returned to Giggsx78
Giggsx78 collected 120 from pot
*** SUMMARY ***
Total pot 120 | Rake 0 
Board [2h Ks 3s]
Seat 1: Giggsx78 (button) collected (120)
Seat 2: Mahu2021 (small blind) folded on the Flop
Seat 3: GameleiraGyn (big blind) folded on the Flop



PokerStars Hand #247028094671: Tournament #3671303385, $1.84+$0.16 USD Hold'em No Limit - Level I (10/20) - 2023/11/10 15:16:52 CET [2023/11/10 9:16:52 ET]
Table '3671303385 1' 3-max Seat #2 is the button
Seat 1: Giggsx78 (580 in chips) 
Seat 2: Mahu2021 (410 in chips) 
Seat 3: GameleiraGyn (510 in chips) 
GameleiraGyn: posts small blind 10
Giggsx78: posts big blind 20
*** HOLE CARDS ***
Dealt to Mahu2021 [9d Ts]
Mahu2021: raises 20 to 40
GameleiraGyn: calls 30
Giggsx78: calls 20
*** FLOP *** [4h Kc 8s]
GameleiraGyn: checks 
Giggsx78: checks 
Mahu2021: checks 
*** TURN *** [4h Kc 8s] [Jd]
GameleiraGyn: checks 
Giggsx78: checks 
Mahu2021: bets 120
GameleiraGyn: folds 
Giggsx78: folds 
Uncalled bet (120) returned to Mahu2021
Mahu2021 collected 120 from pot
Mahu2021: doesn't show hand 
*** SUMMARY ***
Total pot 120 | Rake 0 
Board [4h Kc 8s Jd]
Seat 1: Giggsx78 (big blind) folded on the Turn
Seat 2: Mahu2021 (button) collected (120)
Seat 3: GameleiraGyn (small blind) folded on the Turn



PokerStars Hand #247028098717: Tournament #3671303385, $1.84+$0.16 USD Hold'em No Limit - Level I (10/20) - 2023/11/10 15:17:11 CET [2023/11/10 9:17:11 ET]
Table '3671303385 1' 3-max Seat #3 is the button
Seat 1: Giggsx78 (540 in chips) 
Seat 2: Mahu2021 (490 in chips) 
Seat 3: GameleiraGyn (470 in chips) 
Giggsx78: posts small blind 10
Mahu2021: posts big blind 20
*** HOLE CARDS ***
Dealt to Mahu2021 [7h Ad]
GameleiraGyn: raises 20 to 40
Giggsx78: calls 30
Mahu2021: calls 20
*** FLOP *** [Qd Jh 8c]
Giggsx78: bets 20
Mahu2021: folds 
GameleiraGyn: raises 80 to 100
Giggsx78: calls 80
*** TURN *** [Qd Jh 8c] [Ah]
Giggsx78: checks 
GameleiraGyn: bets 100
Giggsx78: calls 100
*** RIVER *** [Qd Jh 8c Ah] [4c]
Giggsx78: checks 
GameleiraGyn: checks 
*** SHOW DOWN ***
Giggsx78: shows [Td 8h] (a pair of Eights)
GameleiraGyn: shows [Ts Jd] (a pair of Jacks)
GameleiraGyn collected 520 from pot
*** SUMMARY ***
Total pot 520 | Rake 0 
Board [Qd Jh 8c Ah 4c]
Seat 1: Giggsx78 (small blind) showed [Td 8h] and lost with a pair of Eights
Seat 2: Mahu2021 (big blind) folded on the Flop
Seat 3: GameleiraGyn (button) showed [Ts Jd] and won (520) with a pair of Jacks



PokerStars Hand #247028105774: Tournament #3671303385, $1.84+$0.16 USD Hold'em No Limit - Level I (10/20) - 2023/11/10 15:17:43 CET [2023/11/10 9:17:43 ET]
Table '3671303385 1' 3-max Seat #1 is the button
Seat 1: Giggsx78 (300 in chips) 
Seat 2: Mahu2021 (450 in chips) 
Seat 3: GameleiraGyn (750 in chips) 
Mahu2021: posts small blind 10
GameleiraGyn: posts big blind 20
*** HOLE CARDS ***
Dealt to Mahu2021 [Td Qh]
Giggsx78: raises 20 to 40
Mahu2021: calls 30
GameleiraGyn: folds 
*** FLOP *** [7d 5s Qc]
Mahu2021: bets 410 and is all-in
Giggsx78: folds 
Uncalled bet (410) returned to Mahu2021
Mahu2021 collected 100 from pot
Mahu2021: doesn't show hand 
*** SUMMARY ***
Total pot 100 | Rake 0 
Board [7d 5s Qc]
Seat 1: Giggsx78 (button) folded on the Flop
Seat 2: Mahu2021 (small blind) collected (100)
Seat 3: GameleiraGyn (big blind) folded before Flop



PokerStars Hand #247028111143: Tournament #3671303385, $1.84+$0.16 USD Hold'em No Limit - Level I (10/20) - 2023/11/10 15:18:08 CET [2023/11/10 9:18:08 ET]
Table '3671303385 1' 3-max Seat #2 is the button
Seat 1: Giggsx78 (260 in chips) 
Seat 2: Mahu2021 (510 in chips) 
Seat 3: GameleiraGyn (730 in chips) 
GameleiraGyn: posts small blind 10
Giggsx78: posts big blind 20
*** HOLE CARDS ***
Dealt to Mahu2021 [Qd 6h]
Mahu2021: folds 
GameleiraGyn: raises 40 to 60
Giggsx78: calls 40
*** FLOP *** [5s 6s Ah]
GameleiraGyn: checks 
Giggsx78: checks 
*** TURN *** [5s 6s Ah] [Ks]
GameleiraGyn: bets 60
Giggsx78: folds 
Uncalled bet (60) returned to GameleiraGyn
GameleiraGyn collected 120 from pot
GameleiraGyn: doesn't show hand 
*** SUMMARY ***
Total pot 120 | Rake 0 
Board [5s 6s Ah Ks]
Seat 1: Giggsx78 (big blind) folded on the Turn
Seat 2: Mahu2021 (button) folded before Flop (didn't bet)
Seat 3: GameleiraGyn (small blind) collected (120)



PokerStars Hand #247028117871: Tournament #3671303385, $1.84+$0.16 USD Hold'em No Limit - Level II (15/30) - 2023/11/10 15:18:39 CET [2023/11/10 9:18:39 ET]
Table '3671303385 1' 3-max Seat #3 is the button
Seat 1: Giggsx78 (200 in chips) 
Seat 2: Mahu2021 (510 in chips) 
Seat 3: GameleiraGyn (790 in chips) 
Giggsx78: posts small blind 15
Mahu2021: posts big blind 30
*** HOLE CARDS ***
Dealt to Mahu2021 [4d Ts]
GameleiraGyn: folds 
Giggsx78: raises 30 to 60
Mahu2021: folds 
Uncalled bet (30) returned to Giggsx78
Giggsx78 collected 60 from pot
*** SUMMARY ***
Total pot 60 | Rake 0 
Seat 1: Giggsx78 (small blind) collected (60)
Seat 2: Mahu2021 (big blind) folded before Flop
Seat 3: GameleiraGyn (button) folded before Flop (didn't bet)



PokerStars Hand #247028119098: Tournament #3671303385, $1.84+$0.16 USD Hold'em No Limit - Level II (15/30) - 2023/11/10 15:18:44 CET [2023/11/10 9:18:44 ET]
Table '3671303385 1' 3-max Seat #1 is the button
Seat 1: Giggsx78 (230 in chips) 
Seat 2: Mahu2021 (480 in chips) 
Seat 3: GameleiraGyn (790 in chips) 
Mahu2021: posts small blind 15
GameleiraGyn: posts big blind 30
*** HOLE CARDS ***
Dealt to Mahu2021 [Tc 5h]
Giggsx78: calls 30
Mahu2021: folds 
GameleiraGyn: raises 75 to 105
Giggsx78: calls 75
*** FLOP *** [6h 8s 6s]
GameleiraGyn: checks 
Giggsx78: bets 30
GameleiraGyn: calls 30
*** TURN *** [6h 8s 6s] [9h]
GameleiraGyn: checks 
Giggsx78: bets 60
GameleiraGyn: raises 595 to 655 and is all-in
Giggsx78: calls 35 and is all-in
Uncalled bet (560) returned to GameleiraGyn
*** RIVER *** [6h 8s 6s 9h] [Kh]
*** SHOW DOWN ***
GameleiraGyn: shows [Ah 6d] (three of a kind, Sixes)
Giggsx78: shows [Th 9c] (two pair, Nines and Sixes)
GameleiraGyn collected 475 from pot
Giggsx78 finished the tournament in 3rd place
*** SUMMARY ***
Total pot 475 | Rake 0 
Board [6h 8s 6s 9h Kh]
Seat 1: Giggsx78 (button) showed [Th 9c] and lost with two pair, Nines and Sixes
Seat 2: Mahu2021 (small blind) folded before Flop
Seat 3: GameleiraGyn (big blind) showed [Ah 6d] and won (475) with three of a kind, Sixes



PokerStars Hand #247028125380: Tournament #3671303385, $1.84+$0.16 USD Hold'em No Limit - Level II (15/30) - 2023/11/10 15:19:13 CET [2023/11/10 9:19:13 ET]
Table '3671303385 1' 3-max Seat #3 is the button
Seat 2: Mahu2021 (465 in chips) 
Seat 3: GameleiraGyn (1035 in chips) 
GameleiraGyn: posts small blind 15
Mahu2021: posts big blind 30
*** HOLE CARDS ***
Dealt to Mahu2021 [Qd 5s]
GameleiraGyn: calls 15
Mahu2021: checks 
*** FLOP *** [8d Ts 9d]
Mahu2021: checks 
GameleiraGyn: checks 
*** TURN *** [8d Ts 9d] [Jc]
Mahu2021: checks 
GameleiraGyn: checks 
*** RIVER *** [8d Ts 9d Jc] [7h]
Mahu2021: bets 435 and is all-in
GameleiraGyn: folds [6s]
Uncalled bet (435) returned to Mahu2021
Mahu2021 collected 60 from pot
Mahu2021: doesn't show hand 
*** SUMMARY ***
Total pot 60 | Rake 0 
Board [8d Ts 9d Jc 7h]
Seat 2: Mahu2021 (big blind) collected (60)
Seat 3: GameleiraGyn (button) (small blind) folded on the River



PokerStars Hand #247028129404: Tournament #3671303385, $1.84+$0.16 USD Hold'em No Limit - Level II (15/30) - 2023/11/10 15:19:32 CET [2023/11/10 9:19:32 ET]
Table '3671303385 1' 3-max Seat #2 is the button
Seat 2: Mahu2021 (495 in chips) 
Seat 3: GameleiraGyn (1005 in chips) 
Mahu2021: posts small blind 15
GameleiraGyn: posts big blind 30
*** HOLE CARDS ***
Dealt to Mahu2021 [Ts 9c]
Mahu2021: raises 30 to 60
GameleiraGyn: calls 30
*** FLOP *** [6s Qh 7c]
GameleiraGyn: checks 
Mahu2021: checks 
*** TURN *** [6s Qh 7c] [Ac]
GameleiraGyn: bets 60
Mahu2021: folds 
Uncalled bet (60) returned to GameleiraGyn
GameleiraGyn collected 120 from pot
GameleiraGyn: doesn't show hand 
*** SUMMARY ***
Total pot 120 | Rake 0 
Board [6s Qh 7c Ac]
Seat 2: Mahu2021 (button) (small blind) folded on the Turn
Seat 3: GameleiraGyn (big blind) collected (120)



PokerStars Hand #247028132688: Tournament #3671303385, $1.84+$0.16 USD Hold'em No Limit - Level II (15/30) - 2023/11/10 15:19:47 CET [2023/11/10 9:19:47 ET]
Table '3671303385 1' 3-max Seat #3 is the button
Seat 2: Mahu2021 (435 in chips) 
Seat 3: GameleiraGyn (1065 in chips) 
GameleiraGyn: posts small blind 15
Mahu2021: posts big blind 30
*** HOLE CARDS ***
Dealt to Mahu2021 [Qd Ad]
GameleiraGyn: calls 15
Mahu2021: raises 90 to 120
GameleiraGyn: calls 90
*** FLOP *** [3h 2c Jc]
Mahu2021: bets 315 and is all-in
GameleiraGyn: folds 
Uncalled bet (315) returned to Mahu2021
Mahu2021 collected 240 from pot
Mahu2021: doesn't show hand 
*** SUMMARY ***
Total pot 240 | Rake 0 
Board [3h 2c Jc]
Seat 2: Mahu2021 (big blind) collected (240)
Seat 3: GameleiraGyn (button) (small blind) folded on the Flop



PokerStars Hand #247028135176: Tournament #3671303385, $1.84+$0.16 USD Hold'em No Limit - Level II (15/30) - 2023/11/10 15:19:58 CET [2023/11/10 9:19:58 ET]
Table '3671303385 1' 3-max Seat #2 is the button
Seat 2: Mahu2021 (555 in chips) 
Seat 3: GameleiraGyn (945 in chips) 
Mahu2021: posts small blind 15
GameleiraGyn: posts big blind 30
*** HOLE CARDS ***
Dealt to Mahu2021 [2d Jc]
Mahu2021: folds 
Uncalled bet (15) returned to GameleiraGyn
GameleiraGyn collected 30 from pot
GameleiraGyn: doesn't show hand 
*** SUMMARY ***
Total pot 30 | Rake 0 
Seat 2: Mahu2021 (button) (small blind) folded before Flop
Seat 3: GameleiraGyn (big blind) collected (30)



PokerStars Hand #247028136265: Tournament #3671303385, $1.84+$0.16 USD Hold'em No Limit - Level II (15/30) - 2023/11/10 15:20:03 CET [2023/11/10 9:20:03 ET]
Table '3671303385 1' 3-max Seat #3 is the button
Seat 2: Mahu2021 (540 in chips) 
Seat 3: GameleiraGyn (960 in chips) 
GameleiraGyn: posts small blind 15
Mahu2021: posts big blind 30
*** HOLE CARDS ***
Dealt to Mahu2021 [8h 7h]
GameleiraGyn: calls 15
Mahu2021: checks 
*** FLOP *** [4h 5h Kd]
Mahu2021: checks 
GameleiraGyn: checks 
*** TURN *** [4h 5h Kd] [Qd]
Mahu2021: checks 
GameleiraGyn: bets 60
Mahu2021: calls 60
*** RIVER *** [4h 5h Kd Qd] [6d]
Mahu2021: bets 90
GameleiraGyn: calls 90
*** SHOW DOWN ***
Mahu2021: shows [8h 7h] (a straight, Four to Eight)
GameleiraGyn: mucks hand 
Mahu2021 collected 360 from pot
*** SUMMARY ***
Total pot 360 | Rake 0 
Board [4h 5h Kd Qd 6d]
Seat 2: Mahu2021 (big blind) showed [8h 7h] and won (360) with a straight, Four to Eight
Seat 3: GameleiraGyn (button) (small blind) mucked [Qs 2h]



PokerStars Hand #247028140987: Tournament #3671303385, $1.84+$0.16 USD Hold'em No Limit - Level II (15/30) - 2023/11/10 15:20:25 CET [2023/11/10 9:20:25 ET]
Table '3671303385 1' 3-max Seat #2 is the button
Seat 2: Mahu2021 (720 in chips) 
Seat 3: GameleiraGyn (780 in chips) 
Mahu2021: posts small blind 15
GameleiraGyn: posts big blind 30
*** HOLE CARDS ***
Dealt to Mahu2021 [2h Jd]
Mahu2021: calls 15
GameleiraGyn: raises 90 to 120
Mahu2021: folds 
Uncalled bet (90) returned to GameleiraGyn
GameleiraGyn collected 60 from pot
GameleiraGyn: doesn't show hand 
*** SUMMARY ***
Total pot 60 | Rake 0 
Seat 2: Mahu2021 (button) (small blind) folded before Flop
Seat 3: GameleiraGyn (big blind) collected (60)



PokerStars Hand #247028143184: Tournament #3671303385, $1.84+$0.16 USD Hold'em No Limit - Level II (15/30) - 2023/11/10 15:20:35 CET [2023/11/10 9:20:35 ET]
Table '3671303385 1' 3-max Seat #3 is the button
Seat 2: Mahu2021 (690 in chips) 
Seat 3: GameleiraGyn (810 in chips) 
GameleiraGyn: posts small blind 15
Mahu2021: posts big blind 30
*** HOLE CARDS ***
Dealt to Mahu2021 [8s 4c]
GameleiraGyn: raises 60 to 90
Mahu2021: folds 
Uncalled bet (60) returned to GameleiraGyn
GameleiraGyn collected 60 from pot
GameleiraGyn: doesn't show hand 
*** SUMMARY ***
Total pot 60 | Rake 0 
Seat 2: Mahu2021 (big blind) folded before Flop
Seat 3: GameleiraGyn (button) (small blind) collected (60)



PokerStars Hand #247028144221: Tournament #3671303385, $1.84+$0.16 USD Hold'em No Limit - Level II (15/30) - 2023/11/10 15:20:39 CET [2023/11/10 9:20:39 ET]
Table '3671303385 1' 3-max Seat #2 is the button
Seat 2: Mahu2021 (660 in chips) 
Seat 3: GameleiraGyn (840 in chips) 
Mahu2021: posts small blind 15
GameleiraGyn: posts big blind 30
*** HOLE CARDS ***
Dealt to Mahu2021 [3h Jd]
Mahu2021: raises 30 to 60
GameleiraGyn: raises 780 to 840 and is all-in
Mahu2021: folds 
Uncalled bet (780) returned to GameleiraGyn
GameleiraGyn collected 120 from pot
GameleiraGyn: doesn't show hand 
*** SUMMARY ***
Total pot 120 | Rake 0 
Seat 2: Mahu2021 (button) (small blind) folded before Flop
Seat 3: GameleiraGyn (big blind) collected (120)



PokerStars Hand #247028146419: Tournament #3671303385, $1.84+$0.16 USD Hold'em No Limit - Level II (15/30) - 2023/11/10 15:20:50 CET [2023/11/10 9:20:50 ET]
Table '3671303385 1' 3-max Seat #3 is the button
Seat 2: Mahu2021 (600 in chips) 
Seat 3: GameleiraGyn (900 in chips) 
GameleiraGyn: posts small blind 15
Mahu2021: posts big blind 30
*** HOLE CARDS ***
Dealt to Mahu2021 [Kc Th]
GameleiraGyn: calls 15
Mahu2021: checks 
*** FLOP *** [4s 8h 9s]
Mahu2021: checks 
GameleiraGyn: checks 
*** TURN *** [4s 8h 9s] [As]
Mahu2021: checks 
GameleiraGyn: checks 
*** RIVER *** [4s 8h 9s As] [3s]
Mahu2021: bets 30
GameleiraGyn: raises 840 to 870 and is all-in
Mahu2021: folds 
Uncalled bet (840) returned to GameleiraGyn
GameleiraGyn collected 120 from pot
GameleiraGyn: doesn't show hand 
*** SUMMARY ***
Total pot 120 | Rake 0 
Board [4s 8h 9s As 3s]
Seat 2: Mahu2021 (big blind) folded on the River
Seat 3: GameleiraGyn (button) (small blind) collected (120)



PokerStars Hand #247028150404: Tournament #3671303385, $1.84+$0.16 USD Hold'em No Limit - Level II (15/30) - 2023/11/10 15:21:07 CET [2023/11/10 9:21:07 ET]
Table '3671303385 1' 3-max Seat #2 is the button
Seat 2: Mahu2021 (540 in chips) 
Seat 3: GameleiraGyn (960 in chips) 
Mahu2021: posts small blind 15
GameleiraGyn: posts big blind 30
*** HOLE CARDS ***
Dealt to Mahu2021 [9c 5s]
Mahu2021: folds 
Uncalled bet (15) returned to GameleiraGyn
GameleiraGyn collected 30 from pot
GameleiraGyn: doesn't show hand 
*** SUMMARY ***
Total pot 30 | Rake 0 
Seat 2: Mahu2021 (button) (small blind) folded before Flop
Seat 3: GameleiraGyn (big blind) collected (30)



PokerStars Hand #247028151326: Tournament #3671303385, $1.84+$0.16 USD Hold'em No Limit - Level II (15/30) - 2023/11/10 15:21:12 CET [2023/11/10 9:21:12 ET]
Table '3671303385 1' 3-max Seat #3 is the button
Seat 2: Mahu2021 (525 in chips) 
Seat 3: GameleiraGyn (975 in chips) 
GameleiraGyn: posts small blind 15
Mahu2021: posts big blind 30
*** HOLE CARDS ***
Dealt to Mahu2021 [9d Td]
GameleiraGyn: calls 15
Mahu2021: checks 
*** FLOP *** [As 6d 7d]
Mahu2021: bets 30
GameleiraGyn: calls 30
*** TURN *** [As 6d 7d] [3c]
Mahu2021: bets 30
GameleiraGyn: calls 30
*** RIVER *** [As 6d 7d 3c] [6h]
Mahu2021: bets 30
GameleiraGyn: raises 240 to 270
Mahu2021: folds 
Uncalled bet (240) returned to GameleiraGyn
GameleiraGyn collected 240 from pot
GameleiraGyn: doesn't show hand 
*** SUMMARY ***
Total pot 240 | Rake 0 
Board [As 6d 7d 3c 6h]
Seat 2: Mahu2021 (big blind) folded on the River
Seat 3: GameleiraGyn (button) (small blind) collected (240)



PokerStars Hand #247028156158: Tournament #3671303385, $1.84+$0.16 USD Hold'em No Limit - Level III (20/40) - 2023/11/10 15:21:34 CET [2023/11/10 9:21:34 ET]
Table '3671303385 1' 3-max Seat #2 is the button
Seat 2: Mahu2021 (405 in chips) 
Seat 3: GameleiraGyn (1095 in chips) 
Mahu2021: posts small blind 20
GameleiraGyn: posts big blind 40
*** HOLE CARDS ***
Dealt to Mahu2021 [8c 6c]
Mahu2021: folds 
Uncalled bet (20) returned to GameleiraGyn
GameleiraGyn collected 40 from pot
GameleiraGyn: doesn't show hand 
*** SUMMARY ***
Total pot 40 | Rake 0 
Seat 2: Mahu2021 (button) (small blind) folded before Flop
Seat 3: GameleiraGyn (big blind) collected (40)



PokerStars Hand #247028157133: Tournament #3671303385, $1.84+$0.16 USD Hold'em No Limit - Level III (20/40) - 2023/11/10 15:21:39 CET [2023/11/10 9:21:39 ET]
Table '3671303385 1' 3-max Seat #3 is the button
Seat 2: Mahu2021 (385 in chips) 
Seat 3: GameleiraGyn (1115 in chips) 
GameleiraGyn: posts small blind 20
Mahu2021: posts big blind 40
*** HOLE CARDS ***
Dealt to Mahu2021 [3d 5h]
GameleiraGyn: folds 
Uncalled bet (20) returned to Mahu2021
Mahu2021 collected 40 from pot
Mahu2021: doesn't show hand 
*** SUMMARY ***
Total pot 40 | Rake 0 
Seat 2: Mahu2021 (big blind) collected (40)
Seat 3: GameleiraGyn (button) (small blind) folded before Flop



PokerStars Hand #247028158254: Tournament #3671303385, $1.84+$0.16 USD Hold'em No Limit - Level III (20/40) - 2023/11/10 15:21:44 CET [2023/11/10 9:21:44 ET]
Table '3671303385 1' 3-max Seat #2 is the button
Seat 2: Mahu2021 (405 in chips) 
Seat 3: GameleiraGyn (1095 in chips) 
Mahu2021: posts small blind 20
GameleiraGyn: posts big blind 40
*** HOLE CARDS ***
Dealt to Mahu2021 [Ad 3s]
Mahu2021: raises 40 to 80
GameleiraGyn: calls 40
*** FLOP *** [Kd 5h Kh]
GameleiraGyn: bets 80
Mahu2021: folds 
Uncalled bet (80) returned to GameleiraGyn
GameleiraGyn collected 160 from pot
GameleiraGyn: doesn't show hand 
*** SUMMARY ***
Total pot 160 | Rake 0 
Board [Kd 5h Kh]
Seat 2: Mahu2021 (button) (small blind) folded on the Flop
Seat 3: GameleiraGyn (big blind) collected (160)



PokerStars Hand #247028163620: Tournament #3671303385, $1.84+$0.16 USD Hold'em No Limit - Level III (20/40) - 2023/11/10 15:22:08 CET [2023/11/10 9:22:08 ET]
Table '3671303385 1' 3-max Seat #3 is the button
Seat 2: Mahu2021 (325 in chips) 
Seat 3: GameleiraGyn (1175 in chips) 
GameleiraGyn: posts small blind 20
Mahu2021: posts big blind 40
*** HOLE CARDS ***
Dealt to Mahu2021 [8h 7d]
GameleiraGyn: calls 20
Mahu2021: checks 
*** FLOP *** [6h 3c 6s]
Mahu2021: checks 
GameleiraGyn: checks 
*** TURN *** [6h 3c 6s] [Kd]
Mahu2021: bets 40
GameleiraGyn: folds 
Uncalled bet (40) returned to Mahu2021
Mahu2021 collected 80 from pot
Mahu2021: doesn't show hand 
*** SUMMARY ***
Total pot 80 | Rake 0 
Board [6h 3c 6s Kd]
Seat 2: Mahu2021 (big blind) collected (80)
Seat 3: GameleiraGyn (button) (small blind) folded on the Turn



PokerStars Hand #247028167820: Tournament #3671303385, $1.84+$0.16 USD Hold'em No Limit - Level III (20/40) - 2023/11/10 15:22:27 CET [2023/11/10 9:22:27 ET]
Table '3671303385 1' 3-max Seat #2 is the button
Seat 2: Mahu2021 (365 in chips) 
Seat 3: GameleiraGyn (1135 in chips) 
Mahu2021: posts small blind 20
GameleiraGyn: posts big blind 40
*** HOLE CARDS ***
Dealt to Mahu2021 [Ts 9c]
Mahu2021: calls 20
GameleiraGyn: raises 1095 to 1135 and is all-in
Mahu2021: folds 
Uncalled bet (1095) returned to GameleiraGyn
GameleiraGyn collected 80 from pot
GameleiraGyn: doesn't show hand 
*** SUMMARY ***
Total pot 80 | Rake 0 
Seat 2: Mahu2021 (button) (small blind) folded before Flop
Seat 3: GameleiraGyn (big blind) collected (80)



PokerStars Hand #247028169722: Tournament #3671303385, $1.84+$0.16 USD Hold'em No Limit - Level III (20/40) - 2023/11/10 15:22:36 CET [2023/11/10 9:22:36 ET]
Table '3671303385 1' 3-max Seat #3 is the button
Seat 2: Mahu2021 (325 in chips) 
Seat 3: GameleiraGyn (1175 in chips) 
GameleiraGyn: posts small blind 20
Mahu2021: posts big blind 40
*** HOLE CARDS ***
Dealt to Mahu2021 [Jh 6s]
GameleiraGyn: calls 20
Mahu2021: checks 
*** FLOP *** [4s Qc 4h]
Mahu2021: checks 
GameleiraGyn: bets 40
Mahu2021: folds 
Uncalled bet (40) returned to GameleiraGyn
GameleiraGyn collected 80 from pot
GameleiraGyn: doesn't show hand 
*** SUMMARY ***
Total pot 80 | Rake 0 
Board [4s Qc 4h]
Seat 2: Mahu2021 (big blind) folded on the Flop
Seat 3: GameleiraGyn (button) (small blind) collected (80)



PokerStars Hand #247028172062: Tournament #3671303385, $1.84+$0.16 USD Hold'em No Limit - Level III (20/40) - 2023/11/10 15:22:47 CET [2023/11/10 9:22:47 ET]
Table '3671303385 1' 3-max Seat #2 is the button
Seat 2: Mahu2021 (285 in chips) 
Seat 3: GameleiraGyn (1215 in chips) 
Mahu2021: posts small blind 20
GameleiraGyn: posts big blind 40
*** HOLE CARDS ***
Dealt to Mahu2021 [9d 6h]
Mahu2021: folds 
Uncalled bet (20) returned to GameleiraGyn
GameleiraGyn collected 40 from pot
GameleiraGyn: doesn't show hand 
*** SUMMARY ***
Total pot 40 | Rake 0 
Seat 2: Mahu2021 (button) (small blind) folded before Flop
Seat 3: GameleiraGyn (big blind) collected (40)



PokerStars Hand #247028173062: Tournament #3671303385, $1.84+$0.16 USD Hold'em No Limit - Level III (20/40) - 2023/11/10 15:22:51 CET [2023/11/10 9:22:51 ET]
Table '3671303385 1' 3-max Seat #3 is the button
Seat 2: Mahu2021 (265 in chips) 
Seat 3: GameleiraGyn (1235 in chips) 
GameleiraGyn: posts small blind 20
Mahu2021: posts big blind 40
*** HOLE CARDS ***
Dealt to Mahu2021 [Qc 6h]
GameleiraGyn: calls 20
Mahu2021: checks 
*** FLOP *** [7d 3h 8h]
Mahu2021: checks 
GameleiraGyn: bets 80
Mahu2021: folds 
Uncalled bet (80) returned to GameleiraGyn
GameleiraGyn collected 80 from pot
GameleiraGyn: doesn't show hand 
*** SUMMARY ***
Total pot 80 | Rake 0 
Board [7d 3h 8h]
Seat 2: Mahu2021 (big blind) folded on the Flop
Seat 3: GameleiraGyn (button) (small blind) collected (80)



PokerStars Hand #247028175356: Tournament #3671303385, $1.84+$0.16 USD Hold'em No Limit - Level III (20/40) - 2023/11/10 15:23:01 CET [2023/11/10 9:23:01 ET]
Table '3671303385 1' 3-max Seat #2 is the button
Seat 2: Mahu2021 (225 in chips) 
Seat 3: GameleiraGyn (1275 in chips) 
Mahu2021: posts small blind 20
GameleiraGyn: posts big blind 40
*** HOLE CARDS ***
Dealt to Mahu2021 [Td Ad]
Mahu2021: calls 20
GameleiraGyn: checks 
*** FLOP *** [Jd Th Kd]
GameleiraGyn: checks 
Mahu2021: bets 40
GameleiraGyn: calls 40
*** TURN *** [Jd Th Kd] [5h]
GameleiraGyn: checks 
Mahu2021: bets 145 and is all-in
GameleiraGyn: calls 145
*** RIVER *** [Jd Th Kd 5h] [Jc]
*** SHOW DOWN ***
GameleiraGyn: shows [Jh 7c] (three of a kind, Jacks)
Mahu2021: shows [Td Ad] (two pair, Jacks and Tens)
GameleiraGyn collected 450 from pot
Mahu2021 finished the tournament in 2nd place
GameleiraGyn wins the tournament and receives $10.00 - congratulations!
*** SUMMARY ***
Total pot 450 | Rake 0 
Board [Jd Th Kd 5h Jc]
Seat 2: Mahu2021 (button) (small blind) showed [Td Ad] and lost with two pair, Jacks and Tens
Seat 3: GameleiraGyn (big blind) showed [Jh 7c] and won (450) with three of a kind, Jacks



