PokerStars Hand #252462868231: Tournament #3800831395, $1.84+$0.16 USD Hold'em No Limit - Level I (10/20) - 2024/09/15 18:39:48 CET [2024/09/15 12:39:48 ET]
Table '3800831395 1' 3-max Seat #1 is the button
Seat 1: Mahu2021 (500 in chips) 
Seat 2: mehsada (500 in chips) 
Seat 3: FBJr687 (500 in chips) 
mehsada: posts small blind 10
FBJr687: posts big blind 20
*** HOLE CARDS ***
Dealt to Mahu2021 [Tc 4h]
Mahu2021: folds 
mehsada: calls 10
FBJr687: checks 
*** FLOP *** [4c 3d Kc]
mehsada: bets 20
FBJr687: raises 40 to 60
mehsada: folds 
Uncalled bet (40) returned to FBJr687
FBJr687 collected 80 from pot
FBJr687: doesn't show hand 
*** SUMMARY ***
Total pot 80 | Rake 0 
Board [4c 3d Kc]
Seat 1: Mahu2021 (button) folded before Flop (didn't bet)
Seat 2: mehsada (small blind) folded on the Flop
Seat 3: FBJr687 (big blind) collected (80)



PokerStars Hand #252462874554: Tournament #3800831395, $1.84+$0.16 USD Hold'em No Limit - Level I (10/20) - 2024/09/15 18:40:10 CET [2024/09/15 12:40:10 ET]
Table '3800831395 1' 3-max Seat #2 is the button
Seat 1: Mahu2021 (500 in chips) 
Seat 2: mehsada (460 in chips) 
Seat 3: FBJr687 (540 in chips) 
FBJr687: posts small blind 10
Mahu2021: posts big blind 20
*** HOLE CARDS ***
Dealt to Mahu2021 [3s 3h]
mehsada: folds 
FBJr687: calls 10
Mahu2021: raises 60 to 80
FBJr687: folds 
Uncalled bet (60) returned to Mahu2021
Mahu2021 collected 40 from pot
Mahu2021: doesn't show hand 
*** SUMMARY ***
Total pot 40 | Rake 0 
Seat 1: Mahu2021 (big blind) collected (40)
Seat 2: mehsada (button) folded before Flop (didn't bet)
Seat 3: FBJr687 (small blind) folded before Flop



PokerStars Hand #252462877298: Tournament #3800831395, $1.84+$0.16 USD Hold'em No Limit - Level I (10/20) - 2024/09/15 18:40:19 CET [2024/09/15 12:40:19 ET]
Table '3800831395 1' 3-max Seat #3 is the button
Seat 1: Mahu2021 (520 in chips) 
Seat 2: mehsada (460 in chips) 
Seat 3: FBJr687 (520 in chips) 
Mahu2021: posts small blind 10
mehsada: posts big blind 20
*** HOLE CARDS ***
Dealt to Mahu2021 [Qh 7d]
FBJr687: raises 20 to 40
Mahu2021: folds 
mehsada: calls 20
*** FLOP *** [Ts 6h Qc]
mehsada: checks 
FBJr687: bets 60
mehsada: folds 
Uncalled bet (60) returned to FBJr687
FBJr687 collected 90 from pot
FBJr687: doesn't show hand 
*** SUMMARY ***
Total pot 90 | Rake 0 
Board [Ts 6h Qc]
Seat 1: Mahu2021 (small blind) folded before Flop
Seat 2: mehsada (big blind) folded on the Flop
Seat 3: FBJr687 (button) collected (90)



PokerStars Hand #252462881510: Tournament #3800831395, $1.84+$0.16 USD Hold'em No Limit - Level I (10/20) - 2024/09/15 18:40:33 CET [2024/09/15 12:40:33 ET]
Table '3800831395 1' 3-max Seat #1 is the button
Seat 1: Mahu2021 (510 in chips) 
Seat 2: mehsada (420 in chips) 
Seat 3: FBJr687 (570 in chips) 
mehsada: posts small blind 10
FBJr687: posts big blind 20
*** HOLE CARDS ***
Dealt to Mahu2021 [9h Th]
Mahu2021: raises 20 to 40
mehsada: calls 30
FBJr687: folds 
*** FLOP *** [9c Kh 2s]
mehsada: bets 50
Mahu2021: calls 50
*** TURN *** [9c Kh 2s] [4s]
mehsada: bets 330 and is all-in
Mahu2021: folds 
Uncalled bet (330) returned to mehsada
mehsada collected 200 from pot
*** SUMMARY ***
Total pot 200 | Rake 0 
Board [9c Kh 2s 4s]
Seat 1: Mahu2021 (button) folded on the Turn
Seat 2: mehsada (small blind) collected (200)
Seat 3: FBJr687 (big blind) folded before Flop



PokerStars Hand #252462886856: Tournament #3800831395, $1.84+$0.16 USD Hold'em No Limit - Level I (10/20) - 2024/09/15 18:40:51 CET [2024/09/15 12:40:51 ET]
Table '3800831395 1' 3-max Seat #2 is the button
Seat 1: Mahu2021 (420 in chips) 
Seat 2: mehsada (530 in chips) 
Seat 3: FBJr687 (550 in chips) 
FBJr687: posts small blind 10
Mahu2021: posts big blind 20
*** HOLE CARDS ***
Dealt to Mahu2021 [Kd Th]
mehsada: calls 20
FBJr687: calls 10
Mahu2021: checks 
*** FLOP *** [Ad 9c Qd]
FBJr687: checks 
Mahu2021: checks 
mehsada: checks 
*** TURN *** [Ad 9c Qd] [5d]
FBJr687: bets 40
Mahu2021: calls 40
mehsada: folds 
*** RIVER *** [Ad 9c Qd 5d] [4d]
FBJr687: checks 
Mahu2021: bets 140
FBJr687: folds 
Uncalled bet (140) returned to Mahu2021
Mahu2021 collected 140 from pot
Mahu2021: doesn't show hand 
*** SUMMARY ***
Total pot 140 | Rake 0 
Board [Ad 9c Qd 5d 4d]
Seat 1: Mahu2021 (big blind) collected (140)
Seat 2: mehsada (button) folded on the Turn
Seat 3: FBJr687 (small blind) folded on the River



PokerStars Hand #252462894596: Tournament #3800831395, $1.84+$0.16 USD Hold'em No Limit - Level I (10/20) - 2024/09/15 18:41:17 CET [2024/09/15 12:41:17 ET]
Table '3800831395 1' 3-max Seat #3 is the button
Seat 1: Mahu2021 (500 in chips) 
Seat 2: mehsada (510 in chips) 
Seat 3: FBJr687 (490 in chips) 
Mahu2021: posts small blind 10
mehsada: posts big blind 20
*** HOLE CARDS ***
Dealt to Mahu2021 [2d Jc]
FBJr687: calls 20
Mahu2021: calls 10
mehsada: raises 20 to 40
FBJr687: folds 
Mahu2021: calls 20
*** FLOP *** [7h 9h Kh]
Mahu2021: checks 
mehsada: checks 
*** TURN *** [7h 9h Kh] [Ad]
Mahu2021: checks 
mehsada: checks 
*** RIVER *** [7h 9h Kh Ad] [5s]
Mahu2021: bets 20
mehsada: calls 20
*** SHOW DOWN ***
Mahu2021: shows [2d Jc] (high card Ace)
mehsada: shows [6h 6d] (a pair of Sixes)
mehsada collected 140 from pot
*** SUMMARY ***
Total pot 140 | Rake 0 
Board [7h 9h Kh Ad 5s]
Seat 1: Mahu2021 (small blind) showed [2d Jc] and lost with high card Ace
Seat 2: mehsada (big blind) showed [6h 6d] and won (140) with a pair of Sixes
Seat 3: FBJr687 (button) folded before Flop



PokerStars Hand #252462900012: Tournament #3800831395, $1.84+$0.16 USD Hold'em No Limit - Level I (10/20) - 2024/09/15 18:41:35 CET [2024/09/15 12:41:35 ET]
Table '3800831395 1' 3-max Seat #1 is the button
Seat 1: Mahu2021 (440 in chips) 
Seat 2: mehsada (590 in chips) 
Seat 3: FBJr687 (470 in chips) 
mehsada: posts small blind 10
FBJr687: posts big blind 20
*** HOLE CARDS ***
Dealt to Mahu2021 [Kh 9d]
Mahu2021: raises 20 to 40
mehsada: calls 30
FBJr687: calls 20
*** FLOP *** [9h 3d 7s]
mehsada: checks 
FBJr687: bets 40
Mahu2021: calls 40
mehsada: calls 40
*** TURN *** [9h 3d 7s] [Ks]
mehsada: checks 
FBJr687: bets 103
Mahu2021: calls 103
mehsada: folds 
*** RIVER *** [9h 3d 7s Ks] [Jc]
FBJr687: bets 120
Mahu2021: calls 120
*** SHOW DOWN ***
FBJr687: shows [Kd 3h] (two pair, Kings and Threes)
Mahu2021: shows [Kh 9d] (two pair, Kings and Nines)
Mahu2021 collected 686 from pot
*** SUMMARY ***
Total pot 686 | Rake 0 
Board [9h 3d 7s Ks Jc]
Seat 1: Mahu2021 (button) showed [Kh 9d] and won (686) with two pair, Kings and Nines
Seat 2: mehsada (small blind) folded on the Turn
Seat 3: FBJr687 (big blind) showed [Kd 3h] and lost with two pair, Kings and Threes



PokerStars Hand #252462909051: Tournament #3800831395, $1.84+$0.16 USD Hold'em No Limit - Level I (10/20) - 2024/09/15 18:42:05 CET [2024/09/15 12:42:05 ET]
Table '3800831395 1' 3-max Seat #2 is the button
Seat 1: Mahu2021 (823 in chips) 
Seat 2: mehsada (510 in chips) 
Seat 3: FBJr687 (167 in chips) 
FBJr687: posts small blind 10
Mahu2021: posts big blind 20
*** HOLE CARDS ***
Dealt to Mahu2021 [7c 6h]
mehsada: calls 20
FBJr687: calls 10
Mahu2021: checks 
*** FLOP *** [3h Tc Td]
FBJr687: checks 
Mahu2021: checks 
mehsada: checks 
*** TURN *** [3h Tc Td] [8c]
FBJr687: bets 147 and is all-in
Mahu2021: folds 
mehsada: folds 
Uncalled bet (147) returned to FBJr687
FBJr687 collected 60 from pot
FBJr687: doesn't show hand 
*** SUMMARY ***
Total pot 60 | Rake 0 
Board [3h Tc Td 8c]
Seat 1: Mahu2021 (big blind) folded on the Turn
Seat 2: mehsada (button) folded on the Turn
Seat 3: FBJr687 (small blind) collected (60)



PokerStars Hand #252462915156: Tournament #3800831395, $1.84+$0.16 USD Hold'em No Limit - Level I (10/20) - 2024/09/15 18:42:25 CET [2024/09/15 12:42:25 ET]
Table '3800831395 1' 3-max Seat #3 is the button
Seat 1: Mahu2021 (803 in chips) 
Seat 2: mehsada (490 in chips) 
Seat 3: FBJr687 (207 in chips) 
Mahu2021: posts small blind 10
mehsada: posts big blind 20
*** HOLE CARDS ***
Dealt to Mahu2021 [7s 6c]
FBJr687: raises 187 to 207 and is all-in
Mahu2021: folds 
mehsada: folds 
Uncalled bet (187) returned to FBJr687
FBJr687 collected 50 from pot
FBJr687: doesn't show hand 
*** SUMMARY ***
Total pot 50 | Rake 0 
Seat 1: Mahu2021 (small blind) folded before Flop
Seat 2: mehsada (big blind) folded before Flop
Seat 3: FBJr687 (button) collected (50)



PokerStars Hand #252462917370: Tournament #3800831395, $1.84+$0.16 USD Hold'em No Limit - Level I (10/20) - 2024/09/15 18:42:33 CET [2024/09/15 12:42:33 ET]
Table '3800831395 1' 3-max Seat #1 is the button
Seat 1: Mahu2021 (793 in chips) 
Seat 2: mehsada (470 in chips) 
Seat 3: FBJr687 (237 in chips) 
mehsada: posts small blind 10
FBJr687: posts big blind 20
*** HOLE CARDS ***
Dealt to Mahu2021 [Th 6h]
Mahu2021: calls 20
mehsada: folds 
FBJr687: raises 217 to 237 and is all-in
Mahu2021: folds 
Uncalled bet (217) returned to FBJr687
FBJr687 collected 50 from pot
FBJr687: doesn't show hand 
*** SUMMARY ***
Total pot 50 | Rake 0 
Seat 1: Mahu2021 (button) folded before Flop
Seat 2: mehsada (small blind) folded before Flop
Seat 3: FBJr687 (big blind) collected (50)



PokerStars Hand #252462920062: Tournament #3800831395, $1.84+$0.16 USD Hold'em No Limit - Level I (10/20) - 2024/09/15 18:42:42 CET [2024/09/15 12:42:42 ET]
Table '3800831395 1' 3-max Seat #2 is the button
Seat 1: Mahu2021 (773 in chips) 
Seat 2: mehsada (460 in chips) 
Seat 3: FBJr687 (267 in chips) 
FBJr687: posts small blind 10
Mahu2021: posts big blind 20
*** HOLE CARDS ***
Dealt to Mahu2021 [8c 9h]
mehsada: folds 
FBJr687: calls 10
Mahu2021: checks 
*** FLOP *** [3c Qc Td]
FBJr687: checks 
Mahu2021: checks 
*** TURN *** [3c Qc Td] [7s]
FBJr687: bets 60
Mahu2021: calls 60
*** RIVER *** [3c Qc Td 7s] [Ks]
FBJr687: checks 
Mahu2021: bets 693 and is all-in
FBJr687: folds 
Uncalled bet (693) returned to Mahu2021
Mahu2021 collected 160 from pot
Mahu2021: doesn't show hand 
*** SUMMARY ***
Total pot 160 | Rake 0 
Board [3c Qc Td 7s Ks]
Seat 1: Mahu2021 (big blind) collected (160)
Seat 2: mehsada (button) folded before Flop (didn't bet)
Seat 3: FBJr687 (small blind) folded on the River



PokerStars Hand #252462929636: Tournament #3800831395, $1.84+$0.16 USD Hold'em No Limit - Level II (15/30) - 2024/09/15 18:43:13 CET [2024/09/15 12:43:13 ET]
Table '3800831395 1' 3-max Seat #3 is the button
Seat 1: Mahu2021 (853 in chips) 
Seat 2: mehsada (460 in chips) 
Seat 3: FBJr687 (187 in chips) 
Mahu2021: posts small blind 15
mehsada: posts big blind 30
*** HOLE CARDS ***
Dealt to Mahu2021 [3c 9s]
FBJr687: raises 157 to 187 and is all-in
Mahu2021: folds 
mehsada: folds 
Uncalled bet (157) returned to FBJr687
FBJr687 collected 75 from pot
FBJr687: doesn't show hand 
*** SUMMARY ***
Total pot 75 | Rake 0 
Seat 1: Mahu2021 (small blind) folded before Flop
Seat 2: mehsada (big blind) folded before Flop
Seat 3: FBJr687 (button) collected (75)



PokerStars Hand #252462931828: Tournament #3800831395, $1.84+$0.16 USD Hold'em No Limit - Level II (15/30) - 2024/09/15 18:43:21 CET [2024/09/15 12:43:21 ET]
Table '3800831395 1' 3-max Seat #1 is the button
Seat 1: Mahu2021 (838 in chips) 
Seat 2: mehsada (430 in chips) 
Seat 3: FBJr687 (232 in chips) 
mehsada: posts small blind 15
FBJr687: posts big blind 30
*** HOLE CARDS ***
Dealt to Mahu2021 [3c 9c]
Mahu2021: folds 
mehsada: folds 
Uncalled bet (15) returned to FBJr687
FBJr687 collected 30 from pot
FBJr687: doesn't show hand 
*** SUMMARY ***
Total pot 30 | Rake 0 
Seat 1: Mahu2021 (button) folded before Flop (didn't bet)
Seat 2: mehsada (small blind) folded before Flop
Seat 3: FBJr687 (big blind) collected (30)



PokerStars Hand #252462933180: Tournament #3800831395, $1.84+$0.16 USD Hold'em No Limit - Level II (15/30) - 2024/09/15 18:43:25 CET [2024/09/15 12:43:25 ET]
Table '3800831395 1' 3-max Seat #2 is the button
Seat 1: Mahu2021 (838 in chips) 
Seat 2: mehsada (415 in chips) 
Seat 3: FBJr687 (247 in chips) 
FBJr687: posts small blind 15
Mahu2021: posts big blind 30
*** HOLE CARDS ***
Dealt to Mahu2021 [4c 3c]
mehsada: raises 30 to 60
FBJr687: raises 187 to 247 and is all-in
Mahu2021: folds 
mehsada: calls 187
*** FLOP *** [Ad 9s Td]
*** TURN *** [Ad 9s Td] [7c]
*** RIVER *** [Ad 9s Td 7c] [8h]
*** SHOW DOWN ***
FBJr687: shows [As Qh] (a pair of Aces)
mehsada: shows [Js Qd] (a straight, Eight to Queen)
mehsada collected 524 from pot
FBJr687 finished the tournament in 3rd place
*** SUMMARY ***
Total pot 524 | Rake 0 
Board [Ad 9s Td 7c 8h]
Seat 1: Mahu2021 (big blind) folded before Flop
Seat 2: mehsada (button) showed [Js Qd] and won (524) with a straight, Eight to Queen
Seat 3: FBJr687 (small blind) showed [As Qh] and lost with a pair of Aces



PokerStars Hand #252462938681: Tournament #3800831395, $1.84+$0.16 USD Hold'em No Limit - Level II (15/30) - 2024/09/15 18:43:44 CET [2024/09/15 12:43:44 ET]
Table '3800831395 1' 3-max Seat #1 is the button
Seat 1: Mahu2021 (808 in chips) 
Seat 2: mehsada (692 in chips) 
Mahu2021: posts small blind 15
mehsada: posts big blind 30
*** HOLE CARDS ***
Dealt to Mahu2021 [6s 4d]
Mahu2021: folds 
Uncalled bet (15) returned to mehsada
mehsada collected 30 from pot
*** SUMMARY ***
Total pot 30 | Rake 0 
Seat 1: Mahu2021 (button) (small blind) folded before Flop
Seat 2: mehsada (big blind) collected (30)



PokerStars Hand #252462940459: Tournament #3800831395, $1.84+$0.16 USD Hold'em No Limit - Level II (15/30) - 2024/09/15 18:43:50 CET [2024/09/15 12:43:50 ET]
Table '3800831395 1' 3-max Seat #2 is the button
Seat 1: Mahu2021 (793 in chips) 
Seat 2: mehsada (707 in chips) 
mehsada: posts small blind 15
Mahu2021: posts big blind 30
*** HOLE CARDS ***
Dealt to Mahu2021 [8s 9s]
mehsada: raises 30 to 60
Mahu2021: calls 30
*** FLOP *** [Ac Jd 4h]
Mahu2021: checks 
mehsada: checks 
*** TURN *** [Ac Jd 4h] [Jh]
Mahu2021: checks 
mehsada: checks 
*** RIVER *** [Ac Jd 4h Jh] [3d]
Mahu2021: bets 60
mehsada: raises 60 to 120
Mahu2021: folds 
Uncalled bet (60) returned to mehsada
mehsada collected 240 from pot
*** SUMMARY ***
Total pot 240 | Rake 0 
Board [Ac Jd 4h Jh 3d]
Seat 1: Mahu2021 (big blind) folded on the River
Seat 2: mehsada (button) (small blind) collected (240)



PokerStars Hand #252462945086: Tournament #3800831395, $1.84+$0.16 USD Hold'em No Limit - Level II (15/30) - 2024/09/15 18:44:05 CET [2024/09/15 12:44:05 ET]
Table '3800831395 1' 3-max Seat #1 is the button
Seat 1: Mahu2021 (673 in chips) 
Seat 2: mehsada (827 in chips) 
Mahu2021: posts small blind 15
mehsada: posts big blind 30
*** HOLE CARDS ***
Dealt to Mahu2021 [Qh 4d]
Mahu2021: calls 15
mehsada: checks 
*** FLOP *** [7d Jd 2h]
mehsada: checks 
Mahu2021: checks 
*** TURN *** [7d Jd 2h] [8h]
mehsada: checks 
Mahu2021: checks 
*** RIVER *** [7d Jd 2h 8h] [4c]
mehsada: bets 30
Mahu2021: calls 30
*** SHOW DOWN ***
mehsada: shows [8s 5s] (a pair of Eights)
Mahu2021: mucks hand 
mehsada collected 120 from pot
*** SUMMARY ***
Total pot 120 | Rake 0 
Board [7d Jd 2h 8h 4c]
Seat 1: Mahu2021 (button) (small blind) mucked [Qh 4d]
Seat 2: mehsada (big blind) showed [8s 5s] and won (120) with a pair of Eights



PokerStars Hand #252462949013: Tournament #3800831395, $1.84+$0.16 USD Hold'em No Limit - Level II (15/30) - 2024/09/15 18:44:19 CET [2024/09/15 12:44:19 ET]
Table '3800831395 1' 3-max Seat #2 is the button
Seat 1: Mahu2021 (613 in chips) 
Seat 2: mehsada (887 in chips) 
mehsada: posts small blind 15
Mahu2021: posts big blind 30
*** HOLE CARDS ***
Dealt to Mahu2021 [2s 3s]
mehsada: raises 30 to 60
Mahu2021: calls 30
*** FLOP *** [4c 3c 5c]
Mahu2021: bets 553 and is all-in
mehsada: folds 
Uncalled bet (553) returned to Mahu2021
Mahu2021 collected 120 from pot
Mahu2021: doesn't show hand 
*** SUMMARY ***
Total pot 120 | Rake 0 
Board [4c 3c 5c]
Seat 1: Mahu2021 (big blind) collected (120)
Seat 2: mehsada (button) (small blind) folded on the Flop



PokerStars Hand #252462952933: Tournament #3800831395, $1.84+$0.16 USD Hold'em No Limit - Level II (15/30) - 2024/09/15 18:44:32 CET [2024/09/15 12:44:32 ET]
Table '3800831395 1' 3-max Seat #1 is the button
Seat 1: Mahu2021 (673 in chips) 
Seat 2: mehsada (827 in chips) 
Mahu2021: posts small blind 15
mehsada: posts big blind 30
*** HOLE CARDS ***
Dealt to Mahu2021 [7d 2d]
Mahu2021: folds 
Uncalled bet (15) returned to mehsada
mehsada collected 30 from pot
*** SUMMARY ***
Total pot 30 | Rake 0 
Seat 1: Mahu2021 (button) (small blind) folded before Flop
Seat 2: mehsada (big blind) collected (30)



PokerStars Hand #252462954306: Tournament #3800831395, $1.84+$0.16 USD Hold'em No Limit - Level II (15/30) - 2024/09/15 18:44:36 CET [2024/09/15 12:44:36 ET]
Table '3800831395 1' 3-max Seat #2 is the button
Seat 1: Mahu2021 (658 in chips) 
Seat 2: mehsada (842 in chips) 
mehsada: posts small blind 15
Mahu2021: posts big blind 30
*** HOLE CARDS ***
Dealt to Mahu2021 [Kh 3s]
mehsada: calls 15
Mahu2021: checks 
*** FLOP *** [2c 6h Jc]
Mahu2021: checks 
mehsada: checks 
*** TURN *** [2c 6h Jc] [9h]
Mahu2021: checks 
mehsada: checks 
*** RIVER *** [2c 6h Jc 9h] [3c]
Mahu2021: checks 
mehsada: bets 30
Mahu2021: calls 30
*** SHOW DOWN ***
mehsada: shows [4h As] (high card Ace)
Mahu2021: shows [Kh 3s] (a pair of Threes)
Mahu2021 collected 120 from pot
*** SUMMARY ***
Total pot 120 | Rake 0 
Board [2c 6h Jc 9h 3c]
Seat 1: Mahu2021 (big blind) showed [Kh 3s] and won (120) with a pair of Threes
Seat 2: mehsada (button) (small blind) showed [4h As] and lost with high card Ace



PokerStars Hand #252462958480: Tournament #3800831395, $1.84+$0.16 USD Hold'em No Limit - Level II (15/30) - 2024/09/15 18:44:50 CET [2024/09/15 12:44:50 ET]
Table '3800831395 1' 3-max Seat #1 is the button
Seat 1: Mahu2021 (718 in chips) 
Seat 2: mehsada (782 in chips) 
Mahu2021: posts small blind 15
mehsada: posts big blind 30
*** HOLE CARDS ***
Dealt to Mahu2021 [Kh 2h]
Mahu2021: raises 30 to 60
mehsada: raises 722 to 782 and is all-in
Mahu2021: folds 
Uncalled bet (722) returned to mehsada
mehsada collected 120 from pot
*** SUMMARY ***
Total pot 120 | Rake 0 
Seat 1: Mahu2021 (button) (small blind) folded before Flop
Seat 2: mehsada (big blind) collected (120)



PokerStars Hand #252462961000: Tournament #3800831395, $1.84+$0.16 USD Hold'em No Limit - Level II (15/30) - 2024/09/15 18:44:59 CET [2024/09/15 12:44:59 ET]
Table '3800831395 1' 3-max Seat #2 is the button
Seat 1: Mahu2021 (658 in chips) 
Seat 2: mehsada (842 in chips) 
mehsada: posts small blind 15
Mahu2021: posts big blind 30
*** HOLE CARDS ***
Dealt to Mahu2021 [8h 3h]
mehsada: raises 812 to 842 and is all-in
Mahu2021: folds 
Uncalled bet (812) returned to mehsada
mehsada collected 60 from pot
*** SUMMARY ***
Total pot 60 | Rake 0 
Seat 1: Mahu2021 (big blind) folded before Flop
Seat 2: mehsada (button) (small blind) collected (60)



PokerStars Hand #252462962937: Tournament #3800831395, $1.84+$0.16 USD Hold'em No Limit - Level II (15/30) - 2024/09/15 18:45:05 CET [2024/09/15 12:45:05 ET]
Table '3800831395 1' 3-max Seat #1 is the button
Seat 1: Mahu2021 (628 in chips) 
Seat 2: mehsada (872 in chips) 
Mahu2021: posts small blind 15
mehsada: posts big blind 30
*** HOLE CARDS ***
Dealt to Mahu2021 [5c 8h]
Mahu2021: folds 
Uncalled bet (15) returned to mehsada
mehsada collected 30 from pot
*** SUMMARY ***
Total pot 30 | Rake 0 
Seat 1: Mahu2021 (button) (small blind) folded before Flop
Seat 2: mehsada (big blind) collected (30)



PokerStars Hand #252462964249: Tournament #3800831395, $1.84+$0.16 USD Hold'em No Limit - Level II (15/30) - 2024/09/15 18:45:10 CET [2024/09/15 12:45:10 ET]
Table '3800831395 1' 3-max Seat #2 is the button
Seat 1: Mahu2021 (613 in chips) 
Seat 2: mehsada (887 in chips) 
mehsada: posts small blind 15
Mahu2021: posts big blind 30
*** HOLE CARDS ***
Dealt to Mahu2021 [Js Ts]
mehsada: raises 857 to 887 and is all-in
Mahu2021: folds 
Uncalled bet (857) returned to mehsada
mehsada collected 60 from pot
*** SUMMARY ***
Total pot 60 | Rake 0 
Seat 1: Mahu2021 (big blind) folded before Flop
Seat 2: mehsada (button) (small blind) collected (60)



PokerStars Hand #252462966782: Tournament #3800831395, $1.84+$0.16 USD Hold'em No Limit - Level II (15/30) - 2024/09/15 18:45:18 CET [2024/09/15 12:45:18 ET]
Table '3800831395 1' 3-max Seat #1 is the button
Seat 1: Mahu2021 (583 in chips) 
Seat 2: mehsada (917 in chips) 
Mahu2021: posts small blind 15
mehsada: posts big blind 30
*** HOLE CARDS ***
Dealt to Mahu2021 [8s As]
Mahu2021: raises 30 to 60
mehsada: raises 857 to 917 and is all-in
Mahu2021: calls 523 and is all-in
Uncalled bet (334) returned to mehsada
*** FLOP *** [5c Jc 2s]
*** TURN *** [5c Jc 2s] [9c]
*** RIVER *** [5c Jc 2s 9c] [4d]
*** SHOW DOWN ***
mehsada: shows [Js Jh] (three of a kind, Jacks)
Mahu2021: shows [8s As] (high card Ace)
mehsada collected 1166 from pot
Mahu2021 finished the tournament in 2nd place
mehsada wins the tournament and receives $6.00 - congratulations!
*** SUMMARY ***
Total pot 1166 | Rake 0 
Board [5c Jc 2s 9c 4d]
Seat 1: Mahu2021 (button) (small blind) showed [8s As] and lost with high card Ace
Seat 2: mehsada (big blind) showed [Js Jh] and won (1166) with three of a kind, Jacks



