PokerStars Hand #246884203348: Tournament #3667307374, $1.84+$0.16 USD Hold'em No Limit - Level I (10/20) - 2023/11/02 17:05:46 CET [2023/11/02 12:05:46 ET]
Table '3667307374 1' 3-max Seat #1 is the button
Seat 1: Mahu2021 (500 in chips) 
Seat 2: on_earth_today (500 in chips) 
Seat 3: franchiri920 (500 in chips) 
on_earth_today: posts small blind 10
franchiri920: posts big blind 20
*** HOLE CARDS ***
Dealt to Mahu2021 [4s 7c]
Mahu2021: folds 
on_earth_today: folds 
Uncalled bet (10) returned to franchiri920
franchiri920 collected 20 from pot
franchiri920: doesn't show hand 
*** SUMMARY ***
Total pot 20 | Rake 0 
Seat 1: Mahu2021 (button) folded before Flop (didn't bet)
Seat 2: on_earth_today (small blind) folded before Flop
Seat 3: franchiri920 (big blind) collected (20)



PokerStars Hand #246884204432: Tournament #3667307374, $1.84+$0.16 USD Hold'em No Limit - Level I (10/20) - 2023/11/02 17:05:50 CET [2023/11/02 12:05:50 ET]
Table '3667307374 1' 3-max Seat #2 is the button
Seat 1: Mahu2021 (500 in chips) 
Seat 2: on_earth_today (490 in chips) 
Seat 3: franchiri920 (510 in chips) 
franchiri920: posts small blind 10
Mahu2021: posts big blind 20
*** HOLE CARDS ***
Dealt to Mahu2021 [3d 9h]
on_earth_today: folds 
franchiri920: raises 490 to 510 and is all-in
Mahu2021: folds 
Uncalled bet (490) returned to franchiri920
franchiri920 collected 40 from pot
franchiri920: doesn't show hand 
*** SUMMARY ***
Total pot 40 | Rake 0 
Seat 1: Mahu2021 (big blind) folded before Flop
Seat 2: on_earth_today (button) folded before Flop (didn't bet)
Seat 3: franchiri920 (small blind) collected (40)



PokerStars Hand #246884206130: Tournament #3667307374, $1.84+$0.16 USD Hold'em No Limit - Level I (10/20) - 2023/11/02 17:05:57 CET [2023/11/02 12:05:57 ET]
Table '3667307374 1' 3-max Seat #3 is the button
Seat 1: Mahu2021 (480 in chips) 
Seat 2: on_earth_today (490 in chips) 
Seat 3: franchiri920 (530 in chips) 
Mahu2021: posts small blind 10
on_earth_today: posts big blind 20
*** HOLE CARDS ***
Dealt to Mahu2021 [9h Th]
franchiri920: raises 20 to 40
Mahu2021: calls 30
on_earth_today: folds 
*** FLOP *** [2c 3c 2d]
Mahu2021: checks 
franchiri920: bets 60
Mahu2021: folds 
Uncalled bet (60) returned to franchiri920
franchiri920 collected 100 from pot
franchiri920: doesn't show hand 
*** SUMMARY ***
Total pot 100 | Rake 0 
Board [2c 3c 2d]
Seat 1: Mahu2021 (small blind) folded on the Flop
Seat 2: on_earth_today (big blind) folded before Flop
Seat 3: franchiri920 (button) collected (100)



PokerStars Hand #246884209011: Tournament #3667307374, $1.84+$0.16 USD Hold'em No Limit - Level I (10/20) - 2023/11/02 17:06:08 CET [2023/11/02 12:06:08 ET]
Table '3667307374 1' 3-max Seat #1 is the button
Seat 1: Mahu2021 (440 in chips) 
Seat 2: on_earth_today (470 in chips) 
Seat 3: franchiri920 (590 in chips) 
on_earth_today: posts small blind 10
franchiri920: posts big blind 20
*** HOLE CARDS ***
Dealt to Mahu2021 [Qd 4h]
Mahu2021: folds 
on_earth_today: folds 
Uncalled bet (10) returned to franchiri920
franchiri920 collected 20 from pot
franchiri920: doesn't show hand 
*** SUMMARY ***
Total pot 20 | Rake 0 
Seat 1: Mahu2021 (button) folded before Flop (didn't bet)
Seat 2: on_earth_today (small blind) folded before Flop
Seat 3: franchiri920 (big blind) collected (20)



PokerStars Hand #246884210216: Tournament #3667307374, $1.84+$0.16 USD Hold'em No Limit - Level I (10/20) - 2023/11/02 17:06:13 CET [2023/11/02 12:06:13 ET]
Table '3667307374 1' 3-max Seat #2 is the button
Seat 1: Mahu2021 (440 in chips) 
Seat 2: on_earth_today (460 in chips) 
Seat 3: franchiri920 (600 in chips) 
franchiri920: posts small blind 10
Mahu2021: posts big blind 20
*** HOLE CARDS ***
Dealt to Mahu2021 [3c 4d]
on_earth_today: folds 
franchiri920: calls 10
Mahu2021: checks 
*** FLOP *** [2c 7h Ks]
franchiri920: checks 
Mahu2021: checks 
*** TURN *** [2c 7h Ks] [Qs]
franchiri920: checks 
Mahu2021: checks 
*** RIVER *** [2c 7h Ks Qs] [6s]
franchiri920: checks 
Mahu2021: checks 
*** SHOW DOWN ***
franchiri920: shows [Ac 6h] (a pair of Sixes)
Mahu2021: mucks hand 
franchiri920 collected 40 from pot
*** SUMMARY ***
Total pot 40 | Rake 0 
Board [2c 7h Ks Qs 6s]
Seat 1: Mahu2021 (big blind) mucked [3c 4d]
Seat 2: on_earth_today (button) folded before Flop (didn't bet)
Seat 3: franchiri920 (small blind) showed [Ac 6h] and won (40) with a pair of Sixes



PokerStars Hand #246884214201: Tournament #3667307374, $1.84+$0.16 USD Hold'em No Limit - Level I (10/20) - 2023/11/02 17:06:29 CET [2023/11/02 12:06:29 ET]
Table '3667307374 1' 3-max Seat #3 is the button
Seat 1: Mahu2021 (420 in chips) 
Seat 2: on_earth_today (460 in chips) 
Seat 3: franchiri920 (620 in chips) 
Mahu2021: posts small blind 10
on_earth_today: posts big blind 20
*** HOLE CARDS ***
Dealt to Mahu2021 [9h 7s]
franchiri920: raises 20 to 40
Mahu2021: folds 
on_earth_today: calls 20
*** FLOP *** [9c 4c 6c]
on_earth_today: checks 
franchiri920: checks 
*** TURN *** [9c 4c 6c] [Jh]
on_earth_today: checks 
franchiri920: checks 
*** RIVER *** [9c 4c 6c Jh] [Ts]
on_earth_today: checks 
franchiri920: checks 
*** SHOW DOWN ***
on_earth_today: shows [Ks 3s] (high card King)
franchiri920: shows [Qh Th] (a pair of Tens)
franchiri920 collected 90 from pot
*** SUMMARY ***
Total pot 90 | Rake 0 
Board [9c 4c 6c Jh Ts]
Seat 1: Mahu2021 (small blind) folded before Flop
Seat 2: on_earth_today (big blind) showed [Ks 3s] and lost with high card King
Seat 3: franchiri920 (button) showed [Qh Th] and won (90) with a pair of Tens



PokerStars Hand #246884217870: Tournament #3667307374, $1.84+$0.16 USD Hold'em No Limit - Level I (10/20) - 2023/11/02 17:06:43 CET [2023/11/02 12:06:43 ET]
Table '3667307374 1' 3-max Seat #1 is the button
Seat 1: Mahu2021 (410 in chips) 
Seat 2: on_earth_today (420 in chips) 
Seat 3: franchiri920 (670 in chips) 
on_earth_today: posts small blind 10
franchiri920: posts big blind 20
*** HOLE CARDS ***
Dealt to Mahu2021 [Ks Qd]
Mahu2021: raises 40 to 60
on_earth_today: folds 
franchiri920: calls 40
*** FLOP *** [4d Th Qc]
franchiri920: checks 
Mahu2021: bets 130
franchiri920: folds 
Uncalled bet (130) returned to Mahu2021
Mahu2021 collected 130 from pot
Mahu2021: doesn't show hand 
*** SUMMARY ***
Total pot 130 | Rake 0 
Board [4d Th Qc]
Seat 1: Mahu2021 (button) collected (130)
Seat 2: on_earth_today (small blind) folded before Flop
Seat 3: franchiri920 (big blind) folded on the Flop



PokerStars Hand #246884220997: Tournament #3667307374, $1.84+$0.16 USD Hold'em No Limit - Level I (10/20) - 2023/11/02 17:06:55 CET [2023/11/02 12:06:55 ET]
Table '3667307374 1' 3-max Seat #2 is the button
Seat 1: Mahu2021 (480 in chips) 
Seat 2: on_earth_today (410 in chips) 
Seat 3: franchiri920 (610 in chips) 
franchiri920: posts small blind 10
Mahu2021: posts big blind 20
*** HOLE CARDS ***
Dealt to Mahu2021 [Kc 4h]
on_earth_today: folds 
franchiri920: folds 
Uncalled bet (10) returned to Mahu2021
Mahu2021 collected 20 from pot
Mahu2021: doesn't show hand 
*** SUMMARY ***
Total pot 20 | Rake 0 
Seat 1: Mahu2021 (big blind) collected (20)
Seat 2: on_earth_today (button) folded before Flop (didn't bet)
Seat 3: franchiri920 (small blind) folded before Flop



PokerStars Hand #246884222231: Tournament #3667307374, $1.84+$0.16 USD Hold'em No Limit - Level I (10/20) - 2023/11/02 17:07:00 CET [2023/11/02 12:07:00 ET]
Table '3667307374 1' 3-max Seat #3 is the button
Seat 1: Mahu2021 (490 in chips) 
Seat 2: on_earth_today (410 in chips) 
Seat 3: franchiri920 (600 in chips) 
Mahu2021: posts small blind 10
on_earth_today: posts big blind 20
*** HOLE CARDS ***
Dealt to Mahu2021 [5d 3c]
franchiri920: folds 
Mahu2021: folds 
Uncalled bet (10) returned to on_earth_today
on_earth_today collected 20 from pot
*** SUMMARY ***
Total pot 20 | Rake 0 
Seat 1: Mahu2021 (small blind) folded before Flop
Seat 2: on_earth_today (big blind) collected (20)
Seat 3: franchiri920 (button) folded before Flop (didn't bet)



PokerStars Hand #246884223441: Tournament #3667307374, $1.84+$0.16 USD Hold'em No Limit - Level I (10/20) - 2023/11/02 17:07:05 CET [2023/11/02 12:07:05 ET]
Table '3667307374 1' 3-max Seat #1 is the button
Seat 1: Mahu2021 (480 in chips) 
Seat 2: on_earth_today (420 in chips) 
Seat 3: franchiri920 (600 in chips) 
on_earth_today: posts small blind 10
franchiri920: posts big blind 20
*** HOLE CARDS ***
Dealt to Mahu2021 [Ad Th]
Mahu2021: raises 40 to 60
on_earth_today: calls 50
franchiri920: folds 
*** FLOP *** [6d 7d 7s]
on_earth_today: checks 
Mahu2021: checks 
*** TURN *** [6d 7d 7s] [4h]
on_earth_today: checks 
Mahu2021: bets 60
on_earth_today: calls 60
*** RIVER *** [6d 7d 7s 4h] [8h]
on_earth_today: checks 
Mahu2021: checks 
*** SHOW DOWN ***
on_earth_today: shows [Tc Ac] (a pair of Sevens)
Mahu2021: shows [Ad Th] (a pair of Sevens)
on_earth_today collected 130 from pot
Mahu2021 collected 130 from pot
*** SUMMARY ***
Total pot 260 | Rake 0 
Board [6d 7d 7s 4h 8h]
Seat 1: Mahu2021 (button) showed [Ad Th] and won (130) with a pair of Sevens
Seat 2: on_earth_today (small blind) showed [Tc Ac] and won (130) with a pair of Sevens
Seat 3: franchiri920 (big blind) folded before Flop



PokerStars Hand #246884227647: Tournament #3667307374, $1.84+$0.16 USD Hold'em No Limit - Level I (10/20) - 2023/11/02 17:07:22 CET [2023/11/02 12:07:22 ET]
Table '3667307374 1' 3-max Seat #2 is the button
Seat 1: Mahu2021 (490 in chips) 
Seat 2: on_earth_today (430 in chips) 
Seat 3: franchiri920 (580 in chips) 
franchiri920: posts small blind 10
Mahu2021: posts big blind 20
*** HOLE CARDS ***
Dealt to Mahu2021 [3d As]
on_earth_today: folds 
franchiri920: raises 40 to 60
Mahu2021: calls 40
*** FLOP *** [5h Ad 8h]
franchiri920: bets 40
Mahu2021: calls 40
*** TURN *** [5h Ad 8h] [4c]
franchiri920: bets 40
Mahu2021: calls 40
*** RIVER *** [5h Ad 8h 4c] [5d]
franchiri920: checks 
Mahu2021: bets 40
franchiri920: calls 40
*** SHOW DOWN ***
Mahu2021: shows [3d As] (two pair, Aces and Fives)
franchiri920: mucks hand 
Mahu2021 collected 360 from pot
*** SUMMARY ***
Total pot 360 | Rake 0 
Board [5h Ad 8h 4c 5d]
Seat 1: Mahu2021 (big blind) showed [3d As] and won (360) with two pair, Aces and Fives
Seat 2: on_earth_today (button) folded before Flop (didn't bet)
Seat 3: franchiri920 (small blind) mucked [Kc Qc]



PokerStars Hand #246884233013: Tournament #3667307374, $1.84+$0.16 USD Hold'em No Limit - Level I (10/20) - 2023/11/02 17:07:42 CET [2023/11/02 12:07:42 ET]
Table '3667307374 1' 3-max Seat #3 is the button
Seat 1: Mahu2021 (670 in chips) 
Seat 2: on_earth_today (430 in chips) 
Seat 3: franchiri920 (400 in chips) 
Mahu2021: posts small blind 10
on_earth_today: posts big blind 20
*** HOLE CARDS ***
Dealt to Mahu2021 [2c 3d]
franchiri920: raises 20 to 40
Mahu2021: folds 
on_earth_today: folds 
Uncalled bet (20) returned to franchiri920
franchiri920 collected 50 from pot
franchiri920: doesn't show hand 
*** SUMMARY ***
Total pot 50 | Rake 0 
Seat 1: Mahu2021 (small blind) folded before Flop
Seat 2: on_earth_today (big blind) folded before Flop
Seat 3: franchiri920 (button) collected (50)



PokerStars Hand #246884235135: Tournament #3667307374, $1.84+$0.16 USD Hold'em No Limit - Level II (15/30) - 2023/11/02 17:07:51 CET [2023/11/02 12:07:51 ET]
Table '3667307374 1' 3-max Seat #1 is the button
Seat 1: Mahu2021 (660 in chips) 
Seat 2: on_earth_today (410 in chips) 
Seat 3: franchiri920 (430 in chips) 
on_earth_today: posts small blind 15
franchiri920: posts big blind 30
*** HOLE CARDS ***
Dealt to Mahu2021 [4c 6h]
Mahu2021: folds 
on_earth_today: calls 15
franchiri920: checks 
*** FLOP *** [Tc Ks 3s]
on_earth_today: checks 
franchiri920: bets 30
on_earth_today: calls 30
*** TURN *** [Tc Ks 3s] [9c]
on_earth_today: checks 
franchiri920: checks 
*** RIVER *** [Tc Ks 3s 9c] [7d]
on_earth_today: checks 
franchiri920: checks 
*** SHOW DOWN ***
on_earth_today: shows [Js 5s] (high card King)
franchiri920: shows [Qh 5c] (high card King - Queen kicker)
franchiri920 collected 120 from pot
*** SUMMARY ***
Total pot 120 | Rake 0 
Board [Tc Ks 3s 9c 7d]
Seat 1: Mahu2021 (button) folded before Flop (didn't bet)
Seat 2: on_earth_today (small blind) showed [Js 5s] and lost with high card King
Seat 3: franchiri920 (big blind) showed [Qh 5c] and won (120) with high card King



PokerStars Hand #246884238862: Tournament #3667307374, $1.84+$0.16 USD Hold'em No Limit - Level II (15/30) - 2023/11/02 17:08:06 CET [2023/11/02 12:08:06 ET]
Table '3667307374 1' 3-max Seat #2 is the button
Seat 1: Mahu2021 (660 in chips) 
Seat 2: on_earth_today (350 in chips) 
Seat 3: franchiri920 (490 in chips) 
franchiri920: posts small blind 15
Mahu2021: posts big blind 30
*** HOLE CARDS ***
Dealt to Mahu2021 [Jc 9d]
on_earth_today: folds 
franchiri920: calls 15
Mahu2021: checks 
*** FLOP *** [Kd 3c Jh]
franchiri920: checks 
Mahu2021: bets 30
franchiri920: folds 
Uncalled bet (30) returned to Mahu2021
Mahu2021 collected 60 from pot
Mahu2021: doesn't show hand 
*** SUMMARY ***
Total pot 60 | Rake 0 
Board [Kd 3c Jh]
Seat 1: Mahu2021 (big blind) collected (60)
Seat 2: on_earth_today (button) folded before Flop (didn't bet)
Seat 3: franchiri920 (small blind) folded on the Flop



PokerStars Hand #246884241776: Tournament #3667307374, $1.84+$0.16 USD Hold'em No Limit - Level II (15/30) - 2023/11/02 17:08:17 CET [2023/11/02 12:08:17 ET]
Table '3667307374 1' 3-max Seat #3 is the button
Seat 1: Mahu2021 (690 in chips) 
Seat 2: on_earth_today (350 in chips) 
Seat 3: franchiri920 (460 in chips) 
Mahu2021: posts small blind 15
on_earth_today: posts big blind 30
*** HOLE CARDS ***
Dealt to Mahu2021 [Qs Js]
franchiri920: raises 430 to 460 and is all-in
Mahu2021: folds 
on_earth_today: folds 
Uncalled bet (430) returned to franchiri920
franchiri920 collected 75 from pot
franchiri920: doesn't show hand 
*** SUMMARY ***
Total pot 75 | Rake 0 
Seat 1: Mahu2021 (small blind) folded before Flop
Seat 2: on_earth_today (big blind) folded before Flop
Seat 3: franchiri920 (button) collected (75)



PokerStars Hand #246884243627: Tournament #3667307374, $1.84+$0.16 USD Hold'em No Limit - Level II (15/30) - 2023/11/02 17:08:24 CET [2023/11/02 12:08:24 ET]
Table '3667307374 1' 3-max Seat #1 is the button
Seat 1: Mahu2021 (675 in chips) 
Seat 2: on_earth_today (320 in chips) 
Seat 3: franchiri920 (505 in chips) 
on_earth_today: posts small blind 15
franchiri920: posts big blind 30
*** HOLE CARDS ***
Dealt to Mahu2021 [5s 2h]
Mahu2021: folds 
on_earth_today: folds 
Uncalled bet (15) returned to franchiri920
franchiri920 collected 30 from pot
franchiri920: doesn't show hand 
*** SUMMARY ***
Total pot 30 | Rake 0 
Seat 1: Mahu2021 (button) folded before Flop (didn't bet)
Seat 2: on_earth_today (small blind) folded before Flop
Seat 3: franchiri920 (big blind) collected (30)



PokerStars Hand #246884244689: Tournament #3667307374, $1.84+$0.16 USD Hold'em No Limit - Level II (15/30) - 2023/11/02 17:08:28 CET [2023/11/02 12:08:28 ET]
Table '3667307374 1' 3-max Seat #2 is the button
Seat 1: Mahu2021 (675 in chips) 
Seat 2: on_earth_today (305 in chips) 
Seat 3: franchiri920 (520 in chips) 
franchiri920: posts small blind 15
Mahu2021: posts big blind 30
*** HOLE CARDS ***
Dealt to Mahu2021 [7d Kd]
on_earth_today: folds 
franchiri920: folds 
Uncalled bet (15) returned to Mahu2021
Mahu2021 collected 30 from pot
Mahu2021: doesn't show hand 
*** SUMMARY ***
Total pot 30 | Rake 0 
Seat 1: Mahu2021 (big blind) collected (30)
Seat 2: on_earth_today (button) folded before Flop (didn't bet)
Seat 3: franchiri920 (small blind) folded before Flop



PokerStars Hand #246884245928: Tournament #3667307374, $1.84+$0.16 USD Hold'em No Limit - Level II (15/30) - 2023/11/02 17:08:33 CET [2023/11/02 12:08:33 ET]
Table '3667307374 1' 3-max Seat #3 is the button
Seat 1: Mahu2021 (690 in chips) 
Seat 2: on_earth_today (305 in chips) 
Seat 3: franchiri920 (505 in chips) 
Mahu2021: posts small blind 15
on_earth_today: posts big blind 30
*** HOLE CARDS ***
Dealt to Mahu2021 [6d 2s]
franchiri920: folds 
Mahu2021: folds 
Uncalled bet (15) returned to on_earth_today
on_earth_today collected 30 from pot
*** SUMMARY ***
Total pot 30 | Rake 0 
Seat 1: Mahu2021 (small blind) folded before Flop
Seat 2: on_earth_today (big blind) collected (30)
Seat 3: franchiri920 (button) folded before Flop (didn't bet)



PokerStars Hand #246884247057: Tournament #3667307374, $1.84+$0.16 USD Hold'em No Limit - Level II (15/30) - 2023/11/02 17:08:37 CET [2023/11/02 12:08:37 ET]
Table '3667307374 1' 3-max Seat #1 is the button
Seat 1: Mahu2021 (675 in chips) 
Seat 2: on_earth_today (320 in chips) 
Seat 3: franchiri920 (505 in chips) 
on_earth_today: posts small blind 15
franchiri920: posts big blind 30
*** HOLE CARDS ***
Dealt to Mahu2021 [4c 9c]
Mahu2021: folds 
on_earth_today: folds 
Uncalled bet (15) returned to franchiri920
franchiri920 collected 30 from pot
franchiri920: doesn't show hand 
*** SUMMARY ***
Total pot 30 | Rake 0 
Seat 1: Mahu2021 (button) folded before Flop (didn't bet)
Seat 2: on_earth_today (small blind) folded before Flop
Seat 3: franchiri920 (big blind) collected (30)



PokerStars Hand #246884248125: Tournament #3667307374, $1.84+$0.16 USD Hold'em No Limit - Level II (15/30) - 2023/11/02 17:08:42 CET [2023/11/02 12:08:42 ET]
Table '3667307374 1' 3-max Seat #2 is the button
Seat 1: Mahu2021 (675 in chips) 
Seat 2: on_earth_today (305 in chips) 
Seat 3: franchiri920 (520 in chips) 
franchiri920: posts small blind 15
Mahu2021: posts big blind 30
*** HOLE CARDS ***
Dealt to Mahu2021 [Js 7s]
on_earth_today: calls 30
franchiri920: raises 490 to 520 and is all-in
Mahu2021: folds 
on_earth_today: calls 275 and is all-in
Uncalled bet (215) returned to franchiri920
*** FLOP *** [Ks Ad 4d]
*** TURN *** [Ks Ad 4d] [9h]
*** RIVER *** [Ks Ad 4d 9h] [Th]
*** SHOW DOWN ***
franchiri920: shows [5d 5c] (a pair of Fives)
on_earth_today: shows [Td Qs] (a pair of Tens)
on_earth_today collected 640 from pot
*** SUMMARY ***
Total pot 640 | Rake 0 
Board [Ks Ad 4d 9h Th]
Seat 1: Mahu2021 (big blind) folded before Flop
Seat 2: on_earth_today (button) showed [Td Qs] and won (640) with a pair of Tens
Seat 3: franchiri920 (small blind) showed [5d 5c] and lost with a pair of Fives



PokerStars Hand #246884251862: Tournament #3667307374, $1.84+$0.16 USD Hold'em No Limit - Level II (15/30) - 2023/11/02 17:08:56 CET [2023/11/02 12:08:56 ET]
Table '3667307374 1' 3-max Seat #3 is the button
Seat 1: Mahu2021 (645 in chips) 
Seat 2: on_earth_today (640 in chips) 
Seat 3: franchiri920 (215 in chips) 
Mahu2021: posts small blind 15
on_earth_today: posts big blind 30
*** HOLE CARDS ***
Dealt to Mahu2021 [Kc Td]
franchiri920: folds 
Mahu2021: raises 30 to 60
on_earth_today: folds 
Uncalled bet (30) returned to Mahu2021
Mahu2021 collected 60 from pot
Mahu2021: doesn't show hand 
*** SUMMARY ***
Total pot 60 | Rake 0 
Seat 1: Mahu2021 (small blind) collected (60)
Seat 2: on_earth_today (big blind) folded before Flop
Seat 3: franchiri920 (button) folded before Flop (didn't bet)



PokerStars Hand #246884253430: Tournament #3667307374, $1.84+$0.16 USD Hold'em No Limit - Level II (15/30) - 2023/11/02 17:09:02 CET [2023/11/02 12:09:02 ET]
Table '3667307374 1' 3-max Seat #1 is the button
Seat 1: Mahu2021 (675 in chips) 
Seat 2: on_earth_today (610 in chips) 
Seat 3: franchiri920 (215 in chips) 
on_earth_today: posts small blind 15
franchiri920: posts big blind 30
*** HOLE CARDS ***
Dealt to Mahu2021 [Td Ah]
Mahu2021: raises 60 to 90
on_earth_today: folds 
franchiri920: folds 
Uncalled bet (60) returned to Mahu2021
Mahu2021 collected 75 from pot
Mahu2021: doesn't show hand 
*** SUMMARY ***
Total pot 75 | Rake 0 
Seat 1: Mahu2021 (button) collected (75)
Seat 2: on_earth_today (small blind) folded before Flop
Seat 3: franchiri920 (big blind) folded before Flop



PokerStars Hand #246884255159: Tournament #3667307374, $1.84+$0.16 USD Hold'em No Limit - Level II (15/30) - 2023/11/02 17:09:09 CET [2023/11/02 12:09:09 ET]
Table '3667307374 1' 3-max Seat #2 is the button
Seat 1: Mahu2021 (720 in chips) 
Seat 2: on_earth_today (595 in chips) 
Seat 3: franchiri920 (185 in chips) 
franchiri920: posts small blind 15
Mahu2021: posts big blind 30
*** HOLE CARDS ***
Dealt to Mahu2021 [9d 3c]
on_earth_today: calls 30
franchiri920: raises 155 to 185 and is all-in
Mahu2021: folds 
on_earth_today: calls 155
*** FLOP *** [4h Kh 3h]
*** TURN *** [4h Kh 3h] [Qd]
*** RIVER *** [4h Kh 3h Qd] [2h]
*** SHOW DOWN ***
franchiri920: shows [5d 5c] (a pair of Fives)
on_earth_today: shows [7h 7s] (a flush, King high)
on_earth_today collected 400 from pot
franchiri920 finished the tournament in 3rd place
*** SUMMARY ***
Total pot 400 | Rake 0 
Board [4h Kh 3h Qd 2h]
Seat 1: Mahu2021 (big blind) folded before Flop
Seat 2: on_earth_today (button) showed [7h 7s] and won (400) with a flush, King high
Seat 3: franchiri920 (small blind) showed [5d 5c] and lost with a pair of Fives



PokerStars Hand #246884259342: Tournament #3667307374, $1.84+$0.16 USD Hold'em No Limit - Level II (15/30) - 2023/11/02 17:09:25 CET [2023/11/02 12:09:25 ET]
Table '3667307374 1' 3-max Seat #1 is the button
Seat 1: Mahu2021 (690 in chips) 
Seat 2: on_earth_today (810 in chips) 
Mahu2021: posts small blind 15
on_earth_today: posts big blind 30
*** HOLE CARDS ***
Dealt to Mahu2021 [8h Ac]
Mahu2021: raises 30 to 60
on_earth_today: calls 30
*** FLOP *** [8d 2d Qc]
on_earth_today: checks 
Mahu2021: bets 60
on_earth_today: folds 
Uncalled bet (60) returned to Mahu2021
Mahu2021 collected 120 from pot
Mahu2021: doesn't show hand 
*** SUMMARY ***
Total pot 120 | Rake 0 
Board [8d 2d Qc]
Seat 1: Mahu2021 (button) (small blind) collected (120)
Seat 2: on_earth_today (big blind) folded on the Flop



PokerStars Hand #246884261900: Tournament #3667307374, $1.84+$0.16 USD Hold'em No Limit - Level II (15/30) - 2023/11/02 17:09:35 CET [2023/11/02 12:09:35 ET]
Table '3667307374 1' 3-max Seat #2 is the button
Seat 1: Mahu2021 (750 in chips) 
Seat 2: on_earth_today (750 in chips) 
on_earth_today: posts small blind 15
Mahu2021: posts big blind 30
*** HOLE CARDS ***
Dealt to Mahu2021 [Jh 6d]
on_earth_today: folds 
Uncalled bet (15) returned to Mahu2021
Mahu2021 collected 30 from pot
Mahu2021: doesn't show hand 
*** SUMMARY ***
Total pot 30 | Rake 0 
Seat 1: Mahu2021 (big blind) collected (30)
Seat 2: on_earth_today (button) (small blind) folded before Flop



PokerStars Hand #246884262894: Tournament #3667307374, $1.84+$0.16 USD Hold'em No Limit - Level II (15/30) - 2023/11/02 17:09:39 CET [2023/11/02 12:09:39 ET]
Table '3667307374 1' 3-max Seat #1 is the button
Seat 1: Mahu2021 (765 in chips) 
Seat 2: on_earth_today (735 in chips) 
Mahu2021: posts small blind 15
on_earth_today: posts big blind 30
*** HOLE CARDS ***
Dealt to Mahu2021 [6c Ad]
Mahu2021: calls 15
on_earth_today: checks 
*** FLOP *** [8c 2c 4d]
on_earth_today: checks 
Mahu2021: checks 
*** TURN *** [8c 2c 4d] [As]
on_earth_today: checks 
Mahu2021: bets 30
on_earth_today: folds 
Uncalled bet (30) returned to Mahu2021
Mahu2021 collected 60 from pot
Mahu2021: doesn't show hand 
*** SUMMARY ***
Total pot 60 | Rake 0 
Board [8c 2c 4d As]
Seat 1: Mahu2021 (button) (small blind) collected (60)
Seat 2: on_earth_today (big blind) folded on the Turn



PokerStars Hand #246884266605: Tournament #3667307374, $1.84+$0.16 USD Hold'em No Limit - Level III (20/40) - 2023/11/02 17:09:53 CET [2023/11/02 12:09:53 ET]
Table '3667307374 1' 3-max Seat #2 is the button
Seat 1: Mahu2021 (795 in chips) 
Seat 2: on_earth_today (705 in chips) 
on_earth_today: posts small blind 20
Mahu2021: posts big blind 40
*** HOLE CARDS ***
Dealt to Mahu2021 [9d Kh]
on_earth_today: folds 
Uncalled bet (20) returned to Mahu2021
Mahu2021 collected 40 from pot
Mahu2021: doesn't show hand 
*** SUMMARY ***
Total pot 40 | Rake 0 
Seat 1: Mahu2021 (big blind) collected (40)
Seat 2: on_earth_today (button) (small blind) folded before Flop



PokerStars Hand #246884267571: Tournament #3667307374, $1.84+$0.16 USD Hold'em No Limit - Level III (20/40) - 2023/11/02 17:09:57 CET [2023/11/02 12:09:57 ET]
Table '3667307374 1' 3-max Seat #1 is the button
Seat 1: Mahu2021 (815 in chips) 
Seat 2: on_earth_today (685 in chips) 
Mahu2021: posts small blind 20
on_earth_today: posts big blind 40
*** HOLE CARDS ***
Dealt to Mahu2021 [Qh Ad]
Mahu2021: raises 80 to 120
on_earth_today: calls 80
*** FLOP *** [7c Kh 7h]
on_earth_today: checks 
Mahu2021: checks 
*** TURN *** [7c Kh 7h] [6s]
on_earth_today: checks 
Mahu2021: checks 
*** RIVER *** [7c Kh 7h 6s] [4c]
on_earth_today: checks 
Mahu2021: checks 
*** SHOW DOWN ***
on_earth_today: shows [As Js] (a pair of Sevens)
Mahu2021: shows [Qh Ad] (a pair of Sevens - Ace+King+Queen kicker)
Mahu2021 collected 240 from pot
*** SUMMARY ***
Total pot 240 | Rake 0 
Board [7c Kh 7h 6s 4c]
Seat 1: Mahu2021 (button) (small blind) showed [Qh Ad] and won (240) with a pair of Sevens
Seat 2: on_earth_today (big blind) showed [As Js] and lost with a pair of Sevens



PokerStars Hand #246884271010: Tournament #3667307374, $1.84+$0.16 USD Hold'em No Limit - Level III (20/40) - 2023/11/02 17:10:10 CET [2023/11/02 12:10:10 ET]
Table '3667307374 1' 3-max Seat #2 is the button
Seat 1: Mahu2021 (935 in chips) 
Seat 2: on_earth_today (565 in chips) 
on_earth_today: posts small blind 20
Mahu2021: posts big blind 40
*** HOLE CARDS ***
Dealt to Mahu2021 [Jh 6h]
on_earth_today: calls 20
Mahu2021: checks 
*** FLOP *** [8s 3h Ts]
Mahu2021: checks 
on_earth_today: checks 
*** TURN *** [8s 3h Ts] [Kc]
Mahu2021: bets 40
on_earth_today: folds 
Uncalled bet (40) returned to Mahu2021
Mahu2021 collected 80 from pot
Mahu2021: doesn't show hand 
*** SUMMARY ***
Total pot 80 | Rake 0 
Board [8s 3h Ts Kc]
Seat 1: Mahu2021 (big blind) collected (80)
Seat 2: on_earth_today (button) (small blind) folded on the Turn



PokerStars Hand #246884273799: Tournament #3667307374, $1.84+$0.16 USD Hold'em No Limit - Level III (20/40) - 2023/11/02 17:10:21 CET [2023/11/02 12:10:21 ET]
Table '3667307374 1' 3-max Seat #1 is the button
Seat 1: Mahu2021 (975 in chips) 
Seat 2: on_earth_today (525 in chips) 
Mahu2021: posts small blind 20
on_earth_today: posts big blind 40
*** HOLE CARDS ***
Dealt to Mahu2021 [3h 5h]
Mahu2021: calls 20
on_earth_today: checks 
*** FLOP *** [Ah As Kh]
on_earth_today: checks 
Mahu2021: bets 40
on_earth_today: folds 
Uncalled bet (40) returned to Mahu2021
Mahu2021 collected 80 from pot
Mahu2021: doesn't show hand 
*** SUMMARY ***
Total pot 80 | Rake 0 
Board [Ah As Kh]
Seat 1: Mahu2021 (button) (small blind) collected (80)
Seat 2: on_earth_today (big blind) folded on the Flop



PokerStars Hand #246884276111: Tournament #3667307374, $1.84+$0.16 USD Hold'em No Limit - Level III (20/40) - 2023/11/02 17:10:29 CET [2023/11/02 12:10:29 ET]
Table '3667307374 1' 3-max Seat #2 is the button
Seat 1: Mahu2021 (1015 in chips) 
Seat 2: on_earth_today (485 in chips) 
on_earth_today: posts small blind 20
Mahu2021: posts big blind 40
*** HOLE CARDS ***
Dealt to Mahu2021 [2d 9h]
on_earth_today: folds 
Uncalled bet (20) returned to Mahu2021
Mahu2021 collected 40 from pot
Mahu2021: doesn't show hand 
*** SUMMARY ***
Total pot 40 | Rake 0 
Seat 1: Mahu2021 (big blind) collected (40)
Seat 2: on_earth_today (button) (small blind) folded before Flop



PokerStars Hand #246884277008: Tournament #3667307374, $1.84+$0.16 USD Hold'em No Limit - Level III (20/40) - 2023/11/02 17:10:33 CET [2023/11/02 12:10:33 ET]
Table '3667307374 1' 3-max Seat #1 is the button
Seat 1: Mahu2021 (1035 in chips) 
Seat 2: on_earth_today (465 in chips) 
Mahu2021: posts small blind 20
on_earth_today: posts big blind 40
*** HOLE CARDS ***
Dealt to Mahu2021 [Tc 8h]
Mahu2021: calls 20
on_earth_today: checks 
*** FLOP *** [8c 5h Th]
on_earth_today: checks 
Mahu2021: bets 40
on_earth_today: folds 
Uncalled bet (40) returned to Mahu2021
Mahu2021 collected 80 from pot
Mahu2021: doesn't show hand 
*** SUMMARY ***
Total pot 80 | Rake 0 
Board [8c 5h Th]
Seat 1: Mahu2021 (button) (small blind) collected (80)
Seat 2: on_earth_today (big blind) folded on the Flop



PokerStars Hand #246884279333: Tournament #3667307374, $1.84+$0.16 USD Hold'em No Limit - Level III (20/40) - 2023/11/02 17:10:41 CET [2023/11/02 12:10:41 ET]
Table '3667307374 1' 3-max Seat #2 is the button
Seat 1: Mahu2021 (1075 in chips) 
Seat 2: on_earth_today (425 in chips) 
on_earth_today: posts small blind 20
Mahu2021: posts big blind 40
*** HOLE CARDS ***
Dealt to Mahu2021 [5c Kd]
on_earth_today: calls 20
Mahu2021: checks 
*** FLOP *** [3h Js 2d]
Mahu2021: checks 
on_earth_today: checks 
*** TURN *** [3h Js 2d] [2c]
Mahu2021: checks 
on_earth_today: checks 
*** RIVER *** [3h Js 2d 2c] [9c]
Mahu2021: checks 
on_earth_today: checks 
*** SHOW DOWN ***
Mahu2021: shows [5c Kd] (a pair of Deuces)
on_earth_today: shows [Tc Ad] (a pair of Deuces - Ace kicker)
on_earth_today collected 80 from pot
*** SUMMARY ***
Total pot 80 | Rake 0 
Board [3h Js 2d 2c 9c]
Seat 1: Mahu2021 (big blind) showed [5c Kd] and lost with a pair of Deuces
Seat 2: on_earth_today (button) (small blind) showed [Tc Ad] and won (80) with a pair of Deuces



PokerStars Hand #246884282261: Tournament #3667307374, $1.84+$0.16 USD Hold'em No Limit - Level III (20/40) - 2023/11/02 17:10:53 CET [2023/11/02 12:10:53 ET]
Table '3667307374 1' 3-max Seat #1 is the button
Seat 1: Mahu2021 (1035 in chips) 
Seat 2: on_earth_today (465 in chips) 
Mahu2021: posts small blind 20
on_earth_today: posts big blind 40
*** HOLE CARDS ***
Dealt to Mahu2021 [Qc Th]
Mahu2021: raises 40 to 80
on_earth_today: folds 
Uncalled bet (40) returned to Mahu2021
Mahu2021 collected 80 from pot
Mahu2021: doesn't show hand 
*** SUMMARY ***
Total pot 80 | Rake 0 
Seat 1: Mahu2021 (button) (small blind) collected (80)
Seat 2: on_earth_today (big blind) folded before Flop



PokerStars Hand #246884283328: Tournament #3667307374, $1.84+$0.16 USD Hold'em No Limit - Level III (20/40) - 2023/11/02 17:10:57 CET [2023/11/02 12:10:57 ET]
Table '3667307374 1' 3-max Seat #2 is the button
Seat 1: Mahu2021 (1075 in chips) 
Seat 2: on_earth_today (425 in chips) 
on_earth_today: posts small blind 20
Mahu2021: posts big blind 40
*** HOLE CARDS ***
Dealt to Mahu2021 [3h Ah]
on_earth_today: calls 20
Mahu2021: raises 80 to 120
on_earth_today: calls 80
*** FLOP *** [6d 4s 2d]
Mahu2021: checks 
on_earth_today: checks 
*** TURN *** [6d 4s 2d] [4c]
Mahu2021: checks 
on_earth_today: checks 
*** RIVER *** [6d 4s 2d 4c] [Kd]
Mahu2021: checks 
on_earth_today: bets 40
Mahu2021: calls 40
*** SHOW DOWN ***
on_earth_today: shows [Ks Jc] (two pair, Kings and Fours)
Mahu2021: mucks hand 
on_earth_today collected 320 from pot
*** SUMMARY ***
Total pot 320 | Rake 0 
Board [6d 4s 2d 4c Kd]
Seat 1: Mahu2021 (big blind) mucked [3h Ah]
Seat 2: on_earth_today (button) (small blind) showed [Ks Jc] and won (320) with two pair, Kings and Fours



PokerStars Hand #246884287338: Tournament #3667307374, $1.84+$0.16 USD Hold'em No Limit - Level III (20/40) - 2023/11/02 17:11:13 CET [2023/11/02 12:11:13 ET]
Table '3667307374 1' 3-max Seat #1 is the button
Seat 1: Mahu2021 (915 in chips) 
Seat 2: on_earth_today (585 in chips) 
Mahu2021: posts small blind 20
on_earth_today: posts big blind 40
*** HOLE CARDS ***
Dealt to Mahu2021 [Qd 8s]
Mahu2021: calls 20
on_earth_today: checks 
*** FLOP *** [Qs 7c 2h]
on_earth_today: checks 
Mahu2021: bets 40
on_earth_today: folds 
Uncalled bet (40) returned to Mahu2021
Mahu2021 collected 80 from pot
Mahu2021: doesn't show hand 
*** SUMMARY ***
Total pot 80 | Rake 0 
Board [Qs 7c 2h]
Seat 1: Mahu2021 (button) (small blind) collected (80)
Seat 2: on_earth_today (big blind) folded on the Flop



PokerStars Hand #246884289864: Tournament #3667307374, $1.84+$0.16 USD Hold'em No Limit - Level III (20/40) - 2023/11/02 17:11:22 CET [2023/11/02 12:11:22 ET]
Table '3667307374 1' 3-max Seat #2 is the button
Seat 1: Mahu2021 (955 in chips) 
Seat 2: on_earth_today (545 in chips) 
on_earth_today: posts small blind 20
Mahu2021: posts big blind 40
*** HOLE CARDS ***
Dealt to Mahu2021 [6c 4d]
on_earth_today: folds 
Uncalled bet (20) returned to Mahu2021
Mahu2021 collected 40 from pot
Mahu2021: doesn't show hand 
*** SUMMARY ***
Total pot 40 | Rake 0 
Seat 1: Mahu2021 (big blind) collected (40)
Seat 2: on_earth_today (button) (small blind) folded before Flop



PokerStars Hand #246884290803: Tournament #3667307374, $1.84+$0.16 USD Hold'em No Limit - Level III (20/40) - 2023/11/02 17:11:26 CET [2023/11/02 12:11:26 ET]
Table '3667307374 1' 3-max Seat #1 is the button
Seat 1: Mahu2021 (975 in chips) 
Seat 2: on_earth_today (525 in chips) 
Mahu2021: posts small blind 20
on_earth_today: posts big blind 40
*** HOLE CARDS ***
Dealt to Mahu2021 [8c 4s]
Mahu2021: raises 40 to 80
on_earth_today: folds 
Uncalled bet (40) returned to Mahu2021
Mahu2021 collected 80 from pot
Mahu2021: doesn't show hand 
*** SUMMARY ***
Total pot 80 | Rake 0 
Seat 1: Mahu2021 (button) (small blind) collected (80)
Seat 2: on_earth_today (big blind) folded before Flop



PokerStars Hand #246884291977: Tournament #3667307374, $1.84+$0.16 USD Hold'em No Limit - Level III (20/40) - 2023/11/02 17:11:30 CET [2023/11/02 12:11:30 ET]
Table '3667307374 1' 3-max Seat #2 is the button
Seat 1: Mahu2021 (1015 in chips) 
Seat 2: on_earth_today (485 in chips) 
on_earth_today: posts small blind 20
Mahu2021: posts big blind 40
*** HOLE CARDS ***
Dealt to Mahu2021 [3h 7s]
on_earth_today: calls 20
Mahu2021: checks 
*** FLOP *** [Ts Jd 3d]
Mahu2021: checks 
on_earth_today: checks 
*** TURN *** [Ts Jd 3d] [Qc]
Mahu2021: bets 40
on_earth_today: calls 40
*** RIVER *** [Ts Jd 3d Qc] [Qh]
Mahu2021: checks 
on_earth_today: checks 
*** SHOW DOWN ***
Mahu2021: shows [3h 7s] (two pair, Queens and Threes)
on_earth_today: shows [3s Ac] (two pair, Queens and Threes - Ace kicker)
on_earth_today collected 160 from pot
*** SUMMARY ***
Total pot 160 | Rake 0 
Board [Ts Jd 3d Qc Qh]
Seat 1: Mahu2021 (big blind) showed [3h 7s] and lost with two pair, Queens and Threes
Seat 2: on_earth_today (button) (small blind) showed [3s Ac] and won (160) with two pair, Queens and Threes



PokerStars Hand #246884295066: Tournament #3667307374, $1.84+$0.16 USD Hold'em No Limit - Level III (20/40) - 2023/11/02 17:11:42 CET [2023/11/02 12:11:42 ET]
Table '3667307374 1' 3-max Seat #1 is the button
Seat 1: Mahu2021 (935 in chips) 
Seat 2: on_earth_today (565 in chips) 
Mahu2021: posts small blind 20
on_earth_today: posts big blind 40
*** HOLE CARDS ***
Dealt to Mahu2021 [Jh Ac]
Mahu2021: raises 80 to 120
on_earth_today: calls 80
*** FLOP *** [6c 2d 7d]
on_earth_today: checks 
Mahu2021: checks 
*** TURN *** [6c 2d 7d] [9d]
on_earth_today: checks 
Mahu2021: checks 
*** RIVER *** [6c 2d 7d 9d] [Qh]
on_earth_today: checks 
Mahu2021: checks 
*** SHOW DOWN ***
on_earth_today: shows [Td Ah] (high card Ace)
Mahu2021: shows [Jh Ac] (high card Ace - Queen+Jack kicker)
Mahu2021 collected 240 from pot
*** SUMMARY ***
Total pot 240 | Rake 0 
Board [6c 2d 7d 9d Qh]
Seat 1: Mahu2021 (button) (small blind) showed [Jh Ac] and won (240) with high card Ace
Seat 2: on_earth_today (big blind) showed [Td Ah] and lost with high card Ace



PokerStars Hand #246884299027: Tournament #3667307374, $1.84+$0.16 USD Hold'em No Limit - Level IV (30/60) - 2023/11/02 17:11:57 CET [2023/11/02 12:11:57 ET]
Table '3667307374 1' 3-max Seat #2 is the button
Seat 1: Mahu2021 (1055 in chips) 
Seat 2: on_earth_today (445 in chips) 
on_earth_today: posts small blind 30
Mahu2021: posts big blind 60
*** HOLE CARDS ***
Dealt to Mahu2021 [6c Jd]
on_earth_today: calls 30
Mahu2021: checks 
*** FLOP *** [8c 4h 6s]
Mahu2021: bets 60
on_earth_today: calls 60
*** TURN *** [8c 4h 6s] [Jh]
Mahu2021: bets 60
on_earth_today: calls 60
*** RIVER *** [8c 4h 6s Jh] [2h]
Mahu2021: bets 120
on_earth_today: folds 
Uncalled bet (120) returned to Mahu2021
Mahu2021 collected 360 from pot
Mahu2021: doesn't show hand 
*** SUMMARY ***
Total pot 360 | Rake 0 
Board [8c 4h 6s Jh 2h]
Seat 1: Mahu2021 (big blind) collected (360)
Seat 2: on_earth_today (button) (small blind) folded on the River



PokerStars Hand #246884302428: Tournament #3667307374, $1.84+$0.16 USD Hold'em No Limit - Level IV (30/60) - 2023/11/02 17:12:10 CET [2023/11/02 12:12:10 ET]
Table '3667307374 1' 3-max Seat #1 is the button
Seat 1: Mahu2021 (1235 in chips) 
Seat 2: on_earth_today (265 in chips) 
Mahu2021: posts small blind 30
on_earth_today: posts big blind 60
*** HOLE CARDS ***
Dealt to Mahu2021 [Qh Th]
Mahu2021: raises 180 to 240
on_earth_today: raises 25 to 265 and is all-in
Mahu2021: calls 25
*** FLOP *** [9s 6c 8c]
*** TURN *** [9s 6c 8c] [8h]
*** RIVER *** [9s 6c 8c 8h] [Kh]
*** SHOW DOWN ***
on_earth_today: shows [8d Kd] (a full house, Eights full of Kings)
Mahu2021: shows [Qh Th] (a pair of Eights)
on_earth_today collected 530 from pot
*** SUMMARY ***
Total pot 530 | Rake 0 
Board [9s 6c 8c 8h Kh]
Seat 1: Mahu2021 (button) (small blind) showed [Qh Th] and lost with a pair of Eights
Seat 2: on_earth_today (big blind) showed [8d Kd] and won (530) with a full house, Eights full of Kings



PokerStars Hand #246884306164: Tournament #3667307374, $1.84+$0.16 USD Hold'em No Limit - Level IV (30/60) - 2023/11/02 17:12:24 CET [2023/11/02 12:12:24 ET]
Table '3667307374 1' 3-max Seat #2 is the button
Seat 1: Mahu2021 (970 in chips) 
Seat 2: on_earth_today (530 in chips) 
on_earth_today: posts small blind 30
Mahu2021: posts big blind 60
*** HOLE CARDS ***
Dealt to Mahu2021 [Qc 5s]
on_earth_today: folds 
Uncalled bet (30) returned to Mahu2021
Mahu2021 collected 60 from pot
Mahu2021: doesn't show hand 
*** SUMMARY ***
Total pot 60 | Rake 0 
Seat 1: Mahu2021 (big blind) collected (60)
Seat 2: on_earth_today (button) (small blind) folded before Flop



PokerStars Hand #246884307140: Tournament #3667307374, $1.84+$0.16 USD Hold'em No Limit - Level IV (30/60) - 2023/11/02 17:12:27 CET [2023/11/02 12:12:27 ET]
Table '3667307374 1' 3-max Seat #1 is the button
Seat 1: Mahu2021 (1000 in chips) 
Seat 2: on_earth_today (500 in chips) 
Mahu2021: posts small blind 30
on_earth_today: posts big blind 60
*** HOLE CARDS ***
Dealt to Mahu2021 [9d 5s]
Mahu2021: folds 
Uncalled bet (30) returned to on_earth_today
on_earth_today collected 60 from pot
*** SUMMARY ***
Total pot 60 | Rake 0 
Seat 1: Mahu2021 (button) (small blind) folded before Flop
Seat 2: on_earth_today (big blind) collected (60)



PokerStars Hand #246884308317: Tournament #3667307374, $1.84+$0.16 USD Hold'em No Limit - Level IV (30/60) - 2023/11/02 17:12:32 CET [2023/11/02 12:12:32 ET]
Table '3667307374 1' 3-max Seat #2 is the button
Seat 1: Mahu2021 (970 in chips) 
Seat 2: on_earth_today (530 in chips) 
on_earth_today: posts small blind 30
Mahu2021: posts big blind 60
*** HOLE CARDS ***
Dealt to Mahu2021 [2s Js]
on_earth_today: calls 30
Mahu2021: checks 
*** FLOP *** [Ad Tc 2d]
Mahu2021: bets 60
on_earth_today: calls 60
*** TURN *** [Ad Tc 2d] [Qd]
Mahu2021: checks 
on_earth_today: checks 
*** RIVER *** [Ad Tc 2d Qd] [7h]
Mahu2021: bets 240
on_earth_today: calls 240
*** SHOW DOWN ***
Mahu2021: shows [2s Js] (a pair of Deuces)
on_earth_today: shows [As 8d] (a pair of Aces)
on_earth_today collected 720 from pot
*** SUMMARY ***
Total pot 720 | Rake 0 
Board [Ad Tc 2d Qd 7h]
Seat 1: Mahu2021 (big blind) showed [2s Js] and lost with a pair of Deuces
Seat 2: on_earth_today (button) (small blind) showed [As 8d] and won (720) with a pair of Aces



PokerStars Hand #246884311929: Tournament #3667307374, $1.84+$0.16 USD Hold'em No Limit - Level IV (30/60) - 2023/11/02 17:12:45 CET [2023/11/02 12:12:45 ET]
Table '3667307374 1' 3-max Seat #1 is the button
Seat 1: Mahu2021 (610 in chips) 
Seat 2: on_earth_today (890 in chips) 
Mahu2021: posts small blind 30
on_earth_today: posts big blind 60
*** HOLE CARDS ***
Dealt to Mahu2021 [3s 7h]
Mahu2021: folds 
Uncalled bet (30) returned to on_earth_today
on_earth_today collected 60 from pot
*** SUMMARY ***
Total pot 60 | Rake 0 
Seat 1: Mahu2021 (button) (small blind) folded before Flop
Seat 2: on_earth_today (big blind) collected (60)



PokerStars Hand #246884313081: Tournament #3667307374, $1.84+$0.16 USD Hold'em No Limit - Level IV (30/60) - 2023/11/02 17:12:49 CET [2023/11/02 12:12:49 ET]
Table '3667307374 1' 3-max Seat #2 is the button
Seat 1: Mahu2021 (580 in chips) 
Seat 2: on_earth_today (920 in chips) 
on_earth_today: posts small blind 30
Mahu2021: posts big blind 60
*** HOLE CARDS ***
Dealt to Mahu2021 [8h 6d]
on_earth_today: folds 
Uncalled bet (30) returned to Mahu2021
Mahu2021 collected 60 from pot
Mahu2021: doesn't show hand 
*** SUMMARY ***
Total pot 60 | Rake 0 
Seat 1: Mahu2021 (big blind) collected (60)
Seat 2: on_earth_today (button) (small blind) folded before Flop



PokerStars Hand #246884314050: Tournament #3667307374, $1.84+$0.16 USD Hold'em No Limit - Level IV (30/60) - 2023/11/02 17:12:53 CET [2023/11/02 12:12:53 ET]
Table '3667307374 1' 3-max Seat #1 is the button
Seat 1: Mahu2021 (610 in chips) 
Seat 2: on_earth_today (890 in chips) 
Mahu2021: posts small blind 30
on_earth_today: posts big blind 60
*** HOLE CARDS ***
Dealt to Mahu2021 [9c 4d]
Mahu2021: folds 
Uncalled bet (30) returned to on_earth_today
on_earth_today collected 60 from pot
*** SUMMARY ***
Total pot 60 | Rake 0 
Seat 1: Mahu2021 (button) (small blind) folded before Flop
Seat 2: on_earth_today (big blind) collected (60)



PokerStars Hand #246884315362: Tournament #3667307374, $1.84+$0.16 USD Hold'em No Limit - Level IV (30/60) - 2023/11/02 17:12:58 CET [2023/11/02 12:12:58 ET]
Table '3667307374 1' 3-max Seat #2 is the button
Seat 1: Mahu2021 (580 in chips) 
Seat 2: on_earth_today (920 in chips) 
on_earth_today: posts small blind 30
Mahu2021: posts big blind 60
*** HOLE CARDS ***
Dealt to Mahu2021 [4d 6c]
on_earth_today: calls 30
Mahu2021: checks 
*** FLOP *** [Kc As 7h]
Mahu2021: checks 
on_earth_today: checks 
*** TURN *** [Kc As 7h] [2s]
Mahu2021: checks 
on_earth_today: bets 60
Mahu2021: folds 
Uncalled bet (60) returned to on_earth_today
on_earth_today collected 120 from pot
*** SUMMARY ***
Total pot 120 | Rake 0 
Board [Kc As 7h 2s]
Seat 1: Mahu2021 (big blind) folded on the Turn
Seat 2: on_earth_today (button) (small blind) collected (120)



PokerStars Hand #246884318128: Tournament #3667307374, $1.84+$0.16 USD Hold'em No Limit - Level IV (30/60) - 2023/11/02 17:13:09 CET [2023/11/02 12:13:09 ET]
Table '3667307374 1' 3-max Seat #1 is the button
Seat 1: Mahu2021 (520 in chips) 
Seat 2: on_earth_today (980 in chips) 
Mahu2021: posts small blind 30
on_earth_today: posts big blind 60
*** HOLE CARDS ***
Dealt to Mahu2021 [4s 7d]
Mahu2021: folds 
Uncalled bet (30) returned to on_earth_today
on_earth_today collected 60 from pot
*** SUMMARY ***
Total pot 60 | Rake 0 
Seat 1: Mahu2021 (button) (small blind) folded before Flop
Seat 2: on_earth_today (big blind) collected (60)



PokerStars Hand #246884319242: Tournament #3667307374, $1.84+$0.16 USD Hold'em No Limit - Level IV (30/60) - 2023/11/02 17:13:13 CET [2023/11/02 12:13:13 ET]
Table '3667307374 1' 3-max Seat #2 is the button
Seat 1: Mahu2021 (490 in chips) 
Seat 2: on_earth_today (1010 in chips) 
on_earth_today: posts small blind 30
Mahu2021: posts big blind 60
*** HOLE CARDS ***
Dealt to Mahu2021 [As 6h]
on_earth_today: calls 30
Mahu2021: raises 430 to 490 and is all-in
on_earth_today: folds 
Uncalled bet (430) returned to Mahu2021
Mahu2021 collected 120 from pot
Mahu2021: doesn't show hand 
*** SUMMARY ***
Total pot 120 | Rake 0 
Seat 1: Mahu2021 (big blind) collected (120)
Seat 2: on_earth_today (button) (small blind) folded before Flop



PokerStars Hand #246884320883: Tournament #3667307374, $1.84+$0.16 USD Hold'em No Limit - Level IV (30/60) - 2023/11/02 17:13:19 CET [2023/11/02 12:13:19 ET]
Table '3667307374 1' 3-max Seat #1 is the button
Seat 1: Mahu2021 (550 in chips) 
Seat 2: on_earth_today (950 in chips) 
Mahu2021: posts small blind 30
on_earth_today: posts big blind 60
*** HOLE CARDS ***
Dealt to Mahu2021 [2h 4d]
Mahu2021: folds 
Uncalled bet (30) returned to on_earth_today
on_earth_today collected 60 from pot
*** SUMMARY ***
Total pot 60 | Rake 0 
Seat 1: Mahu2021 (button) (small blind) folded before Flop
Seat 2: on_earth_today (big blind) collected (60)



PokerStars Hand #246884322047: Tournament #3667307374, $1.84+$0.16 USD Hold'em No Limit - Level IV (30/60) - 2023/11/02 17:13:23 CET [2023/11/02 12:13:23 ET]
Table '3667307374 1' 3-max Seat #2 is the button
Seat 1: Mahu2021 (520 in chips) 
Seat 2: on_earth_today (980 in chips) 
on_earth_today: posts small blind 30
Mahu2021: posts big blind 60
*** HOLE CARDS ***
Dealt to Mahu2021 [3c 9d]
on_earth_today: folds 
Uncalled bet (30) returned to Mahu2021
Mahu2021 collected 60 from pot
Mahu2021: doesn't show hand 
*** SUMMARY ***
Total pot 60 | Rake 0 
Seat 1: Mahu2021 (big blind) collected (60)
Seat 2: on_earth_today (button) (small blind) folded before Flop



PokerStars Hand #246884322993: Tournament #3667307374, $1.84+$0.16 USD Hold'em No Limit - Level IV (30/60) - 2023/11/02 17:13:27 CET [2023/11/02 12:13:27 ET]
Table '3667307374 1' 3-max Seat #1 is the button
Seat 1: Mahu2021 (550 in chips) 
Seat 2: on_earth_today (950 in chips) 
Mahu2021: posts small blind 30
on_earth_today: posts big blind 60
*** HOLE CARDS ***
Dealt to Mahu2021 [2s Qc]
Mahu2021: calls 30
on_earth_today: checks 
*** FLOP *** [4d 5s Kh]
on_earth_today: checks 
Mahu2021: bets 60
on_earth_today: folds 
Uncalled bet (60) returned to Mahu2021
Mahu2021 collected 120 from pot
Mahu2021: doesn't show hand 
*** SUMMARY ***
Total pot 120 | Rake 0 
Board [4d 5s Kh]
Seat 1: Mahu2021 (button) (small blind) collected (120)
Seat 2: on_earth_today (big blind) folded on the Flop



PokerStars Hand #246884325188: Tournament #3667307374, $1.84+$0.16 USD Hold'em No Limit - Level IV (30/60) - 2023/11/02 17:13:35 CET [2023/11/02 12:13:35 ET]
Table '3667307374 1' 3-max Seat #2 is the button
Seat 1: Mahu2021 (610 in chips) 
Seat 2: on_earth_today (890 in chips) 
on_earth_today: posts small blind 30
Mahu2021: posts big blind 60
*** HOLE CARDS ***
Dealt to Mahu2021 [2d 3c]
on_earth_today: calls 30
Mahu2021: checks 
*** FLOP *** [Qh Kh 5c]
Mahu2021: checks 
on_earth_today: checks 
*** TURN *** [Qh Kh 5c] [8s]
Mahu2021: checks 
on_earth_today: bets 60
Mahu2021: folds 
Uncalled bet (60) returned to on_earth_today
on_earth_today collected 120 from pot
*** SUMMARY ***
Total pot 120 | Rake 0 
Board [Qh Kh 5c 8s]
Seat 1: Mahu2021 (big blind) folded on the Turn
Seat 2: on_earth_today (button) (small blind) collected (120)



PokerStars Hand #246884327934: Tournament #3667307374, $1.84+$0.16 USD Hold'em No Limit - Level IV (30/60) - 2023/11/02 17:13:46 CET [2023/11/02 12:13:46 ET]
Table '3667307374 1' 3-max Seat #1 is the button
Seat 1: Mahu2021 (550 in chips) 
Seat 2: on_earth_today (950 in chips) 
Mahu2021: posts small blind 30
on_earth_today: posts big blind 60
*** HOLE CARDS ***
Dealt to Mahu2021 [5d 8c]
Mahu2021: folds 
Uncalled bet (30) returned to on_earth_today
on_earth_today collected 60 from pot
*** SUMMARY ***
Total pot 60 | Rake 0 
Seat 1: Mahu2021 (button) (small blind) folded before Flop
Seat 2: on_earth_today (big blind) collected (60)



PokerStars Hand #246884329963: Tournament #3667307374, $1.84+$0.16 USD Hold'em No Limit - Level V (40/80) - 2023/11/02 17:13:53 CET [2023/11/02 12:13:53 ET]
Table '3667307374 1' 3-max Seat #2 is the button
Seat 1: Mahu2021 (520 in chips) 
Seat 2: on_earth_today (980 in chips) 
on_earth_today: posts small blind 40
Mahu2021: posts big blind 80
*** HOLE CARDS ***
Dealt to Mahu2021 [8h 8s]
on_earth_today: folds 
Uncalled bet (40) returned to Mahu2021
Mahu2021 collected 80 from pot
Mahu2021: doesn't show hand 
*** SUMMARY ***
Total pot 80 | Rake 0 
Seat 1: Mahu2021 (big blind) collected (80)
Seat 2: on_earth_today (button) (small blind) folded before Flop



PokerStars Hand #246884330954: Tournament #3667307374, $1.84+$0.16 USD Hold'em No Limit - Level V (40/80) - 2023/11/02 17:13:57 CET [2023/11/02 12:13:57 ET]
Table '3667307374 1' 3-max Seat #1 is the button
Seat 1: Mahu2021 (560 in chips) 
Seat 2: on_earth_today (940 in chips) 
Mahu2021: posts small blind 40
on_earth_today: posts big blind 80
*** HOLE CARDS ***
Dealt to Mahu2021 [6d 8s]
Mahu2021: calls 40
on_earth_today: checks 
*** FLOP *** [Js Ad 3h]
on_earth_today: checks 
Mahu2021: bets 80
on_earth_today: calls 80
*** TURN *** [Js Ad 3h] [3s]
on_earth_today: checks 
Mahu2021: checks 
*** RIVER *** [Js Ad 3h 3s] [6c]
on_earth_today: checks 
Mahu2021: checks 
*** SHOW DOWN ***
on_earth_today: shows [7d 7h] (two pair, Sevens and Threes)
Mahu2021: mucks hand 
on_earth_today collected 320 from pot
*** SUMMARY ***
Total pot 320 | Rake 0 
Board [Js Ad 3h 3s 6c]
Seat 1: Mahu2021 (button) (small blind) mucked [6d 8s]
Seat 2: on_earth_today (big blind) showed [7d 7h] and won (320) with two pair, Sevens and Threes



PokerStars Hand #246884334501: Tournament #3667307374, $1.84+$0.16 USD Hold'em No Limit - Level V (40/80) - 2023/11/02 17:14:10 CET [2023/11/02 12:14:10 ET]
Table '3667307374 1' 3-max Seat #2 is the button
Seat 1: Mahu2021 (400 in chips) 
Seat 2: on_earth_today (1100 in chips) 
on_earth_today: posts small blind 40
Mahu2021: posts big blind 80
*** HOLE CARDS ***
Dealt to Mahu2021 [Js As]
on_earth_today: folds 
Uncalled bet (40) returned to Mahu2021
Mahu2021 collected 80 from pot
Mahu2021: doesn't show hand 
*** SUMMARY ***
Total pot 80 | Rake 0 
Seat 1: Mahu2021 (big blind) collected (80)
Seat 2: on_earth_today (button) (small blind) folded before Flop



PokerStars Hand #246884335447: Tournament #3667307374, $1.84+$0.16 USD Hold'em No Limit - Level V (40/80) - 2023/11/02 17:14:14 CET [2023/11/02 12:14:14 ET]
Table '3667307374 1' 3-max Seat #1 is the button
Seat 1: Mahu2021 (440 in chips) 
Seat 2: on_earth_today (1060 in chips) 
Mahu2021: posts small blind 40
on_earth_today: posts big blind 80
*** HOLE CARDS ***
Dealt to Mahu2021 [2c 3c]
Mahu2021: calls 40
on_earth_today: checks 
*** FLOP *** [Ad 5s 7d]
on_earth_today: checks 
Mahu2021: bets 80
on_earth_today: calls 80
*** TURN *** [Ad 5s 7d] [4h]
on_earth_today: checks 
Mahu2021: bets 80
on_earth_today: calls 80
*** RIVER *** [Ad 5s 7d 4h] [2d]
on_earth_today: checks 
Mahu2021: bets 200 and is all-in
on_earth_today: calls 200
*** SHOW DOWN ***
Mahu2021: shows [2c 3c] (a straight, Ace to Five)
on_earth_today: shows [5d 7c] (two pair, Sevens and Fives)
Mahu2021 collected 880 from pot
*** SUMMARY ***
Total pot 880 | Rake 0 
Board [Ad 5s 7d 4h 2d]
Seat 1: Mahu2021 (button) (small blind) showed [2c 3c] and won (880) with a straight, Ace to Five
Seat 2: on_earth_today (big blind) showed [5d 7c] and lost with two pair, Sevens and Fives



PokerStars Hand #246884339877: Tournament #3667307374, $1.84+$0.16 USD Hold'em No Limit - Level V (40/80) - 2023/11/02 17:14:31 CET [2023/11/02 12:14:31 ET]
Table '3667307374 1' 3-max Seat #2 is the button
Seat 1: Mahu2021 (880 in chips) 
Seat 2: on_earth_today (620 in chips) 
on_earth_today: posts small blind 40
Mahu2021: posts big blind 80
*** HOLE CARDS ***
Dealt to Mahu2021 [Jc 5d]
on_earth_today: folds 
Uncalled bet (40) returned to Mahu2021
Mahu2021 collected 80 from pot
Mahu2021: doesn't show hand 
*** SUMMARY ***
Total pot 80 | Rake 0 
Seat 1: Mahu2021 (big blind) collected (80)
Seat 2: on_earth_today (button) (small blind) folded before Flop



PokerStars Hand #246884340844: Tournament #3667307374, $1.84+$0.16 USD Hold'em No Limit - Level V (40/80) - 2023/11/02 17:14:34 CET [2023/11/02 12:14:34 ET]
Table '3667307374 1' 3-max Seat #1 is the button
Seat 1: Mahu2021 (920 in chips) 
Seat 2: on_earth_today (580 in chips) 
Mahu2021: posts small blind 40
on_earth_today: posts big blind 80
*** HOLE CARDS ***
Dealt to Mahu2021 [8s Qc]
Mahu2021: calls 40
on_earth_today: checks 
*** FLOP *** [4s 6s 4c]
on_earth_today: checks 
Mahu2021: bets 80
on_earth_today: calls 80
*** TURN *** [4s 6s 4c] [5c]
on_earth_today: checks 
Mahu2021: checks 
*** RIVER *** [4s 6s 4c 5c] [Kd]
on_earth_today: bets 80
Mahu2021: folds 
Uncalled bet (80) returned to on_earth_today
on_earth_today collected 320 from pot
*** SUMMARY ***
Total pot 320 | Rake 0 
Board [4s 6s 4c 5c Kd]
Seat 1: Mahu2021 (button) (small blind) folded on the River
Seat 2: on_earth_today (big blind) collected (320)



PokerStars Hand #246884344600: Tournament #3667307374, $1.84+$0.16 USD Hold'em No Limit - Level V (40/80) - 2023/11/02 17:14:48 CET [2023/11/02 12:14:48 ET]
Table '3667307374 1' 3-max Seat #2 is the button
Seat 1: Mahu2021 (760 in chips) 
Seat 2: on_earth_today (740 in chips) 
on_earth_today: posts small blind 40
Mahu2021: posts big blind 80
*** HOLE CARDS ***
Dealt to Mahu2021 [7c Ts]
on_earth_today: calls 40
Mahu2021: checks 
*** FLOP *** [5h Qc 4h]
Mahu2021: checks 
on_earth_today: checks 
*** TURN *** [5h Qc 4h] [Qd]
Mahu2021: checks 
on_earth_today: checks 
*** RIVER *** [5h Qc 4h Qd] [Jc]
Mahu2021: checks 
on_earth_today: checks 
*** SHOW DOWN ***
Mahu2021: shows [7c Ts] (a pair of Queens)
on_earth_today: shows [3h 3s] (two pair, Queens and Threes)
on_earth_today collected 160 from pot
*** SUMMARY ***
Total pot 160 | Rake 0 
Board [5h Qc 4h Qd Jc]
Seat 1: Mahu2021 (big blind) showed [7c Ts] and lost with a pair of Queens
Seat 2: on_earth_today (button) (small blind) showed [3h 3s] and won (160) with two pair, Queens and Threes



PokerStars Hand #246884347642: Tournament #3667307374, $1.84+$0.16 USD Hold'em No Limit - Level V (40/80) - 2023/11/02 17:14:59 CET [2023/11/02 12:14:59 ET]
Table '3667307374 1' 3-max Seat #1 is the button
Seat 1: Mahu2021 (680 in chips) 
Seat 2: on_earth_today (820 in chips) 
Mahu2021: posts small blind 40
on_earth_today: posts big blind 80
*** HOLE CARDS ***
Dealt to Mahu2021 [4c 2s]
Mahu2021: folds 
Uncalled bet (40) returned to on_earth_today
on_earth_today collected 80 from pot
*** SUMMARY ***
Total pot 80 | Rake 0 
Seat 1: Mahu2021 (button) (small blind) folded before Flop
Seat 2: on_earth_today (big blind) collected (80)



PokerStars Hand #246884348911: Tournament #3667307374, $1.84+$0.16 USD Hold'em No Limit - Level V (40/80) - 2023/11/02 17:15:04 CET [2023/11/02 12:15:04 ET]
Table '3667307374 1' 3-max Seat #2 is the button
Seat 1: Mahu2021 (640 in chips) 
Seat 2: on_earth_today (860 in chips) 
on_earth_today: posts small blind 40
Mahu2021: posts big blind 80
*** HOLE CARDS ***
Dealt to Mahu2021 [5s 2s]
on_earth_today: calls 40
Mahu2021: checks 
*** FLOP *** [Js 9c 6d]
Mahu2021: checks 
on_earth_today: checks 
*** TURN *** [Js 9c 6d] [6s]
Mahu2021: checks 
on_earth_today: checks 
*** RIVER *** [Js 9c 6d 6s] [As]
Mahu2021: bets 160
on_earth_today: folds 
Uncalled bet (160) returned to Mahu2021
Mahu2021 collected 160 from pot
Mahu2021: doesn't show hand 
*** SUMMARY ***
Total pot 160 | Rake 0 
Board [Js 9c 6d 6s As]
Seat 1: Mahu2021 (big blind) collected (160)
Seat 2: on_earth_today (button) (small blind) folded on the River



PokerStars Hand #246884352304: Tournament #3667307374, $1.84+$0.16 USD Hold'em No Limit - Level V (40/80) - 2023/11/02 17:15:17 CET [2023/11/02 12:15:17 ET]
Table '3667307374 1' 3-max Seat #1 is the button
Seat 1: Mahu2021 (720 in chips) 
Seat 2: on_earth_today (780 in chips) 
Mahu2021: posts small blind 40
on_earth_today: posts big blind 80
*** HOLE CARDS ***
Dealt to Mahu2021 [8s Qh]
Mahu2021: calls 40
on_earth_today: checks 
*** FLOP *** [Kd Kc 2h]
on_earth_today: checks 
Mahu2021: bets 80
on_earth_today: calls 80
*** TURN *** [Kd Kc 2h] [5s]
on_earth_today: checks 
Mahu2021: checks 
*** RIVER *** [Kd Kc 2h 5s] [Qs]
on_earth_today: checks 
Mahu2021: bets 160
on_earth_today: folds 
Uncalled bet (160) returned to Mahu2021
Mahu2021 collected 320 from pot
Mahu2021: doesn't show hand 
*** SUMMARY ***
Total pot 320 | Rake 0 
Board [Kd Kc 2h 5s Qs]
Seat 1: Mahu2021 (button) (small blind) collected (320)
Seat 2: on_earth_today (big blind) folded on the River



PokerStars Hand #246884356422: Tournament #3667307374, $1.84+$0.16 USD Hold'em No Limit - Level V (40/80) - 2023/11/02 17:15:32 CET [2023/11/02 12:15:32 ET]
Table '3667307374 1' 3-max Seat #2 is the button
Seat 1: Mahu2021 (880 in chips) 
Seat 2: on_earth_today (620 in chips) 
on_earth_today: posts small blind 40
Mahu2021: posts big blind 80
*** HOLE CARDS ***
Dealt to Mahu2021 [Qs As]
on_earth_today: calls 40
Mahu2021: raises 800 to 880 and is all-in
on_earth_today: calls 540 and is all-in
Uncalled bet (260) returned to Mahu2021
*** FLOP *** [5c 5h 9h]
*** TURN *** [5c 5h 9h] [Ah]
*** RIVER *** [5c 5h 9h Ah] [6d]
*** SHOW DOWN ***
Mahu2021: shows [Qs As] (two pair, Aces and Fives)
on_earth_today: shows [8s Ac] (two pair, Aces and Fives - lower kicker)
Mahu2021 collected 1240 from pot
on_earth_today finished the tournament in 2nd place
Mahu2021 wins the tournament and receives $4.00 - congratulations!
*** SUMMARY ***
Total pot 1240 | Rake 0 
Board [5c 5h 9h Ah 6d]
Seat 1: Mahu2021 (big blind) showed [Qs As] and won (1240) with two pair, Aces and Fives
Seat 2: on_earth_today (button) (small blind) showed [8s Ac] and lost with two pair, Aces and Fives



