PokerStars Hand #253893436336: Tournament #3834946176, $0.46+$0.04 USD Hold'em No Limit - Level I (10/20) - 2024/12/17 6:40:13 CET [2024/12/17 0:40:13 ET]
Table '3834946176 1' 3-max Seat #1 is the button
Seat 1: pokercarcass (500 in chips) 
Seat 2: Mahu2021 (500 in chips) 
Seat 3: KoroT (500 in chips) 
Mahu2021: posts small blind 10
KoroT: posts big blind 20
*** HOLE CARDS ***
Dealt to Mahu2021 [8s As]
pokercarcass: calls 20
Mahu2021: calls 10
KoroT: checks 
*** FLOP *** [Ks Td 5c]
Mahu2021: checks 
KoroT: checks 
pokercarcass: checks 
*** TURN *** [Ks Td 5c] [Qs]
Mahu2021: checks 
KoroT: checks 
pokercarcass: bets 20
Mahu2021: calls 20
KoroT: folds 
*** RIVER *** [Ks Td 5c Qs] [2s]
Mahu2021: bets 460 and is all-in
pokercarcass: folds 
Uncalled bet (460) returned to Mahu2021
Mahu2021 collected 100 from pot
Mahu2021: doesn't show hand 
*** SUMMARY ***
Total pot 100 | Rake 0 
Board [Ks Td 5c Qs 2s]
Seat 1: pokercarcass (button) folded on the River
Seat 2: Mahu2021 (small blind) collected (100)
Seat 3: KoroT (big blind) folded on the Turn



PokerStars Hand #253893438867: Tournament #3834946176, $0.46+$0.04 USD Hold'em No Limit - Level I (10/20) - 2024/12/17 6:40:46 CET [2024/12/17 0:40:46 ET]
Table '3834946176 1' 3-max Seat #2 is the button
Seat 1: pokercarcass (460 in chips) 
Seat 2: Mahu2021 (560 in chips) 
Seat 3: KoroT (480 in chips) 
KoroT: posts small blind 10
pokercarcass: posts big blind 20
*** HOLE CARDS ***
Dealt to Mahu2021 [3c 8s]
Mahu2021: folds 
KoroT: folds 
Uncalled bet (10) returned to pokercarcass
pokercarcass collected 20 from pot
*** SUMMARY ***
Total pot 20 | Rake 0 
Seat 1: pokercarcass (big blind) collected (20)
Seat 2: Mahu2021 (button) folded before Flop (didn't bet)
Seat 3: KoroT (small blind) folded before Flop



PokerStars Hand #253893439409: Tournament #3834946176, $0.46+$0.04 USD Hold'em No Limit - Level I (10/20) - 2024/12/17 6:40:54 CET [2024/12/17 0:40:54 ET]
Table '3834946176 1' 3-max Seat #3 is the button
Seat 1: pokercarcass (470 in chips) 
Seat 2: Mahu2021 (560 in chips) 
Seat 3: KoroT (470 in chips) 
pokercarcass: posts small blind 10
Mahu2021: posts big blind 20
*** HOLE CARDS ***
Dealt to Mahu2021 [Ac As]
KoroT: calls 20
pokercarcass: calls 10
Mahu2021: raises 540 to 560 and is all-in
KoroT: calls 450 and is all-in
pokercarcass: folds 
Uncalled bet (90) returned to Mahu2021
*** FLOP *** [7h Ts 4d]
*** TURN *** [7h Ts 4d] [Ah]
*** RIVER *** [7h Ts 4d Ah] [Jd]
*** SHOW DOWN ***
Mahu2021: shows [Ac As] (three of a kind, Aces)
KoroT: shows [6c 6d] (a pair of Sixes)
Mahu2021 collected 960 from pot
KoroT finished the tournament in 3rd place
*** SUMMARY ***
Total pot 960 | Rake 0 
Board [7h Ts 4d Ah Jd]
Seat 1: pokercarcass (small blind) folded before Flop
Seat 2: Mahu2021 (big blind) showed [Ac As] and won (960) with three of a kind, Aces
Seat 3: KoroT (button) showed [6c 6d] and lost with a pair of Sixes



PokerStars Hand #253893441146: Tournament #3834946176, $0.46+$0.04 USD Hold'em No Limit - Level I (10/20) - 2024/12/17 6:41:16 CET [2024/12/17 0:41:16 ET]
Table '3834946176 1' 3-max Seat #2 is the button
Seat 1: pokercarcass (450 in chips) 
Seat 2: Mahu2021 (1050 in chips) 
Mahu2021: posts small blind 10
pokercarcass: posts big blind 20
*** HOLE CARDS ***
Dealt to Mahu2021 [3d Kd]
Mahu2021: raises 20 to 40
pokercarcass: calls 20
*** FLOP *** [Th Qs 9h]
pokercarcass has timed out
pokercarcass: checks 
Mahu2021: bets 20
pokercarcass: folds 
Uncalled bet (20) returned to Mahu2021
Mahu2021 collected 80 from pot
Mahu2021: doesn't show hand 
*** SUMMARY ***
Total pot 80 | Rake 0 
Board [Th Qs 9h]
Seat 1: pokercarcass (big blind) folded on the Flop
Seat 2: Mahu2021 (button) (small blind) collected (80)



PokerStars Hand #253893443771: Tournament #3834946176, $0.46+$0.04 USD Hold'em No Limit - Level I (10/20) - 2024/12/17 6:41:50 CET [2024/12/17 0:41:50 ET]
Table '3834946176 1' 3-max Seat #1 is the button
Seat 1: pokercarcass (410 in chips) 
Seat 2: Mahu2021 (1090 in chips) 
pokercarcass: posts small blind 10
Mahu2021: posts big blind 20
*** HOLE CARDS ***
Dealt to Mahu2021 [6c 3s]
pokercarcass: folds 
Uncalled bet (10) returned to Mahu2021
Mahu2021 collected 20 from pot
Mahu2021: doesn't show hand 
*** SUMMARY ***
Total pot 20 | Rake 0 
Seat 1: pokercarcass (button) (small blind) folded before Flop
Seat 2: Mahu2021 (big blind) collected (20)



PokerStars Hand #253893444149: Tournament #3834946176, $0.46+$0.04 USD Hold'em No Limit - Level I (10/20) - 2024/12/17 6:41:55 CET [2024/12/17 0:41:55 ET]
Table '3834946176 1' 3-max Seat #2 is the button
Seat 1: pokercarcass (400 in chips) 
Seat 2: Mahu2021 (1100 in chips) 
Mahu2021: posts small blind 10
pokercarcass: posts big blind 20
*** HOLE CARDS ***
Dealt to Mahu2021 [9c 5s]
Mahu2021: raises 20 to 40
pokercarcass: calls 20
*** FLOP *** [2c Jd Ah]
pokercarcass: checks 
Mahu2021: bets 40
pokercarcass: calls 40
*** TURN *** [2c Jd Ah] [As]
pokercarcass: checks 
Mahu2021: checks 
*** RIVER *** [2c Jd Ah As] [5d]
pokercarcass: checks 
Mahu2021: checks 
*** SHOW DOWN ***
pokercarcass: shows [Td Qd] (a pair of Aces)
Mahu2021: shows [9c 5s] (two pair, Aces and Fives)
Mahu2021 collected 160 from pot
*** SUMMARY ***
Total pot 160 | Rake 0 
Board [2c Jd Ah As 5d]
Seat 1: pokercarcass (big blind) showed [Td Qd] and lost with a pair of Aces
Seat 2: Mahu2021 (button) (small blind) showed [9c 5s] and won (160) with two pair, Aces and Fives



PokerStars Hand #253893445869: Tournament #3834946176, $0.46+$0.04 USD Hold'em No Limit - Level II (15/30) - 2024/12/17 6:42:18 CET [2024/12/17 0:42:18 ET]
Table '3834946176 1' 3-max Seat #1 is the button
Seat 1: pokercarcass (320 in chips) 
Seat 2: Mahu2021 (1180 in chips) 
pokercarcass: posts small blind 15
Mahu2021: posts big blind 30
*** HOLE CARDS ***
Dealt to Mahu2021 [Ks 6c]
pokercarcass: raises 290 to 320 and is all-in
Mahu2021: folds 
Uncalled bet (290) returned to pokercarcass
pokercarcass collected 60 from pot
*** SUMMARY ***
Total pot 60 | Rake 0 
Seat 1: pokercarcass (button) (small blind) collected (60)
Seat 2: Mahu2021 (big blind) folded before Flop



PokerStars Hand #253893446492: Tournament #3834946176, $0.46+$0.04 USD Hold'em No Limit - Level II (15/30) - 2024/12/17 6:42:27 CET [2024/12/17 0:42:27 ET]
Table '3834946176 1' 3-max Seat #2 is the button
Seat 1: pokercarcass (350 in chips) 
Seat 2: Mahu2021 (1150 in chips) 
Mahu2021: posts small blind 15
pokercarcass: posts big blind 30
*** HOLE CARDS ***
Dealt to Mahu2021 [2s Ah]
Mahu2021: raises 30 to 60
pokercarcass: folds 
Uncalled bet (30) returned to Mahu2021
Mahu2021 collected 60 from pot
Mahu2021: doesn't show hand 
*** SUMMARY ***
Total pot 60 | Rake 0 
Seat 1: pokercarcass (big blind) folded before Flop
Seat 2: Mahu2021 (button) (small blind) collected (60)



PokerStars Hand #253893446957: Tournament #3834946176, $0.46+$0.04 USD Hold'em No Limit - Level II (15/30) - 2024/12/17 6:42:33 CET [2024/12/17 0:42:33 ET]
Table '3834946176 1' 3-max Seat #1 is the button
Seat 1: pokercarcass (320 in chips) 
Seat 2: Mahu2021 (1180 in chips) 
pokercarcass: posts small blind 15
Mahu2021: posts big blind 30
*** HOLE CARDS ***
Dealt to Mahu2021 [Tc 5d]
pokercarcass: raises 30 to 60
Mahu2021: calls 30
*** FLOP *** [7d Ad 9d]
Mahu2021: checks 
pokercarcass: checks 
*** TURN *** [7d Ad 9d] [Qc]
Mahu2021: checks 
pokercarcass: checks 
*** RIVER *** [7d Ad 9d Qc] [8h]
Mahu2021: bets 30
pokercarcass: calls 30
*** SHOW DOWN ***
Mahu2021: shows [Tc 5d] (high card Ace)
pokercarcass: shows [Qs Js] (a pair of Queens)
pokercarcass collected 180 from pot
*** SUMMARY ***
Total pot 180 | Rake 0 
Board [7d Ad 9d Qc 8h]
Seat 1: pokercarcass (button) (small blind) showed [Qs Js] and won (180) with a pair of Queens
Seat 2: Mahu2021 (big blind) showed [Tc 5d] and lost with high card Ace



PokerStars Hand #253893448274: Tournament #3834946176, $0.46+$0.04 USD Hold'em No Limit - Level II (15/30) - 2024/12/17 6:42:50 CET [2024/12/17 0:42:50 ET]
Table '3834946176 1' 3-max Seat #2 is the button
Seat 1: pokercarcass (410 in chips) 
Seat 2: Mahu2021 (1090 in chips) 
Mahu2021: posts small blind 15
pokercarcass: posts big blind 30
*** HOLE CARDS ***
Dealt to Mahu2021 [9c 9s]
Mahu2021: raises 1060 to 1090 and is all-in
pokercarcass: calls 380 and is all-in
Uncalled bet (680) returned to Mahu2021
*** FLOP *** [Ts 7s 2d]
*** TURN *** [Ts 7s 2d] [7c]
*** RIVER *** [Ts 7s 2d 7c] [Td]
*** SHOW DOWN ***
pokercarcass: shows [7d 7h] (four of a kind, Sevens)
Mahu2021: shows [9c 9s] (two pair, Tens and Nines)
pokercarcass collected 820 from pot
*** SUMMARY ***
Total pot 820 | Rake 0 
Board [Ts 7s 2d 7c Td]
Seat 1: pokercarcass (big blind) showed [7d 7h] and won (820) with four of a kind, Sevens
Seat 2: Mahu2021 (button) (small blind) showed [9c 9s] and lost with two pair, Tens and Nines



PokerStars Hand #253893449374: Tournament #3834946176, $0.46+$0.04 USD Hold'em No Limit - Level II (15/30) - 2024/12/17 6:43:05 CET [2024/12/17 0:43:05 ET]
Table '3834946176 1' 3-max Seat #1 is the button
Seat 1: pokercarcass (820 in chips) 
Seat 2: Mahu2021 (680 in chips) 
pokercarcass: posts small blind 15
Mahu2021: posts big blind 30
*** HOLE CARDS ***
Dealt to Mahu2021 [Ah 2d]
pokercarcass: calls 15
Mahu2021: raises 650 to 680 and is all-in
pokercarcass: folds 
Uncalled bet (650) returned to Mahu2021
Mahu2021 collected 60 from pot
Mahu2021: doesn't show hand 
*** SUMMARY ***
Total pot 60 | Rake 0 
Seat 1: pokercarcass (button) (small blind) folded before Flop
Seat 2: Mahu2021 (big blind) collected (60)



PokerStars Hand #253893450029: Tournament #3834946176, $0.46+$0.04 USD Hold'em No Limit - Level II (15/30) - 2024/12/17 6:43:14 CET [2024/12/17 0:43:14 ET]
Table '3834946176 1' 3-max Seat #2 is the button
Seat 1: pokercarcass (790 in chips) 
Seat 2: Mahu2021 (710 in chips) 
Mahu2021: posts small blind 15
pokercarcass: posts big blind 30
*** HOLE CARDS ***
Dealt to Mahu2021 [4h 5d]
Mahu2021: raises 30 to 60
pokercarcass: calls 30
*** FLOP *** [9s 9d 4d]
pokercarcass: checks 
Mahu2021: bets 120
pokercarcass: folds 
Uncalled bet (120) returned to Mahu2021
Mahu2021 collected 120 from pot
Mahu2021: doesn't show hand 
*** SUMMARY ***
Total pot 120 | Rake 0 
Board [9s 9d 4d]
Seat 1: pokercarcass (big blind) folded on the Flop
Seat 2: Mahu2021 (button) (small blind) collected (120)



PokerStars Hand #253893451203: Tournament #3834946176, $0.46+$0.04 USD Hold'em No Limit - Level II (15/30) - 2024/12/17 6:43:29 CET [2024/12/17 0:43:29 ET]
Table '3834946176 1' 3-max Seat #1 is the button
Seat 1: pokercarcass (730 in chips) 
Seat 2: Mahu2021 (770 in chips) 
pokercarcass: posts small blind 15
Mahu2021: posts big blind 30
*** HOLE CARDS ***
Dealt to Mahu2021 [5c 2h]
pokercarcass: calls 15
Mahu2021: checks 
*** FLOP *** [2c Qh 9d]
Mahu2021: checks 
pokercarcass: checks 
*** TURN *** [2c Qh 9d] [Js]
Mahu2021: checks 
pokercarcass: checks 
*** RIVER *** [2c Qh 9d Js] [3c]
Mahu2021: bets 30
pokercarcass: calls 30
*** SHOW DOWN ***
Mahu2021: shows [5c 2h] (a pair of Deuces)
pokercarcass: shows [Kd 3h] (a pair of Threes)
pokercarcass collected 120 from pot
*** SUMMARY ***
Total pot 120 | Rake 0 
Board [2c Qh 9d Js 3c]
Seat 1: pokercarcass (button) (small blind) showed [Kd 3h] and won (120) with a pair of Threes
Seat 2: Mahu2021 (big blind) showed [5c 2h] and lost with a pair of Deuces



PokerStars Hand #253893452676: Tournament #3834946176, $0.46+$0.04 USD Hold'em No Limit - Level II (15/30) - 2024/12/17 6:43:49 CET [2024/12/17 0:43:49 ET]
Table '3834946176 1' 3-max Seat #2 is the button
Seat 1: pokercarcass (790 in chips) 
Seat 2: Mahu2021 (710 in chips) 
Mahu2021: posts small blind 15
pokercarcass: posts big blind 30
*** HOLE CARDS ***
Dealt to Mahu2021 [9d 7c]
Mahu2021: folds 
Uncalled bet (15) returned to pokercarcass
pokercarcass collected 30 from pot
*** SUMMARY ***
Total pot 30 | Rake 0 
Seat 1: pokercarcass (big blind) collected (30)
Seat 2: Mahu2021 (button) (small blind) folded before Flop



PokerStars Hand #253893453170: Tournament #3834946176, $0.46+$0.04 USD Hold'em No Limit - Level II (15/30) - 2024/12/17 6:43:55 CET [2024/12/17 0:43:55 ET]
Table '3834946176 1' 3-max Seat #1 is the button
Seat 1: pokercarcass (805 in chips) 
Seat 2: Mahu2021 (695 in chips) 
pokercarcass: posts small blind 15
Mahu2021: posts big blind 30
*** HOLE CARDS ***
Dealt to Mahu2021 [6d Qs]
pokercarcass: folds 
Uncalled bet (15) returned to Mahu2021
Mahu2021 collected 30 from pot
Mahu2021: doesn't show hand 
*** SUMMARY ***
Total pot 30 | Rake 0 
Seat 1: pokercarcass (button) (small blind) folded before Flop
Seat 2: Mahu2021 (big blind) collected (30)



PokerStars Hand #253893453597: Tournament #3834946176, $0.46+$0.04 USD Hold'em No Limit - Level II (15/30) - 2024/12/17 6:44:01 CET [2024/12/17 0:44:01 ET]
Table '3834946176 1' 3-max Seat #2 is the button
Seat 1: pokercarcass (790 in chips) 
Seat 2: Mahu2021 (710 in chips) 
Mahu2021: posts small blind 15
pokercarcass: posts big blind 30
*** HOLE CARDS ***
Dealt to Mahu2021 [3h Ks]
Mahu2021: raises 30 to 60
pokercarcass: calls 30
*** FLOP *** [Tc Kd Qs]
pokercarcass: bets 30
Mahu2021: raises 60 to 90
pokercarcass: folds 
Uncalled bet (60) returned to Mahu2021
Mahu2021 collected 180 from pot
Mahu2021: doesn't show hand 
*** SUMMARY ***
Total pot 180 | Rake 0 
Board [Tc Kd Qs]
Seat 1: pokercarcass (big blind) folded on the Flop
Seat 2: Mahu2021 (button) (small blind) collected (180)



PokerStars Hand #253893454610: Tournament #3834946176, $0.46+$0.04 USD Hold'em No Limit - Level II (15/30) - 2024/12/17 6:44:14 CET [2024/12/17 0:44:14 ET]
Table '3834946176 1' 3-max Seat #1 is the button
Seat 1: pokercarcass (700 in chips) 
Seat 2: Mahu2021 (800 in chips) 
pokercarcass: posts small blind 15
Mahu2021: posts big blind 30
*** HOLE CARDS ***
Dealt to Mahu2021 [2s Qs]
pokercarcass: calls 15
Mahu2021: checks 
*** FLOP *** [4c 7s Qc]
Mahu2021: bets 60
pokercarcass: calls 60
*** TURN *** [4c 7s Qc] [5c]
Mahu2021: checks 
pokercarcass: bets 90
Mahu2021: calls 90
*** RIVER *** [4c 7s Qc 5c] [Ks]
Mahu2021: checks 
pokercarcass: bets 180
Mahu2021: calls 180
*** SHOW DOWN ***
pokercarcass: shows [Ac Kd] (a pair of Kings)
Mahu2021: mucks hand 
pokercarcass collected 720 from pot
*** SUMMARY ***
Total pot 720 | Rake 0 
Board [4c 7s Qc 5c Ks]
Seat 1: pokercarcass (button) (small blind) showed [Ac Kd] and won (720) with a pair of Kings
Seat 2: Mahu2021 (big blind) mucked [2s Qs]



PokerStars Hand #253893456332: Tournament #3834946176, $0.46+$0.04 USD Hold'em No Limit - Level III (20/40) - 2024/12/17 6:44:38 CET [2024/12/17 0:44:38 ET]
Table '3834946176 1' 3-max Seat #2 is the button
Seat 1: pokercarcass (1060 in chips) 
Seat 2: Mahu2021 (440 in chips) 
Mahu2021: posts small blind 20
pokercarcass: posts big blind 40
*** HOLE CARDS ***
Dealt to Mahu2021 [Qd 2c]
Mahu2021: calls 20
pokercarcass has timed out
pokercarcass: checks 
*** FLOP *** [2h 5d 8c]
pokercarcass has timed out
pokercarcass: checks 
Mahu2021: bets 40
pokercarcass: calls 40
*** TURN *** [2h 5d 8c] [3d]
pokercarcass has timed out
pokercarcass: checks 
Mahu2021: bets 80
pokercarcass: folds 
Uncalled bet (80) returned to Mahu2021
Mahu2021 collected 160 from pot
Mahu2021: doesn't show hand 
*** SUMMARY ***
Total pot 160 | Rake 0 
Board [2h 5d 8c 3d]
Seat 1: pokercarcass (big blind) folded on the Turn
Seat 2: Mahu2021 (button) (small blind) collected (160)



PokerStars Hand #253893460517: Tournament #3834946176, $0.46+$0.04 USD Hold'em No Limit - Level III (20/40) - 2024/12/17 6:45:32 CET [2024/12/17 0:45:32 ET]
Table '3834946176 1' 3-max Seat #1 is the button
Seat 1: pokercarcass (980 in chips) 
Seat 2: Mahu2021 (520 in chips) 
pokercarcass: posts small blind 20
Mahu2021: posts big blind 40
*** HOLE CARDS ***
Dealt to Mahu2021 [3h 9c]
pokercarcass: calls 20
Mahu2021: checks 
*** FLOP *** [Js Qh 6s]
Mahu2021: checks 
pokercarcass: bets 40
Mahu2021: folds 
Uncalled bet (40) returned to pokercarcass
pokercarcass collected 80 from pot
*** SUMMARY ***
Total pot 80 | Rake 0 
Board [Js Qh 6s]
Seat 1: pokercarcass (button) (small blind) collected (80)
Seat 2: Mahu2021 (big blind) folded on the Flop



PokerStars Hand #253893462116: Tournament #3834946176, $0.46+$0.04 USD Hold'em No Limit - Level III (20/40) - 2024/12/17 6:45:53 CET [2024/12/17 0:45:53 ET]
Table '3834946176 1' 3-max Seat #2 is the button
Seat 1: pokercarcass (1020 in chips) 
Seat 2: Mahu2021 (480 in chips) 
Mahu2021: posts small blind 20
pokercarcass: posts big blind 40
*** HOLE CARDS ***
Dealt to Mahu2021 [Ah Ks]
Mahu2021: raises 440 to 480 and is all-in
pokercarcass: folds 
Uncalled bet (440) returned to Mahu2021
Mahu2021 collected 80 from pot
Mahu2021: doesn't show hand 
*** SUMMARY ***
Total pot 80 | Rake 0 
Seat 1: pokercarcass (big blind) folded before Flop
Seat 2: Mahu2021 (button) (small blind) collected (80)



PokerStars Hand #253893462602: Tournament #3834946176, $0.46+$0.04 USD Hold'em No Limit - Level III (20/40) - 2024/12/17 6:45:59 CET [2024/12/17 0:45:59 ET]
Table '3834946176 1' 3-max Seat #1 is the button
Seat 1: pokercarcass (980 in chips) 
Seat 2: Mahu2021 (520 in chips) 
pokercarcass: posts small blind 20
Mahu2021: posts big blind 40
*** HOLE CARDS ***
Dealt to Mahu2021 [4h 4d]
pokercarcass: calls 20
Mahu2021: raises 480 to 520 and is all-in
pokercarcass: calls 480
*** FLOP *** [Jc 8c Jh]
*** TURN *** [Jc 8c Jh] [3c]
*** RIVER *** [Jc 8c Jh 3c] [2h]
*** SHOW DOWN ***
Mahu2021: shows [4h 4d] (two pair, Jacks and Fours)
pokercarcass: shows [Qc Th] (a pair of Jacks)
Mahu2021 collected 1040 from pot
*** SUMMARY ***
Total pot 1040 | Rake 0 
Board [Jc 8c Jh 3c 2h]
Seat 1: pokercarcass (button) (small blind) showed [Qc Th] and lost with a pair of Jacks
Seat 2: Mahu2021 (big blind) showed [4h 4d] and won (1040) with two pair, Jacks and Fours



PokerStars Hand #253893463975: Tournament #3834946176, $0.46+$0.04 USD Hold'em No Limit - Level IV (30/60) - 2024/12/17 6:46:17 CET [2024/12/17 0:46:17 ET]
Table '3834946176 1' 3-max Seat #2 is the button
Seat 1: pokercarcass (460 in chips) 
Seat 2: Mahu2021 (1040 in chips) 
Mahu2021: posts small blind 30
pokercarcass: posts big blind 60
*** HOLE CARDS ***
Dealt to Mahu2021 [9s Qh]
Mahu2021: raises 60 to 120
pokercarcass: folds 
Uncalled bet (60) returned to Mahu2021
Mahu2021 collected 120 from pot
Mahu2021: doesn't show hand 
*** SUMMARY ***
Total pot 120 | Rake 0 
Seat 1: pokercarcass (big blind) folded before Flop
Seat 2: Mahu2021 (button) (small blind) collected (120)



PokerStars Hand #253893464353: Tournament #3834946176, $0.46+$0.04 USD Hold'em No Limit - Level IV (30/60) - 2024/12/17 6:46:22 CET [2024/12/17 0:46:22 ET]
Table '3834946176 1' 3-max Seat #1 is the button
Seat 1: pokercarcass (400 in chips) 
Seat 2: Mahu2021 (1100 in chips) 
pokercarcass: posts small blind 30
Mahu2021: posts big blind 60
*** HOLE CARDS ***
Dealt to Mahu2021 [3s Kh]
pokercarcass: raises 340 to 400 and is all-in
Mahu2021: folds 
Uncalled bet (340) returned to pokercarcass
pokercarcass collected 120 from pot
*** SUMMARY ***
Total pot 120 | Rake 0 
Seat 1: pokercarcass (button) (small blind) collected (120)
Seat 2: Mahu2021 (big blind) folded before Flop



PokerStars Hand #253893464873: Tournament #3834946176, $0.46+$0.04 USD Hold'em No Limit - Level IV (30/60) - 2024/12/17 6:46:30 CET [2024/12/17 0:46:30 ET]
Table '3834946176 1' 3-max Seat #2 is the button
Seat 1: pokercarcass (460 in chips) 
Seat 2: Mahu2021 (1040 in chips) 
Mahu2021: posts small blind 30
pokercarcass: posts big blind 60
*** HOLE CARDS ***
Dealt to Mahu2021 [9s Ad]
Mahu2021: raises 60 to 120
pokercarcass: calls 60
*** FLOP *** [Tc 4s Ks]
pokercarcass: checks 
Mahu2021: bets 120
pokercarcass: folds 
Uncalled bet (120) returned to Mahu2021
Mahu2021 collected 240 from pot
Mahu2021: doesn't show hand 
*** SUMMARY ***
Total pot 240 | Rake 0 
Board [Tc 4s Ks]
Seat 1: pokercarcass (big blind) folded on the Flop
Seat 2: Mahu2021 (button) (small blind) collected (240)



PokerStars Hand #253893465805: Tournament #3834946176, $0.46+$0.04 USD Hold'em No Limit - Level IV (30/60) - 2024/12/17 6:46:42 CET [2024/12/17 0:46:42 ET]
Table '3834946176 1' 3-max Seat #1 is the button
Seat 1: pokercarcass (340 in chips) 
Seat 2: Mahu2021 (1160 in chips) 
pokercarcass: posts small blind 30
Mahu2021: posts big blind 60
*** HOLE CARDS ***
Dealt to Mahu2021 [9c Kc]
pokercarcass: raises 280 to 340 and is all-in
Mahu2021: calls 280
*** FLOP *** [4s 4h Jc]
*** TURN *** [4s 4h Jc] [8d]
*** RIVER *** [4s 4h Jc 8d] [3c]
*** SHOW DOWN ***
Mahu2021: shows [9c Kc] (a pair of Fours)
pokercarcass: shows [9h 7s] (a pair of Fours - lower kicker)
Mahu2021 collected 680 from pot
pokercarcass finished the tournament in 2nd place
Mahu2021 wins the tournament - congratulations!
Mahu2021 wins a '$1.00 Power Path Step 2 Ticket' ticket
*** SUMMARY ***
Total pot 680 | Rake 0 
Board [4s 4h Jc 8d 3c]
Seat 1: pokercarcass (button) (small blind) showed [9h 7s] and lost with a pair of Fours
Seat 2: Mahu2021 (big blind) showed [9c Kc] and won (680) with a pair of Fours



