PokerStars Hand #247897166368: Tournament #3692178798, $1.84+$0.16 USD Hold'em No Limit - Level I (10/20) - 2023/12/27 15:56:50 CET [2023/12/27 9:56:50 ET]
Table '3692178798 1' 3-max Seat #1 is the button
Seat 1: Mahu2021 (500 in chips) 
Seat 2: sinequity (500 in chips) 
Seat 3: Percymercy89 (500 in chips) 
sinequity: posts small blind 10
Percymercy89: posts big blind 20
*** HOLE CARDS ***
Dealt to Mahu2021 [9h 4c]
Mahu2021: folds 
sinequity has timed out
sinequity: folds 
sinequity is sitting out
Uncalled bet (10) returned to Percymercy89
Percymercy89 collected 20 from pot
Percymercy89: doesn't show hand 
*** SUMMARY ***
Total pot 20 | Rake 0 
Seat 1: Mahu2021 (button) folded before Flop (didn't bet)
Seat 2: sinequity (small blind) folded before Flop
Seat 3: Percymercy89 (big blind) collected (20)



PokerStars Hand #247897172352: Tournament #3692178798, $1.84+$0.16 USD Hold'em No Limit - Level I (10/20) - 2023/12/27 15:57:19 CET [2023/12/27 9:57:19 ET]
Table '3692178798 1' 3-max Seat #2 is the button
Seat 1: Mahu2021 (500 in chips) 
Seat 2: sinequity (490 in chips) is sitting out
Seat 3: Percymercy89 (510 in chips) 
Percymercy89: posts small blind 10
Mahu2021: posts big blind 20
*** HOLE CARDS ***
Dealt to Mahu2021 [7d Qs]
sinequity: folds 
Percymercy89: raises 20 to 40
Mahu2021: calls 20
*** FLOP *** [Qc 5h Qh]
Percymercy89: bets 26
Mahu2021: calls 26
*** TURN *** [Qc 5h Qh] [As]
Percymercy89: checks 
Mahu2021: bets 40
Percymercy89: calls 40
*** RIVER *** [Qc 5h Qh As] [Kd]
Percymercy89: checks 
Mahu2021: bets 40
Percymercy89: folds 
Uncalled bet (40) returned to Mahu2021
Mahu2021 collected 212 from pot
Mahu2021: doesn't show hand 
*** SUMMARY ***
Total pot 212 | Rake 0 
Board [Qc 5h Qh As Kd]
Seat 1: Mahu2021 (big blind) collected (212)
Seat 2: sinequity (button) folded before Flop (didn't bet)
Seat 3: Percymercy89 (small blind) folded on the River



PokerStars Hand #247897176636: Tournament #3692178798, $1.84+$0.16 USD Hold'em No Limit - Level I (10/20) - 2023/12/27 15:57:39 CET [2023/12/27 9:57:39 ET]
Table '3692178798 1' 3-max Seat #3 is the button
Seat 1: Mahu2021 (606 in chips) 
Seat 2: sinequity (490 in chips) is sitting out
Seat 3: Percymercy89 (404 in chips) 
Mahu2021: posts small blind 10
sinequity: posts big blind 20
*** HOLE CARDS ***
Dealt to Mahu2021 [Js 8s]
Percymercy89: folds 
Mahu2021: raises 20 to 40
sinequity: folds 
Uncalled bet (20) returned to Mahu2021
Mahu2021 collected 40 from pot
Mahu2021: doesn't show hand 
*** SUMMARY ***
Total pot 40 | Rake 0 
Seat 1: Mahu2021 (small blind) collected (40)
Seat 2: sinequity (big blind) folded before Flop
Seat 3: Percymercy89 (button) folded before Flop (didn't bet)



PokerStars Hand #247897177833: Tournament #3692178798, $1.84+$0.16 USD Hold'em No Limit - Level I (10/20) - 2023/12/27 15:57:45 CET [2023/12/27 9:57:45 ET]
Table '3692178798 1' 3-max Seat #1 is the button
Seat 1: Mahu2021 (626 in chips) 
Seat 2: sinequity (470 in chips) is sitting out
Seat 3: Percymercy89 (404 in chips) 
sinequity: posts small blind 10
Percymercy89: posts big blind 20
*** HOLE CARDS ***
Dealt to Mahu2021 [Kd 9d]
Mahu2021: raises 20 to 40
sinequity: folds 
Percymercy89: calls 20
*** FLOP *** [Tc Td Qs]
Percymercy89: checks 
Mahu2021: checks 
*** TURN *** [Tc Td Qs] [4c]
Percymercy89: bets 40
Mahu2021: calls 40
*** RIVER *** [Tc Td Qs 4c] [6d]
Percymercy89: checks 
Mahu2021: checks 
*** SHOW DOWN ***
Percymercy89: shows [8c Js] (a pair of Tens)
Mahu2021: shows [Kd 9d] (a pair of Tens - King kicker)
Mahu2021 collected 170 from pot
*** SUMMARY ***
Total pot 170 | Rake 0 
Board [Tc Td Qs 4c 6d]
Seat 1: Mahu2021 (button) showed [Kd 9d] and won (170) with a pair of Tens
Seat 2: sinequity (small blind) folded before Flop
Seat 3: Percymercy89 (big blind) showed [8c Js] and lost with a pair of Tens



PokerStars Hand #247897180778: Tournament #3692178798, $1.84+$0.16 USD Hold'em No Limit - Level I (10/20) - 2023/12/27 15:57:59 CET [2023/12/27 9:57:59 ET]
Table '3692178798 1' 3-max Seat #2 is the button
Seat 1: Mahu2021 (716 in chips) 
Seat 2: sinequity (460 in chips) is sitting out
Seat 3: Percymercy89 (324 in chips) 
Percymercy89: posts small blind 10
Mahu2021: posts big blind 20
*** HOLE CARDS ***
Dealt to Mahu2021 [Tc 5d]
sinequity: folds 
Percymercy89: calls 10
Mahu2021: checks 
*** FLOP *** [3c 4c 9h]
Percymercy89: bets 20
Mahu2021: folds 
Uncalled bet (20) returned to Percymercy89
Percymercy89 collected 40 from pot
Percymercy89: doesn't show hand 
*** SUMMARY ***
Total pot 40 | Rake 0 
Board [3c 4c 9h]
Seat 1: Mahu2021 (big blind) folded on the Flop
Seat 2: sinequity (button) folded before Flop (didn't bet)
Seat 3: Percymercy89 (small blind) collected (40)



PokerStars Hand #247897183038: Tournament #3692178798, $1.84+$0.16 USD Hold'em No Limit - Level I (10/20) - 2023/12/27 15:58:10 CET [2023/12/27 9:58:10 ET]
Table '3692178798 1' 3-max Seat #3 is the button
Seat 1: Mahu2021 (696 in chips) 
Seat 2: sinequity (460 in chips) is sitting out
Seat 3: Percymercy89 (344 in chips) 
Mahu2021: posts small blind 10
sinequity: posts big blind 20
*** HOLE CARDS ***
Dealt to Mahu2021 [As 3s]
Percymercy89: folds 
Mahu2021: raises 20 to 40
sinequity: folds 
Uncalled bet (20) returned to Mahu2021
Mahu2021 collected 40 from pot
Mahu2021: doesn't show hand 
*** SUMMARY ***
Total pot 40 | Rake 0 
Seat 1: Mahu2021 (small blind) collected (40)
Seat 2: sinequity (big blind) folded before Flop
Seat 3: Percymercy89 (button) folded before Flop (didn't bet)



PokerStars Hand #247897184186: Tournament #3692178798, $1.84+$0.16 USD Hold'em No Limit - Level I (10/20) - 2023/12/27 15:58:16 CET [2023/12/27 9:58:16 ET]
Table '3692178798 1' 3-max Seat #1 is the button
Seat 1: Mahu2021 (716 in chips) 
Seat 2: sinequity (440 in chips) is sitting out
Seat 3: Percymercy89 (344 in chips) 
sinequity: posts small blind 10
Percymercy89: posts big blind 20
*** HOLE CARDS ***
Dealt to Mahu2021 [6h 4c]
Mahu2021: folds 
sinequity: folds 
Uncalled bet (10) returned to Percymercy89
Percymercy89 collected 20 from pot
Percymercy89: doesn't show hand 
*** SUMMARY ***
Total pot 20 | Rake 0 
Seat 1: Mahu2021 (button) folded before Flop (didn't bet)
Seat 2: sinequity (small blind) folded before Flop
Seat 3: Percymercy89 (big blind) collected (20)



PokerStars Hand #247897185013: Tournament #3692178798, $1.84+$0.16 USD Hold'em No Limit - Level I (10/20) - 2023/12/27 15:58:20 CET [2023/12/27 9:58:20 ET]
Table '3692178798 1' 3-max Seat #2 is the button
Seat 1: Mahu2021 (716 in chips) 
Seat 2: sinequity (430 in chips) is sitting out
Seat 3: Percymercy89 (354 in chips) 
Percymercy89: posts small blind 10
Mahu2021: posts big blind 20
*** HOLE CARDS ***
Dealt to Mahu2021 [7d As]
sinequity: folds 
Percymercy89: calls 10
Mahu2021: checks 
*** FLOP *** [9s Td 8c]
Percymercy89: bets 20
Mahu2021: calls 20
*** TURN *** [9s Td 8c] [Ks]
sinequity has returned
Percymercy89: checks 
Mahu2021: checks 
*** RIVER *** [9s Td 8c Ks] [Ah]
Percymercy89: bets 40
Mahu2021: calls 40
*** SHOW DOWN ***
Percymercy89: shows [2c 8h] (a pair of Eights)
Mahu2021: shows [7d As] (a pair of Aces)
Mahu2021 collected 160 from pot
*** SUMMARY ***
Total pot 160 | Rake 0 
Board [9s Td 8c Ks Ah]
Seat 1: Mahu2021 (big blind) showed [7d As] and won (160) with a pair of Aces
Seat 2: sinequity (button) folded before Flop (didn't bet)
Seat 3: Percymercy89 (small blind) showed [2c 8h] and lost with a pair of Eights



PokerStars Hand #247897188615: Tournament #3692178798, $1.84+$0.16 USD Hold'em No Limit - Level I (10/20) - 2023/12/27 15:58:38 CET [2023/12/27 9:58:38 ET]
Table '3692178798 1' 3-max Seat #3 is the button
Seat 1: Mahu2021 (796 in chips) 
Seat 2: sinequity (430 in chips) 
Seat 3: Percymercy89 (274 in chips) 
Mahu2021: posts small blind 10
sinequity: posts big blind 20
*** HOLE CARDS ***
Dealt to Mahu2021 [Ah 4c]
Percymercy89: folds 
Mahu2021: calls 10
sinequity: checks 
*** FLOP *** [Th 7h 5d]
Mahu2021: checks 
sinequity: bets 20
Mahu2021: folds 
Uncalled bet (20) returned to sinequity
sinequity collected 40 from pot
*** SUMMARY ***
Total pot 40 | Rake 0 
Board [Th 7h 5d]
Seat 1: Mahu2021 (small blind) folded on the Flop
Seat 2: sinequity (big blind) collected (40)
Seat 3: Percymercy89 (button) folded before Flop (didn't bet)



PokerStars Hand #247897192649: Tournament #3692178798, $1.84+$0.16 USD Hold'em No Limit - Level II (15/30) - 2023/12/27 15:58:58 CET [2023/12/27 9:58:58 ET]
Table '3692178798 1' 3-max Seat #1 is the button
Seat 1: Mahu2021 (776 in chips) 
Seat 2: sinequity (450 in chips) 
Seat 3: Percymercy89 (274 in chips) 
sinequity: posts small blind 15
Percymercy89: posts big blind 30
*** HOLE CARDS ***
Dealt to Mahu2021 [Ts Kc]
Mahu2021: calls 30
sinequity: calls 15
Percymercy89: checks 
*** FLOP *** [6h Js Jc]
sinequity: checks 
Percymercy89: checks 
Mahu2021: checks 
*** TURN *** [6h Js Jc] [7s]
sinequity: checks 
Percymercy89: checks 
Mahu2021: bets 30
sinequity: folds 
Percymercy89: calls 30
*** RIVER *** [6h Js Jc 7s] [2d]
Percymercy89: checks 
Mahu2021: checks 
*** SHOW DOWN ***
Percymercy89: shows [8c Qs] (a pair of Jacks)
Mahu2021: shows [Ts Kc] (a pair of Jacks - King kicker)
Mahu2021 collected 150 from pot
*** SUMMARY ***
Total pot 150 | Rake 0 
Board [6h Js Jc 7s 2d]
Seat 1: Mahu2021 (button) showed [Ts Kc] and won (150) with a pair of Jacks
Seat 2: sinequity (small blind) folded on the Turn
Seat 3: Percymercy89 (big blind) showed [8c Qs] and lost with a pair of Jacks



PokerStars Hand #247897199556: Tournament #3692178798, $1.84+$0.16 USD Hold'em No Limit - Level II (15/30) - 2023/12/27 15:59:32 CET [2023/12/27 9:59:32 ET]
Table '3692178798 1' 3-max Seat #2 is the button
Seat 1: Mahu2021 (866 in chips) 
Seat 2: sinequity (420 in chips) 
Seat 3: Percymercy89 (214 in chips) 
Percymercy89: posts small blind 15
Mahu2021: posts big blind 30
*** HOLE CARDS ***
Dealt to Mahu2021 [6c 9c]
sinequity: calls 30
Percymercy89: folds 
Mahu2021: checks 
*** FLOP *** [3s 4s 5h]
Mahu2021: checks 
sinequity: bets 38
Mahu2021: calls 38
*** TURN *** [3s 4s 5h] [6s]
Mahu2021: checks 
sinequity: bets 352 and is all-in
Mahu2021: folds 
Uncalled bet (352) returned to sinequity
sinequity collected 151 from pot
*** SUMMARY ***
Total pot 151 | Rake 0 
Board [3s 4s 5h 6s]
Seat 1: Mahu2021 (big blind) folded on the Turn
Seat 2: sinequity (button) collected (151)
Seat 3: Percymercy89 (small blind) folded before Flop



PokerStars Hand #247897205074: Tournament #3692178798, $1.84+$0.16 USD Hold'em No Limit - Level II (15/30) - 2023/12/27 15:59:59 CET [2023/12/27 9:59:59 ET]
Table '3692178798 1' 3-max Seat #3 is the button
Seat 1: Mahu2021 (798 in chips) 
Seat 2: sinequity (503 in chips) 
Seat 3: Percymercy89 (199 in chips) 
Mahu2021: posts small blind 15
sinequity: posts big blind 30
*** HOLE CARDS ***
Dealt to Mahu2021 [3s 3d]
Percymercy89: raises 169 to 199 and is all-in
Mahu2021: folds 
sinequity: folds 
Uncalled bet (169) returned to Percymercy89
Percymercy89 collected 75 from pot
Percymercy89: doesn't show hand 
*** SUMMARY ***
Total pot 75 | Rake 0 
Seat 1: Mahu2021 (small blind) folded before Flop
Seat 2: sinequity (big blind) folded before Flop
Seat 3: Percymercy89 (button) collected (75)



PokerStars Hand #247897206643: Tournament #3692178798, $1.84+$0.16 USD Hold'em No Limit - Level II (15/30) - 2023/12/27 16:00:07 CET [2023/12/27 10:00:07 ET]
Table '3692178798 1' 3-max Seat #1 is the button
Seat 1: Mahu2021 (783 in chips) 
Seat 2: sinequity (473 in chips) 
Seat 3: Percymercy89 (244 in chips) 
sinequity: posts small blind 15
Percymercy89: posts big blind 30
*** HOLE CARDS ***
Dealt to Mahu2021 [5c Kh]
Mahu2021: folds 
sinequity: folds 
Uncalled bet (15) returned to Percymercy89
Percymercy89 collected 30 from pot
Percymercy89: doesn't show hand 
*** SUMMARY ***
Total pot 30 | Rake 0 
Seat 1: Mahu2021 (button) folded before Flop (didn't bet)
Seat 2: sinequity (small blind) folded before Flop
Seat 3: Percymercy89 (big blind) collected (30)



PokerStars Hand #247897207994: Tournament #3692178798, $1.84+$0.16 USD Hold'em No Limit - Level II (15/30) - 2023/12/27 16:00:14 CET [2023/12/27 10:00:14 ET]
Table '3692178798 1' 3-max Seat #2 is the button
Seat 1: Mahu2021 (783 in chips) 
Seat 2: sinequity (458 in chips) 
Seat 3: Percymercy89 (259 in chips) 
Percymercy89: posts small blind 15
Mahu2021: posts big blind 30
*** HOLE CARDS ***
Dealt to Mahu2021 [9s Ad]
sinequity: folds 
Percymercy89: calls 15
Mahu2021: checks 
*** FLOP *** [Jd 7c 5d]
Percymercy89: checks 
Mahu2021: checks 
*** TURN *** [Jd 7c 5d] [Jc]
Percymercy89: bets 60
Mahu2021: calls 60
*** RIVER *** [Jd 7c 5d Jc] [3s]
Percymercy89: checks 
Mahu2021: bets 90
Percymercy89: calls 90
*** SHOW DOWN ***
Mahu2021: shows [9s Ad] (a pair of Jacks)
Percymercy89: shows [6c 5c] (two pair, Jacks and Fives)
Percymercy89 collected 360 from pot
*** SUMMARY ***
Total pot 360 | Rake 0 
Board [Jd 7c 5d Jc 3s]
Seat 1: Mahu2021 (big blind) showed [9s Ad] and lost with a pair of Jacks
Seat 2: sinequity (button) folded before Flop (didn't bet)
Seat 3: Percymercy89 (small blind) showed [6c 5c] and won (360) with two pair, Jacks and Fives



PokerStars Hand #247897213490: Tournament #3692178798, $1.84+$0.16 USD Hold'em No Limit - Level II (15/30) - 2023/12/27 16:00:40 CET [2023/12/27 10:00:40 ET]
Table '3692178798 1' 3-max Seat #3 is the button
Seat 1: Mahu2021 (603 in chips) 
Seat 2: sinequity (458 in chips) 
Seat 3: Percymercy89 (439 in chips) 
Mahu2021: posts small blind 15
sinequity: posts big blind 30
*** HOLE CARDS ***
Dealt to Mahu2021 [7h Jc]
Percymercy89: folds 
Mahu2021: calls 15
sinequity: raises 428 to 458 and is all-in
Mahu2021: folds 
Uncalled bet (428) returned to sinequity
sinequity collected 60 from pot
*** SUMMARY ***
Total pot 60 | Rake 0 
Seat 1: Mahu2021 (small blind) folded before Flop
Seat 2: sinequity (big blind) collected (60)
Seat 3: Percymercy89 (button) folded before Flop (didn't bet)



PokerStars Hand #247897216741: Tournament #3692178798, $1.84+$0.16 USD Hold'em No Limit - Level III (20/40) - 2023/12/27 16:00:56 CET [2023/12/27 10:00:56 ET]
Table '3692178798 1' 3-max Seat #1 is the button
Seat 1: Mahu2021 (573 in chips) 
Seat 2: sinequity (488 in chips) 
Seat 3: Percymercy89 (439 in chips) 
sinequity: posts small blind 20
Percymercy89: posts big blind 40
*** HOLE CARDS ***
Dealt to Mahu2021 [Jc Td]
Mahu2021: calls 40
sinequity: calls 20
Percymercy89: checks 
*** FLOP *** [9d Js Ad]
sinequity: checks 
Percymercy89: bets 399 and is all-in
Mahu2021: folds 
sinequity: folds 
Uncalled bet (399) returned to Percymercy89
Percymercy89 collected 120 from pot
Percymercy89: doesn't show hand 
*** SUMMARY ***
Total pot 120 | Rake 0 
Board [9d Js Ad]
Seat 1: Mahu2021 (button) folded on the Flop
Seat 2: sinequity (small blind) folded on the Flop
Seat 3: Percymercy89 (big blind) collected (120)



PokerStars Hand #247897221131: Tournament #3692178798, $1.84+$0.16 USD Hold'em No Limit - Level III (20/40) - 2023/12/27 16:01:14 CET [2023/12/27 10:01:14 ET]
Table '3692178798 1' 3-max Seat #2 is the button
Seat 1: Mahu2021 (533 in chips) 
Seat 2: sinequity (448 in chips) 
Seat 3: Percymercy89 (519 in chips) 
Percymercy89: posts small blind 20
Mahu2021: posts big blind 40
*** HOLE CARDS ***
Dealt to Mahu2021 [3c Ah]
sinequity: folds 
Percymercy89: raises 479 to 519 and is all-in
Mahu2021: folds 
Uncalled bet (479) returned to Percymercy89
Percymercy89 collected 80 from pot
Percymercy89: doesn't show hand 
*** SUMMARY ***
Total pot 80 | Rake 0 
Seat 1: Mahu2021 (big blind) folded before Flop
Seat 2: sinequity (button) folded before Flop (didn't bet)
Seat 3: Percymercy89 (small blind) collected (80)



PokerStars Hand #247897224179: Tournament #3692178798, $1.84+$0.16 USD Hold'em No Limit - Level III (20/40) - 2023/12/27 16:01:26 CET [2023/12/27 10:01:26 ET]
Table '3692178798 1' 3-max Seat #3 is the button
Seat 1: Mahu2021 (493 in chips) 
Seat 2: sinequity (448 in chips) 
Seat 3: Percymercy89 (559 in chips) 
Mahu2021: posts small blind 20
sinequity: posts big blind 40
*** HOLE CARDS ***
Dealt to Mahu2021 [9h 8c]
Percymercy89: folds 
Mahu2021: calls 20
sinequity: raises 408 to 448 and is all-in
Mahu2021: folds 
Uncalled bet (408) returned to sinequity
sinequity collected 80 from pot
*** SUMMARY ***
Total pot 80 | Rake 0 
Seat 1: Mahu2021 (small blind) folded before Flop
Seat 2: sinequity (big blind) collected (80)
Seat 3: Percymercy89 (button) folded before Flop (didn't bet)



PokerStars Hand #247897227264: Tournament #3692178798, $1.84+$0.16 USD Hold'em No Limit - Level III (20/40) - 2023/12/27 16:01:39 CET [2023/12/27 10:01:39 ET]
Table '3692178798 1' 3-max Seat #1 is the button
Seat 1: Mahu2021 (453 in chips) 
Seat 2: sinequity (488 in chips) 
Seat 3: Percymercy89 (559 in chips) 
sinequity: posts small blind 20
Percymercy89: posts big blind 40
*** HOLE CARDS ***
Dealt to Mahu2021 [5s 8h]
Mahu2021: folds 
sinequity: folds 
Uncalled bet (20) returned to Percymercy89
Percymercy89 collected 40 from pot
Percymercy89: doesn't show hand 
*** SUMMARY ***
Total pot 40 | Rake 0 
Seat 1: Mahu2021 (button) folded before Flop (didn't bet)
Seat 2: sinequity (small blind) folded before Flop
Seat 3: Percymercy89 (big blind) collected (40)



PokerStars Hand #247897229116: Tournament #3692178798, $1.84+$0.16 USD Hold'em No Limit - Level III (20/40) - 2023/12/27 16:01:47 CET [2023/12/27 10:01:47 ET]
Table '3692178798 1' 3-max Seat #2 is the button
Seat 1: Mahu2021 (453 in chips) 
Seat 2: sinequity (468 in chips) 
Seat 3: Percymercy89 (579 in chips) 
Percymercy89: posts small blind 20
Mahu2021: posts big blind 40
*** HOLE CARDS ***
Dealt to Mahu2021 [Qd Ah]
sinequity: folds 
Percymercy89: calls 20
Mahu2021: raises 413 to 453 and is all-in
Percymercy89: folds 
Uncalled bet (413) returned to Mahu2021
Mahu2021 collected 80 from pot
Mahu2021: doesn't show hand 
*** SUMMARY ***
Total pot 80 | Rake 0 
Seat 1: Mahu2021 (big blind) collected (80)
Seat 2: sinequity (button) folded before Flop (didn't bet)
Seat 3: Percymercy89 (small blind) folded before Flop



PokerStars Hand #247897231882: Tournament #3692178798, $1.84+$0.16 USD Hold'em No Limit - Level III (20/40) - 2023/12/27 16:01:57 CET [2023/12/27 10:01:57 ET]
Table '3692178798 1' 3-max Seat #3 is the button
Seat 1: Mahu2021 (493 in chips) 
Seat 2: sinequity (468 in chips) 
Seat 3: Percymercy89 (539 in chips) 
Mahu2021: posts small blind 20
sinequity: posts big blind 40
*** HOLE CARDS ***
Dealt to Mahu2021 [3s 8s]
Percymercy89: raises 40 to 80
Mahu2021: folds 
sinequity: folds 
Uncalled bet (40) returned to Percymercy89
Percymercy89 collected 100 from pot
Percymercy89: doesn't show hand 
*** SUMMARY ***
Total pot 100 | Rake 0 
Seat 1: Mahu2021 (small blind) folded before Flop
Seat 2: sinequity (big blind) folded before Flop
Seat 3: Percymercy89 (button) collected (100)



PokerStars Hand #247897233483: Tournament #3692178798, $1.84+$0.16 USD Hold'em No Limit - Level III (20/40) - 2023/12/27 16:02:04 CET [2023/12/27 10:02:04 ET]
Table '3692178798 1' 3-max Seat #1 is the button
Seat 1: Mahu2021 (473 in chips) 
Seat 2: sinequity (428 in chips) 
Seat 3: Percymercy89 (599 in chips) 
sinequity: posts small blind 20
Percymercy89: posts big blind 40
*** HOLE CARDS ***
Dealt to Mahu2021 [5c 7c]
Mahu2021: calls 40
sinequity: calls 20
Percymercy89: checks 
*** FLOP *** [7d Ad 2s]
sinequity: checks 
Percymercy89: checks 
Mahu2021: bets 40
sinequity: folds 
Percymercy89: folds 
Uncalled bet (40) returned to Mahu2021
Mahu2021 collected 120 from pot
Mahu2021: doesn't show hand 
*** SUMMARY ***
Total pot 120 | Rake 0 
Board [7d Ad 2s]
Seat 1: Mahu2021 (button) collected (120)
Seat 2: sinequity (small blind) folded on the Flop
Seat 3: Percymercy89 (big blind) folded on the Flop



PokerStars Hand #247897239416: Tournament #3692178798, $1.84+$0.16 USD Hold'em No Limit - Level III (20/40) - 2023/12/27 16:02:28 CET [2023/12/27 10:02:28 ET]
Table '3692178798 1' 3-max Seat #2 is the button
Seat 1: Mahu2021 (553 in chips) 
Seat 2: sinequity (388 in chips) 
Seat 3: Percymercy89 (559 in chips) 
Percymercy89: posts small blind 20
Mahu2021: posts big blind 40
*** HOLE CARDS ***
Dealt to Mahu2021 [3c As]
sinequity: folds 
Percymercy89: calls 20
Mahu2021: checks 
*** FLOP *** [4d Jh Td]
Percymercy89: bets 40
Mahu2021: folds 
Uncalled bet (40) returned to Percymercy89
Percymercy89 collected 80 from pot
Percymercy89: doesn't show hand 
*** SUMMARY ***
Total pot 80 | Rake 0 
Board [4d Jh Td]
Seat 1: Mahu2021 (big blind) folded on the Flop
Seat 2: sinequity (button) folded before Flop (didn't bet)
Seat 3: Percymercy89 (small blind) collected (80)



PokerStars Hand #247897243387: Tournament #3692178798, $1.84+$0.16 USD Hold'em No Limit - Level III (20/40) - 2023/12/27 16:02:43 CET [2023/12/27 10:02:43 ET]
Table '3692178798 1' 3-max Seat #3 is the button
Seat 1: Mahu2021 (513 in chips) 
Seat 2: sinequity (388 in chips) 
Seat 3: Percymercy89 (599 in chips) 
Mahu2021: posts small blind 20
sinequity: posts big blind 40
*** HOLE CARDS ***
Dealt to Mahu2021 [3h 7c]
Percymercy89: folds 
Mahu2021: folds 
Uncalled bet (20) returned to sinequity
sinequity collected 40 from pot
*** SUMMARY ***
Total pot 40 | Rake 0 
Seat 1: Mahu2021 (small blind) folded before Flop
Seat 2: sinequity (big blind) collected (40)
Seat 3: Percymercy89 (button) folded before Flop (didn't bet)



PokerStars Hand #247897244849: Tournament #3692178798, $1.84+$0.16 USD Hold'em No Limit - Level III (20/40) - 2023/12/27 16:02:48 CET [2023/12/27 10:02:48 ET]
Table '3692178798 1' 3-max Seat #1 is the button
Seat 1: Mahu2021 (493 in chips) 
Seat 2: sinequity (408 in chips) 
Seat 3: Percymercy89 (599 in chips) 
sinequity: posts small blind 20
Percymercy89: posts big blind 40
*** HOLE CARDS ***
Dealt to Mahu2021 [Tc 5h]
Mahu2021: folds 
sinequity: folds 
Uncalled bet (20) returned to Percymercy89
Percymercy89 collected 40 from pot
Percymercy89: doesn't show hand 
*** SUMMARY ***
Total pot 40 | Rake 0 
Seat 1: Mahu2021 (button) folded before Flop (didn't bet)
Seat 2: sinequity (small blind) folded before Flop
Seat 3: Percymercy89 (big blind) collected (40)



PokerStars Hand #247897247504: Tournament #3692178798, $1.84+$0.16 USD Hold'em No Limit - Level IV (30/60) - 2023/12/27 16:02:58 CET [2023/12/27 10:02:58 ET]
Table '3692178798 1' 3-max Seat #2 is the button
Seat 1: Mahu2021 (493 in chips) 
Seat 2: sinequity (388 in chips) 
Seat 3: Percymercy89 (619 in chips) 
Percymercy89: posts small blind 30
Mahu2021: posts big blind 60
*** HOLE CARDS ***
Dealt to Mahu2021 [7d 9d]
sinequity: raises 60 to 120
Percymercy89: folds 
Mahu2021: calls 60
*** FLOP *** [6d 9s 6c]
Mahu2021: bets 373 and is all-in
sinequity: folds 
Uncalled bet (373) returned to Mahu2021
Mahu2021 collected 270 from pot
Mahu2021: doesn't show hand 
*** SUMMARY ***
Total pot 270 | Rake 0 
Board [6d 9s 6c]
Seat 1: Mahu2021 (big blind) collected (270)
Seat 2: sinequity (button) folded on the Flop
Seat 3: Percymercy89 (small blind) folded before Flop



PokerStars Hand #247897250847: Tournament #3692178798, $1.84+$0.16 USD Hold'em No Limit - Level IV (30/60) - 2023/12/27 16:03:11 CET [2023/12/27 10:03:11 ET]
Table '3692178798 1' 3-max Seat #3 is the button
Seat 1: Mahu2021 (643 in chips) 
Seat 2: sinequity (268 in chips) 
Seat 3: Percymercy89 (589 in chips) 
Mahu2021: posts small blind 30
sinequity: posts big blind 60
*** HOLE CARDS ***
Dealt to Mahu2021 [Js Ks]
Percymercy89: folds 
Mahu2021: raises 583 to 643 and is all-in
sinequity: folds 
Uncalled bet (583) returned to Mahu2021
Mahu2021 collected 120 from pot
Mahu2021: doesn't show hand 
*** SUMMARY ***
Total pot 120 | Rake 0 
Seat 1: Mahu2021 (small blind) collected (120)
Seat 2: sinequity (big blind) folded before Flop
Seat 3: Percymercy89 (button) folded before Flop (didn't bet)



PokerStars Hand #247897253248: Tournament #3692178798, $1.84+$0.16 USD Hold'em No Limit - Level IV (30/60) - 2023/12/27 16:03:20 CET [2023/12/27 10:03:20 ET]
Table '3692178798 1' 3-max Seat #1 is the button
Seat 1: Mahu2021 (703 in chips) 
Seat 2: sinequity (208 in chips) 
Seat 3: Percymercy89 (589 in chips) 
sinequity: posts small blind 30
Percymercy89: posts big blind 60
*** HOLE CARDS ***
Dealt to Mahu2021 [Jc Qc]
Mahu2021: raises 643 to 703 and is all-in
sinequity: calls 178 and is all-in
Percymercy89: folds 
Uncalled bet (495) returned to Mahu2021
*** FLOP *** [Ah 2c Tc]
*** TURN *** [Ah 2c Tc] [6h]
*** RIVER *** [Ah 2c Tc 6h] [5c]
*** SHOW DOWN ***
sinequity: shows [Kh 7h] (high card Ace)
Mahu2021: shows [Jc Qc] (a flush, Queen high)
Mahu2021 collected 476 from pot
sinequity finished the tournament in 3rd place
*** SUMMARY ***
Total pot 476 | Rake 0 
Board [Ah 2c Tc 6h 5c]
Seat 1: Mahu2021 (button) showed [Jc Qc] and won (476) with a flush, Queen high
Seat 2: sinequity (small blind) showed [Kh 7h] and lost with high card Ace
Seat 3: Percymercy89 (big blind) folded before Flop



PokerStars Hand #247897257646: Tournament #3692178798, $1.84+$0.16 USD Hold'em No Limit - Level IV (30/60) - 2023/12/27 16:03:37 CET [2023/12/27 10:03:37 ET]
Table '3692178798 1' 3-max Seat #3 is the button
Seat 1: Mahu2021 (971 in chips) 
Seat 3: Percymercy89 (529 in chips) 
Percymercy89: posts small blind 30
Mahu2021: posts big blind 60
*** HOLE CARDS ***
Dealt to Mahu2021 [8s Qc]
Percymercy89: calls 30
Mahu2021: checks 
*** FLOP *** [5h Kh Jd]
Mahu2021: checks 
Percymercy89: bets 60
Mahu2021: folds 
Uncalled bet (60) returned to Percymercy89
Percymercy89 collected 120 from pot
Percymercy89: doesn't show hand 
*** SUMMARY ***
Total pot 120 | Rake 0 
Board [5h Kh Jd]
Seat 1: Mahu2021 (big blind) folded on the Flop
Seat 3: Percymercy89 (button) (small blind) collected (120)



PokerStars Hand #247897260366: Tournament #3692178798, $1.84+$0.16 USD Hold'em No Limit - Level IV (30/60) - 2023/12/27 16:03:47 CET [2023/12/27 10:03:47 ET]
Table '3692178798 1' 3-max Seat #1 is the button
Seat 1: Mahu2021 (911 in chips) 
Seat 3: Percymercy89 (589 in chips) 
Mahu2021: posts small blind 30
Percymercy89: posts big blind 60
*** HOLE CARDS ***
Dealt to Mahu2021 [8h Qh]
Mahu2021: calls 30
Percymercy89: checks 
*** FLOP *** [8s 4h 7s]
Percymercy89: checks 
Mahu2021: bets 60
Percymercy89: calls 60
*** TURN *** [8s 4h 7s] [3s]
Percymercy89: checks 
Mahu2021: checks 
*** RIVER *** [8s 4h 7s 3s] [Th]
Percymercy89: bets 240
Mahu2021: calls 240
*** SHOW DOWN ***
Percymercy89: shows [Qs 3h] (a pair of Threes)
Mahu2021: shows [8h Qh] (a pair of Eights)
Mahu2021 collected 720 from pot
*** SUMMARY ***
Total pot 720 | Rake 0 
Board [8s 4h 7s 3s Th]
Seat 1: Mahu2021 (button) (small blind) showed [8h Qh] and won (720) with a pair of Eights
Seat 3: Percymercy89 (big blind) showed [Qs 3h] and lost with a pair of Threes



PokerStars Hand #247897264485: Tournament #3692178798, $1.84+$0.16 USD Hold'em No Limit - Level IV (30/60) - 2023/12/27 16:04:03 CET [2023/12/27 10:04:03 ET]
Table '3692178798 1' 3-max Seat #3 is the button
Seat 1: Mahu2021 (1271 in chips) 
Seat 3: Percymercy89 (229 in chips) 
Percymercy89: posts small blind 30
Mahu2021: posts big blind 60
*** HOLE CARDS ***
Dealt to Mahu2021 [5s 8d]
Percymercy89: raises 169 to 229 and is all-in
Mahu2021: folds 
Uncalled bet (169) returned to Percymercy89
Percymercy89 collected 120 from pot
Percymercy89: doesn't show hand 
*** SUMMARY ***
Total pot 120 | Rake 0 
Seat 1: Mahu2021 (big blind) folded before Flop
Seat 3: Percymercy89 (button) (small blind) collected (120)



PokerStars Hand #247897266582: Tournament #3692178798, $1.84+$0.16 USD Hold'em No Limit - Level IV (30/60) - 2023/12/27 16:04:11 CET [2023/12/27 10:04:11 ET]
Table '3692178798 1' 3-max Seat #1 is the button
Seat 1: Mahu2021 (1211 in chips) 
Seat 3: Percymercy89 (289 in chips) 
Mahu2021: posts small blind 30
Percymercy89: posts big blind 60
*** HOLE CARDS ***
Dealt to Mahu2021 [Jh Ks]
Mahu2021: raises 60 to 120
Percymercy89: raises 60 to 180
Mahu2021: raises 1031 to 1211 and is all-in
Percymercy89: calls 109 and is all-in
Uncalled bet (922) returned to Mahu2021
*** FLOP *** [9c Ts Tc]
*** TURN *** [9c Ts Tc] [As]
*** RIVER *** [9c Ts Tc As] [Ac]
*** SHOW DOWN ***
Percymercy89: shows [5d 6s] (two pair, Aces and Tens)
Mahu2021: shows [Jh Ks] (two pair, Aces and Tens - King kicker)
Mahu2021 collected 578 from pot
Percymercy89 finished the tournament in 2nd place
Mahu2021 wins the tournament and receives $4.00 - congratulations!
*** SUMMARY ***
Total pot 578 | Rake 0 
Board [9c Ts Tc As Ac]
Seat 1: Mahu2021 (button) (small blind) showed [Jh Ks] and won (578) with two pair, Aces and Tens
Seat 3: Percymercy89 (big blind) showed [5d 6s] and lost with two pair, Aces and Tens



