PokerStars Hand #242979291024: Tournament #3574939817, $0.92+$0.08 USD Hold'em No Limit - Level I (10/20) - 2023/04/09 9:32:17 CET [2023/04/09 3:32:17 ET]
Table '3574939817 1' 3-max Seat #1 is the button
Seat 1: AxW69 (500 in chips) 
Seat 2: cocomoco26 (500 in chips) 
Seat 3: Mahu2021 (500 in chips) 
cocomoco26: posts small blind 10
Mahu2021: posts big blind 20
*** HOLE CARDS ***
Dealt to Mahu2021 [Jd Ts]
AxW69: folds 
cocomoco26: raises 20 to 40
Mahu2021: calls 20
*** FLOP *** [Ac Qh Js]
cocomoco26: checks 
Mahu2021: checks 
*** TURN *** [Ac Qh Js] [5s]
cocomoco26: checks 
Mahu2021: checks 
*** RIVER *** [Ac Qh Js 5s] [4s]
cocomoco26: checks 
Mahu2021: checks 
*** SHOW DOWN ***
cocomoco26: shows [2h Kc] (high card Ace)
Mahu2021: shows [Jd Ts] (a pair of Jacks)
Mahu2021 collected 80 from pot
*** SUMMARY ***
Total pot 80 | Rake 0 
Board [Ac Qh Js 5s 4s]
Seat 1: AxW69 (button) folded before Flop (didn't bet)
Seat 2: cocomoco26 (small blind) showed [2h Kc] and lost with high card Ace
Seat 3: Mahu2021 (big blind) showed [Jd Ts] and won (80) with a pair of Jacks



PokerStars Hand #242979292695: Tournament #3574939817, $0.92+$0.08 USD Hold'em No Limit - Level I (10/20) - 2023/04/09 9:32:31 CET [2023/04/09 3:32:31 ET]
Table '3574939817 1' 3-max Seat #2 is the button
Seat 1: AxW69 (500 in chips) 
Seat 2: cocomoco26 (460 in chips) 
Seat 3: Mahu2021 (540 in chips) 
Mahu2021: posts small blind 10
AxW69: posts big blind 20
*** HOLE CARDS ***
Dealt to Mahu2021 [Ts Qh]
cocomoco26: folds 
Mahu2021: calls 10
AxW69: checks 
*** FLOP *** [4d 7s 2s]
Mahu2021: bets 20
AxW69: calls 20
*** TURN *** [4d 7s 2s] [Ad]
Mahu2021: checks 
AxW69: checks 
*** RIVER *** [4d 7s 2s Ad] [8d]
Mahu2021: checks 
AxW69: checks 
*** SHOW DOWN ***
Mahu2021: shows [Ts Qh] (high card Ace)
AxW69: shows [4c 6d] (a pair of Fours)
AxW69 collected 80 from pot
*** SUMMARY ***
Total pot 80 | Rake 0 
Board [4d 7s 2s Ad 8d]
Seat 1: AxW69 (big blind) showed [4c 6d] and won (80) with a pair of Fours
Seat 2: cocomoco26 (button) folded before Flop (didn't bet)
Seat 3: Mahu2021 (small blind) showed [Ts Qh] and lost with high card Ace



PokerStars Hand #242979295224: Tournament #3574939817, $0.92+$0.08 USD Hold'em No Limit - Level I (10/20) - 2023/04/09 9:32:51 CET [2023/04/09 3:32:51 ET]
Table '3574939817 1' 3-max Seat #3 is the button
Seat 1: AxW69 (540 in chips) 
Seat 2: cocomoco26 (460 in chips) 
Seat 3: Mahu2021 (500 in chips) 
AxW69: posts small blind 10
cocomoco26: posts big blind 20
*** HOLE CARDS ***
Dealt to Mahu2021 [8s Tc]
Mahu2021: folds 
AxW69: calls 10
cocomoco26: raises 60 to 80
AxW69: calls 60
*** FLOP *** [7s 4d 4s]
AxW69: checks 
cocomoco26: checks 
*** TURN *** [7s 4d 4s] [8h]
AxW69: checks 
cocomoco26: checks 
*** RIVER *** [7s 4d 4s 8h] [5d]
AxW69: checks 
cocomoco26: checks 
*** SHOW DOWN ***
AxW69: shows [Th 2h] (a pair of Fours)
cocomoco26: shows [Qh Ac] (a pair of Fours - Ace kicker)
cocomoco26 collected 160 from pot
*** SUMMARY ***
Total pot 160 | Rake 0 
Board [7s 4d 4s 8h 5d]
Seat 1: AxW69 (small blind) showed [Th 2h] and lost with a pair of Fours
Seat 2: cocomoco26 (big blind) showed [Qh Ac] and won (160) with a pair of Fours
Seat 3: Mahu2021 (button) folded before Flop (didn't bet)



PokerStars Hand #242979297135: Tournament #3574939817, $0.92+$0.08 USD Hold'em No Limit - Level I (10/20) - 2023/04/09 9:33:07 CET [2023/04/09 3:33:07 ET]
Table '3574939817 1' 3-max Seat #1 is the button
Seat 1: AxW69 (460 in chips) 
Seat 2: cocomoco26 (540 in chips) 
Seat 3: Mahu2021 (500 in chips) 
cocomoco26: posts small blind 10
Mahu2021: posts big blind 20
*** HOLE CARDS ***
Dealt to Mahu2021 [9d 5d]
AxW69: calls 20
cocomoco26: calls 10
Mahu2021: checks 
*** FLOP *** [2h 5h 6s]
cocomoco26: checks 
Mahu2021: checks 
AxW69: checks 
*** TURN *** [2h 5h 6s] [3c]
cocomoco26: bets 20
Mahu2021: calls 20
AxW69: folds 
*** RIVER *** [2h 5h 6s 3c] [Qh]
cocomoco26: bets 50
Mahu2021: folds 
Uncalled bet (50) returned to cocomoco26
cocomoco26 collected 100 from pot
*** SUMMARY ***
Total pot 100 | Rake 0 
Board [2h 5h 6s 3c Qh]
Seat 1: AxW69 (button) folded on the Turn
Seat 2: cocomoco26 (small blind) collected (100)
Seat 3: Mahu2021 (big blind) folded on the River



PokerStars Hand #242979299375: Tournament #3574939817, $0.92+$0.08 USD Hold'em No Limit - Level I (10/20) - 2023/04/09 9:33:26 CET [2023/04/09 3:33:26 ET]
Table '3574939817 1' 3-max Seat #2 is the button
Seat 1: AxW69 (440 in chips) 
Seat 2: cocomoco26 (600 in chips) 
Seat 3: Mahu2021 (460 in chips) 
Mahu2021: posts small blind 10
AxW69: posts big blind 20
*** HOLE CARDS ***
Dealt to Mahu2021 [8h 9c]
cocomoco26: raises 20 to 40
Mahu2021: calls 30
AxW69: calls 20
*** FLOP *** [As 3s 2h]
Mahu2021: checks 
AxW69: checks 
cocomoco26: checks 
*** TURN *** [As 3s 2h] [6d]
Mahu2021: checks 
AxW69: checks 
cocomoco26: checks 
*** RIVER *** [As 3s 2h 6d] [Js]
Mahu2021: checks 
AxW69: checks 
cocomoco26: bets 240
Mahu2021: folds 
AxW69: folds 
Uncalled bet (240) returned to cocomoco26
cocomoco26 collected 120 from pot
*** SUMMARY ***
Total pot 120 | Rake 0 
Board [As 3s 2h 6d Js]
Seat 1: AxW69 (big blind) folded on the River
Seat 2: cocomoco26 (button) collected (120)
Seat 3: Mahu2021 (small blind) folded on the River



PokerStars Hand #242979301668: Tournament #3574939817, $0.92+$0.08 USD Hold'em No Limit - Level I (10/20) - 2023/04/09 9:33:45 CET [2023/04/09 3:33:45 ET]
Table '3574939817 1' 3-max Seat #3 is the button
Seat 1: AxW69 (400 in chips) 
Seat 2: cocomoco26 (680 in chips) 
Seat 3: Mahu2021 (420 in chips) 
AxW69: posts small blind 10
cocomoco26: posts big blind 20
*** HOLE CARDS ***
Dealt to Mahu2021 [As 3s]
Mahu2021: raises 20 to 40
AxW69: calls 30
cocomoco26: calls 20
*** FLOP *** [3d Ks Qd]
AxW69: checks 
cocomoco26: checks 
Mahu2021: checks 
*** TURN *** [3d Ks Qd] [5h]
AxW69: checks 
cocomoco26: checks 
Mahu2021: bets 40
AxW69: folds 
cocomoco26: folds 
Uncalled bet (40) returned to Mahu2021
Mahu2021 collected 120 from pot
Mahu2021: doesn't show hand 
*** SUMMARY ***
Total pot 120 | Rake 0 
Board [3d Ks Qd 5h]
Seat 1: AxW69 (small blind) folded on the Turn
Seat 2: cocomoco26 (big blind) folded on the Turn
Seat 3: Mahu2021 (button) collected (120)



PokerStars Hand #242979303667: Tournament #3574939817, $0.92+$0.08 USD Hold'em No Limit - Level I (10/20) - 2023/04/09 9:34:01 CET [2023/04/09 3:34:01 ET]
Table '3574939817 1' 3-max Seat #1 is the button
Seat 1: AxW69 (360 in chips) 
Seat 2: cocomoco26 (640 in chips) 
Seat 3: Mahu2021 (500 in chips) 
cocomoco26: posts small blind 10
Mahu2021: posts big blind 20
*** HOLE CARDS ***
Dealt to Mahu2021 [2h Jc]
AxW69: calls 20
cocomoco26: calls 10
Mahu2021: checks 
*** FLOP *** [7d Qs 7h]
cocomoco26: bets 20
Mahu2021: folds 
AxW69: calls 20
*** TURN *** [7d Qs 7h] [Kd]
cocomoco26: bets 20
AxW69: folds 
Uncalled bet (20) returned to cocomoco26
cocomoco26 collected 100 from pot
*** SUMMARY ***
Total pot 100 | Rake 0 
Board [7d Qs 7h Kd]
Seat 1: AxW69 (button) folded on the Turn
Seat 2: cocomoco26 (small blind) collected (100)
Seat 3: Mahu2021 (big blind) folded on the Flop



PokerStars Hand #242979305487: Tournament #3574939817, $0.92+$0.08 USD Hold'em No Limit - Level I (10/20) - 2023/04/09 9:34:15 CET [2023/04/09 3:34:15 ET]
Table '3574939817 1' 3-max Seat #2 is the button
Seat 1: AxW69 (320 in chips) 
Seat 2: cocomoco26 (700 in chips) 
Seat 3: Mahu2021 (480 in chips) 
Mahu2021: posts small blind 10
AxW69: posts big blind 20
*** HOLE CARDS ***
Dealt to Mahu2021 [Qs Js]
cocomoco26: folds 
Mahu2021: raises 20 to 40
AxW69: raises 20 to 60
Mahu2021: calls 20
*** FLOP *** [Kd 8d 8c]
Mahu2021: checks 
AxW69: bets 260 and is all-in
Mahu2021: folds 
Uncalled bet (260) returned to AxW69
AxW69 collected 120 from pot
AxW69: doesn't show hand 
*** SUMMARY ***
Total pot 120 | Rake 0 
Board [Kd 8d 8c]
Seat 1: AxW69 (big blind) collected (120)
Seat 2: cocomoco26 (button) folded before Flop (didn't bet)
Seat 3: Mahu2021 (small blind) folded on the Flop



PokerStars Hand #242979307144: Tournament #3574939817, $0.92+$0.08 USD Hold'em No Limit - Level I (10/20) - 2023/04/09 9:34:29 CET [2023/04/09 3:34:29 ET]
Table '3574939817 1' 3-max Seat #3 is the button
Seat 1: AxW69 (380 in chips) 
Seat 2: cocomoco26 (700 in chips) 
Seat 3: Mahu2021 (420 in chips) 
AxW69: posts small blind 10
cocomoco26: posts big blind 20
*** HOLE CARDS ***
Dealt to Mahu2021 [9d Ad]
Mahu2021: raises 20 to 40
AxW69: calls 30
cocomoco26: calls 20
*** FLOP *** [7s 4h As]
AxW69: checks 
cocomoco26: checks 
Mahu2021: bets 120
AxW69: calls 120
cocomoco26: folds 
*** TURN *** [7s 4h As] [3c]
AxW69: bets 220 and is all-in
Mahu2021: calls 220
*** RIVER *** [7s 4h As 3c] [Jh]
*** SHOW DOWN ***
AxW69: shows [4d Qs] (a pair of Fours)
Mahu2021: shows [9d Ad] (a pair of Aces)
Mahu2021 collected 800 from pot
AxW69 finished the tournament in 3rd place
*** SUMMARY ***
Total pot 800 | Rake 0 
Board [7s 4h As 3c Jh]
Seat 1: AxW69 (small blind) showed [4d Qs] and lost with a pair of Fours
Seat 2: cocomoco26 (big blind) folded on the Flop
Seat 3: Mahu2021 (button) showed [9d Ad] and won (800) with a pair of Aces



PokerStars Hand #242979310090: Tournament #3574939817, $0.92+$0.08 USD Hold'em No Limit - Level I (10/20) - 2023/04/09 9:34:53 CET [2023/04/09 3:34:53 ET]
Table '3574939817 1' 3-max Seat #2 is the button
Seat 2: cocomoco26 (660 in chips) 
Seat 3: Mahu2021 (840 in chips) 
cocomoco26: posts small blind 10
Mahu2021: posts big blind 20
*** HOLE CARDS ***
Dealt to Mahu2021 [3s Td]
cocomoco26: raises 20 to 40
Mahu2021: folds 
Uncalled bet (20) returned to cocomoco26
cocomoco26 collected 40 from pot
*** SUMMARY ***
Total pot 40 | Rake 0 
Seat 2: cocomoco26 (button) (small blind) collected (40)
Seat 3: Mahu2021 (big blind) folded before Flop



PokerStars Hand #242979310709: Tournament #3574939817, $0.92+$0.08 USD Hold'em No Limit - Level I (10/20) - 2023/04/09 9:34:58 CET [2023/04/09 3:34:58 ET]
Table '3574939817 1' 3-max Seat #3 is the button
Seat 2: cocomoco26 (680 in chips) 
Seat 3: Mahu2021 (820 in chips) 
Mahu2021: posts small blind 10
cocomoco26: posts big blind 20
*** HOLE CARDS ***
Dealt to Mahu2021 [4d Qs]
Mahu2021: calls 10
cocomoco26: raises 80 to 100
Mahu2021: folds 
Uncalled bet (80) returned to cocomoco26
cocomoco26 collected 40 from pot
*** SUMMARY ***
Total pot 40 | Rake 0 
Seat 2: cocomoco26 (big blind) collected (40)
Seat 3: Mahu2021 (button) (small blind) folded before Flop



PokerStars Hand #242979311733: Tournament #3574939817, $0.92+$0.08 USD Hold'em No Limit - Level I (10/20) - 2023/04/09 9:35:07 CET [2023/04/09 3:35:07 ET]
Table '3574939817 1' 3-max Seat #2 is the button
Seat 2: cocomoco26 (700 in chips) 
Seat 3: Mahu2021 (800 in chips) 
cocomoco26: posts small blind 10
Mahu2021: posts big blind 20
*** HOLE CARDS ***
Dealt to Mahu2021 [7s 2h]
cocomoco26: raises 20 to 40
Mahu2021: folds 
Uncalled bet (20) returned to cocomoco26
cocomoco26 collected 40 from pot
*** SUMMARY ***
Total pot 40 | Rake 0 
Seat 2: cocomoco26 (button) (small blind) collected (40)
Seat 3: Mahu2021 (big blind) folded before Flop



PokerStars Hand #242979312332: Tournament #3574939817, $0.92+$0.08 USD Hold'em No Limit - Level I (10/20) - 2023/04/09 9:35:12 CET [2023/04/09 3:35:12 ET]
Table '3574939817 1' 3-max Seat #3 is the button
Seat 2: cocomoco26 (720 in chips) 
Seat 3: Mahu2021 (780 in chips) 
Mahu2021: posts small blind 10
cocomoco26: posts big blind 20
*** HOLE CARDS ***
Dealt to Mahu2021 [8s Js]
Mahu2021: raises 20 to 40
cocomoco26: folds 
Uncalled bet (20) returned to Mahu2021
Mahu2021 collected 40 from pot
Mahu2021: doesn't show hand 
*** SUMMARY ***
Total pot 40 | Rake 0 
Seat 2: cocomoco26 (big blind) folded before Flop
Seat 3: Mahu2021 (button) (small blind) collected (40)



PokerStars Hand #242979313099: Tournament #3574939817, $0.92+$0.08 USD Hold'em No Limit - Level I (10/20) - 2023/04/09 9:35:18 CET [2023/04/09 3:35:18 ET]
Table '3574939817 1' 3-max Seat #2 is the button
Seat 2: cocomoco26 (700 in chips) 
Seat 3: Mahu2021 (800 in chips) 
cocomoco26: posts small blind 10
Mahu2021: posts big blind 20
*** HOLE CARDS ***
Dealt to Mahu2021 [Td 5c]
cocomoco26: raises 20 to 40
Mahu2021: folds 
Uncalled bet (20) returned to cocomoco26
cocomoco26 collected 40 from pot
*** SUMMARY ***
Total pot 40 | Rake 0 
Seat 2: cocomoco26 (button) (small blind) collected (40)
Seat 3: Mahu2021 (big blind) folded before Flop



PokerStars Hand #242979314160: Tournament #3574939817, $0.92+$0.08 USD Hold'em No Limit - Level II (15/30) - 2023/04/09 9:35:26 CET [2023/04/09 3:35:26 ET]
Table '3574939817 1' 3-max Seat #3 is the button
Seat 2: cocomoco26 (720 in chips) 
Seat 3: Mahu2021 (780 in chips) 
Mahu2021: posts small blind 15
cocomoco26: posts big blind 30
*** HOLE CARDS ***
Dealt to Mahu2021 [4d Jc]
Mahu2021: folds 
Uncalled bet (15) returned to cocomoco26
cocomoco26 collected 30 from pot
*** SUMMARY ***
Total pot 30 | Rake 0 
Seat 2: cocomoco26 (big blind) collected (30)
Seat 3: Mahu2021 (button) (small blind) folded before Flop



PokerStars Hand #242979314780: Tournament #3574939817, $0.92+$0.08 USD Hold'em No Limit - Level II (15/30) - 2023/04/09 9:35:31 CET [2023/04/09 3:35:31 ET]
Table '3574939817 1' 3-max Seat #2 is the button
Seat 2: cocomoco26 (735 in chips) 
Seat 3: Mahu2021 (765 in chips) 
cocomoco26: posts small blind 15
Mahu2021: posts big blind 30
*** HOLE CARDS ***
Dealt to Mahu2021 [4c 6d]
cocomoco26: raises 30 to 60
Mahu2021: calls 30
*** FLOP *** [Qs 9c 4d]
Mahu2021: checks 
cocomoco26: checks 
*** TURN *** [Qs 9c 4d] [6c]
Mahu2021: bets 30
cocomoco26: folds 
Uncalled bet (30) returned to Mahu2021
Mahu2021 collected 120 from pot
Mahu2021: doesn't show hand 
*** SUMMARY ***
Total pot 120 | Rake 0 
Board [Qs 9c 4d 6c]
Seat 2: cocomoco26 (button) (small blind) folded on the Turn
Seat 3: Mahu2021 (big blind) collected (120)



PokerStars Hand #242979316028: Tournament #3574939817, $0.92+$0.08 USD Hold'em No Limit - Level II (15/30) - 2023/04/09 9:35:41 CET [2023/04/09 3:35:41 ET]
Table '3574939817 1' 3-max Seat #3 is the button
Seat 2: cocomoco26 (675 in chips) 
Seat 3: Mahu2021 (825 in chips) 
Mahu2021: posts small blind 15
cocomoco26: posts big blind 30
*** HOLE CARDS ***
Dealt to Mahu2021 [3h Td]
Mahu2021: folds 
Uncalled bet (15) returned to cocomoco26
cocomoco26 collected 30 from pot
*** SUMMARY ***
Total pot 30 | Rake 0 
Seat 2: cocomoco26 (big blind) collected (30)
Seat 3: Mahu2021 (button) (small blind) folded before Flop



PokerStars Hand #242979316582: Tournament #3574939817, $0.92+$0.08 USD Hold'em No Limit - Level II (15/30) - 2023/04/09 9:35:46 CET [2023/04/09 3:35:46 ET]
Table '3574939817 1' 3-max Seat #2 is the button
Seat 2: cocomoco26 (690 in chips) 
Seat 3: Mahu2021 (810 in chips) 
cocomoco26: posts small blind 15
Mahu2021: posts big blind 30
*** HOLE CARDS ***
Dealt to Mahu2021 [7c Kc]
cocomoco26: raises 30 to 60
Mahu2021: raises 750 to 810 and is all-in
cocomoco26: folds 
Uncalled bet (750) returned to Mahu2021
Mahu2021 collected 120 from pot
Mahu2021: doesn't show hand 
*** SUMMARY ***
Total pot 120 | Rake 0 
Seat 2: cocomoco26 (button) (small blind) folded before Flop
Seat 3: Mahu2021 (big blind) collected (120)



PokerStars Hand #242979317367: Tournament #3574939817, $0.92+$0.08 USD Hold'em No Limit - Level II (15/30) - 2023/04/09 9:35:52 CET [2023/04/09 3:35:52 ET]
Table '3574939817 1' 3-max Seat #3 is the button
Seat 2: cocomoco26 (630 in chips) 
Seat 3: Mahu2021 (870 in chips) 
Mahu2021: posts small blind 15
cocomoco26: posts big blind 30
*** HOLE CARDS ***
Dealt to Mahu2021 [2h Qc]
Mahu2021: folds 
Uncalled bet (15) returned to cocomoco26
cocomoco26 collected 30 from pot
*** SUMMARY ***
Total pot 30 | Rake 0 
Seat 2: cocomoco26 (big blind) collected (30)
Seat 3: Mahu2021 (button) (small blind) folded before Flop



PokerStars Hand #242979318079: Tournament #3574939817, $0.92+$0.08 USD Hold'em No Limit - Level II (15/30) - 2023/04/09 9:35:58 CET [2023/04/09 3:35:58 ET]
Table '3574939817 1' 3-max Seat #2 is the button
Seat 2: cocomoco26 (645 in chips) 
Seat 3: Mahu2021 (855 in chips) 
cocomoco26: posts small blind 15
Mahu2021: posts big blind 30
*** HOLE CARDS ***
Dealt to Mahu2021 [4s Qd]
cocomoco26: raises 30 to 60
Mahu2021: calls 30
*** FLOP *** [7s 7h Ks]
Mahu2021: checks 
cocomoco26: bets 30
Mahu2021: folds 
Uncalled bet (30) returned to cocomoco26
cocomoco26 collected 120 from pot
*** SUMMARY ***
Total pot 120 | Rake 0 
Board [7s 7h Ks]
Seat 2: cocomoco26 (button) (small blind) collected (120)
Seat 3: Mahu2021 (big blind) folded on the Flop



PokerStars Hand #242979319256: Tournament #3574939817, $0.92+$0.08 USD Hold'em No Limit - Level II (15/30) - 2023/04/09 9:36:08 CET [2023/04/09 3:36:08 ET]
Table '3574939817 1' 3-max Seat #3 is the button
Seat 2: cocomoco26 (705 in chips) 
Seat 3: Mahu2021 (795 in chips) 
Mahu2021: posts small blind 15
cocomoco26: posts big blind 30
*** HOLE CARDS ***
Dealt to Mahu2021 [5s Qc]
Mahu2021: raises 30 to 60
cocomoco26: calls 30
*** FLOP *** [6h Ts 9c]
cocomoco26: checks 
Mahu2021: checks 
*** TURN *** [6h Ts 9c] [Kc]
cocomoco26: bets 30
Mahu2021: calls 30
*** RIVER *** [6h Ts 9c Kc] [7d]
cocomoco26: checks 
Mahu2021: bets 180
cocomoco26: folds 
Uncalled bet (180) returned to Mahu2021
Mahu2021 collected 180 from pot
Mahu2021: doesn't show hand 
*** SUMMARY ***
Total pot 180 | Rake 0 
Board [6h Ts 9c Kc 7d]
Seat 2: cocomoco26 (big blind) folded on the River
Seat 3: Mahu2021 (button) (small blind) collected (180)



PokerStars Hand #242979321246: Tournament #3574939817, $0.92+$0.08 USD Hold'em No Limit - Level II (15/30) - 2023/04/09 9:36:24 CET [2023/04/09 3:36:24 ET]
Table '3574939817 1' 3-max Seat #2 is the button
Seat 2: cocomoco26 (615 in chips) 
Seat 3: Mahu2021 (885 in chips) 
cocomoco26: posts small blind 15
Mahu2021: posts big blind 30
*** HOLE CARDS ***
Dealt to Mahu2021 [4d 9s]
cocomoco26: raises 60 to 90
Mahu2021: folds 
Uncalled bet (60) returned to cocomoco26
cocomoco26 collected 60 from pot
*** SUMMARY ***
Total pot 60 | Rake 0 
Seat 2: cocomoco26 (button) (small blind) collected (60)
Seat 3: Mahu2021 (big blind) folded before Flop



PokerStars Hand #242979322010: Tournament #3574939817, $0.92+$0.08 USD Hold'em No Limit - Level II (15/30) - 2023/04/09 9:36:30 CET [2023/04/09 3:36:30 ET]
Table '3574939817 1' 3-max Seat #3 is the button
Seat 2: cocomoco26 (645 in chips) 
Seat 3: Mahu2021 (855 in chips) 
Mahu2021: posts small blind 15
cocomoco26: posts big blind 30
*** HOLE CARDS ***
Dealt to Mahu2021 [9s 7d]
Mahu2021: raises 30 to 60
cocomoco26: folds 
Uncalled bet (30) returned to Mahu2021
Mahu2021 collected 60 from pot
Mahu2021: doesn't show hand 
*** SUMMARY ***
Total pot 60 | Rake 0 
Seat 2: cocomoco26 (big blind) folded before Flop
Seat 3: Mahu2021 (button) (small blind) collected (60)



PokerStars Hand #242979322697: Tournament #3574939817, $0.92+$0.08 USD Hold'em No Limit - Level II (15/30) - 2023/04/09 9:36:35 CET [2023/04/09 3:36:35 ET]
Table '3574939817 1' 3-max Seat #2 is the button
Seat 2: cocomoco26 (615 in chips) 
Seat 3: Mahu2021 (885 in chips) 
cocomoco26: posts small blind 15
Mahu2021: posts big blind 30
*** HOLE CARDS ***
Dealt to Mahu2021 [7h Qs]
cocomoco26: calls 15
Mahu2021: checks 
*** FLOP *** [Ad 2h Ah]
Mahu2021: checks 
cocomoco26: checks 
*** TURN *** [Ad 2h Ah] [3h]
Mahu2021: checks 
cocomoco26: checks 
*** RIVER *** [Ad 2h Ah 3h] [Js]
Mahu2021: bets 30
cocomoco26: folds 
Uncalled bet (30) returned to Mahu2021
Mahu2021 collected 60 from pot
Mahu2021: doesn't show hand 
*** SUMMARY ***
Total pot 60 | Rake 0 
Board [Ad 2h Ah 3h Js]
Seat 2: cocomoco26 (button) (small blind) folded on the River
Seat 3: Mahu2021 (big blind) collected (60)



PokerStars Hand #242979324159: Tournament #3574939817, $0.92+$0.08 USD Hold'em No Limit - Level II (15/30) - 2023/04/09 9:36:47 CET [2023/04/09 3:36:47 ET]
Table '3574939817 1' 3-max Seat #3 is the button
Seat 2: cocomoco26 (585 in chips) 
Seat 3: Mahu2021 (915 in chips) 
Mahu2021: posts small blind 15
cocomoco26: posts big blind 30
*** HOLE CARDS ***
Dealt to Mahu2021 [Th 4s]
Mahu2021: folds 
Uncalled bet (15) returned to cocomoco26
cocomoco26 collected 30 from pot
*** SUMMARY ***
Total pot 30 | Rake 0 
Seat 2: cocomoco26 (big blind) collected (30)
Seat 3: Mahu2021 (button) (small blind) folded before Flop



PokerStars Hand #242979324758: Tournament #3574939817, $0.92+$0.08 USD Hold'em No Limit - Level II (15/30) - 2023/04/09 9:36:51 CET [2023/04/09 3:36:51 ET]
Table '3574939817 1' 3-max Seat #2 is the button
Seat 2: cocomoco26 (600 in chips) 
Seat 3: Mahu2021 (900 in chips) 
cocomoco26: posts small blind 15
Mahu2021: posts big blind 30
*** HOLE CARDS ***
Dealt to Mahu2021 [Qc 2c]
cocomoco26: folds 
Uncalled bet (15) returned to Mahu2021
Mahu2021 collected 30 from pot
Mahu2021: doesn't show hand 
*** SUMMARY ***
Total pot 30 | Rake 0 
Seat 2: cocomoco26 (button) (small blind) folded before Flop
Seat 3: Mahu2021 (big blind) collected (30)



PokerStars Hand #242979325250: Tournament #3574939817, $0.92+$0.08 USD Hold'em No Limit - Level II (15/30) - 2023/04/09 9:36:55 CET [2023/04/09 3:36:55 ET]
Table '3574939817 1' 3-max Seat #3 is the button
Seat 2: cocomoco26 (585 in chips) 
Seat 3: Mahu2021 (915 in chips) 
Mahu2021: posts small blind 15
cocomoco26: posts big blind 30
*** HOLE CARDS ***
Dealt to Mahu2021 [2d As]
Mahu2021: calls 15
cocomoco26: checks 
*** FLOP *** [4d 4h Ah]
cocomoco26: checks 
Mahu2021: bets 30
cocomoco26: folds 
Uncalled bet (30) returned to Mahu2021
Mahu2021 collected 60 from pot
Mahu2021: doesn't show hand 
*** SUMMARY ***
Total pot 60 | Rake 0 
Board [4d 4h Ah]
Seat 2: cocomoco26 (big blind) folded on the Flop
Seat 3: Mahu2021 (button) (small blind) collected (60)



PokerStars Hand #242979326395: Tournament #3574939817, $0.92+$0.08 USD Hold'em No Limit - Level II (15/30) - 2023/04/09 9:37:05 CET [2023/04/09 3:37:05 ET]
Table '3574939817 1' 3-max Seat #2 is the button
Seat 2: cocomoco26 (555 in chips) 
Seat 3: Mahu2021 (945 in chips) 
cocomoco26: posts small blind 15
Mahu2021: posts big blind 30
*** HOLE CARDS ***
Dealt to Mahu2021 [5s 8s]
cocomoco26: calls 15
Mahu2021: checks 
*** FLOP *** [2h 7s 3s]
Mahu2021: bets 30
cocomoco26: raises 30 to 60
Mahu2021: calls 30
*** TURN *** [2h 7s 3s] [5d]
Mahu2021: checks 
cocomoco26: checks 
*** RIVER *** [2h 7s 3s 5d] [8c]
Mahu2021: bets 180
cocomoco26: folds 
Uncalled bet (180) returned to Mahu2021
Mahu2021 collected 180 from pot
Mahu2021: doesn't show hand 
*** SUMMARY ***
Total pot 180 | Rake 0 
Board [2h 7s 3s 5d 8c]
Seat 2: cocomoco26 (button) (small blind) folded on the River
Seat 3: Mahu2021 (big blind) collected (180)



PokerStars Hand #242979328321: Tournament #3574939817, $0.92+$0.08 USD Hold'em No Limit - Level II (15/30) - 2023/04/09 9:37:20 CET [2023/04/09 3:37:20 ET]
Table '3574939817 1' 3-max Seat #3 is the button
Seat 2: cocomoco26 (465 in chips) 
Seat 3: Mahu2021 (1035 in chips) 
Mahu2021: posts small blind 15
cocomoco26: posts big blind 30
*** HOLE CARDS ***
Dealt to Mahu2021 [Ac 5h]
Mahu2021: calls 15
cocomoco26: checks 
*** FLOP *** [6s 5d 3d]
cocomoco26: bets 30
Mahu2021: calls 30
*** TURN *** [6s 5d 3d] [Kc]
cocomoco26: bets 30
Mahu2021: calls 30
*** RIVER *** [6s 5d 3d Kc] [As]
cocomoco26: bets 30
Mahu2021: raises 915 to 945 and is all-in
cocomoco26: folds 
Uncalled bet (915) returned to Mahu2021
Mahu2021 collected 240 from pot
Mahu2021: doesn't show hand 
*** SUMMARY ***
Total pot 240 | Rake 0 
Board [6s 5d 3d Kc As]
Seat 2: cocomoco26 (big blind) folded on the River
Seat 3: Mahu2021 (button) (small blind) collected (240)



PokerStars Hand #242979330292: Tournament #3574939817, $0.92+$0.08 USD Hold'em No Limit - Level II (15/30) - 2023/04/09 9:37:36 CET [2023/04/09 3:37:36 ET]
Table '3574939817 1' 3-max Seat #2 is the button
Seat 2: cocomoco26 (345 in chips) 
Seat 3: Mahu2021 (1155 in chips) 
cocomoco26: posts small blind 15
Mahu2021: posts big blind 30
*** HOLE CARDS ***
Dealt to Mahu2021 [4d 6s]
cocomoco26: raises 30 to 60
Mahu2021: calls 30
*** FLOP *** [Js 5c Kh]
Mahu2021: checks 
cocomoco26: bets 120
Mahu2021: folds 
Uncalled bet (120) returned to cocomoco26
cocomoco26 collected 120 from pot
*** SUMMARY ***
Total pot 120 | Rake 0 
Board [Js 5c Kh]
Seat 2: cocomoco26 (button) (small blind) collected (120)
Seat 3: Mahu2021 (big blind) folded on the Flop



PokerStars Hand #242979331586: Tournament #3574939817, $0.92+$0.08 USD Hold'em No Limit - Level II (15/30) - 2023/04/09 9:37:47 CET [2023/04/09 3:37:47 ET]
Table '3574939817 1' 3-max Seat #3 is the button
Seat 2: cocomoco26 (405 in chips) 
Seat 3: Mahu2021 (1095 in chips) 
Mahu2021: posts small blind 15
cocomoco26: posts big blind 30
*** HOLE CARDS ***
Dealt to Mahu2021 [3c 7d]
Mahu2021: folds 
Uncalled bet (15) returned to cocomoco26
cocomoco26 collected 30 from pot
*** SUMMARY ***
Total pot 30 | Rake 0 
Seat 2: cocomoco26 (big blind) collected (30)
Seat 3: Mahu2021 (button) (small blind) folded before Flop



PokerStars Hand #242979332283: Tournament #3574939817, $0.92+$0.08 USD Hold'em No Limit - Level II (15/30) - 2023/04/09 9:37:52 CET [2023/04/09 3:37:52 ET]
Table '3574939817 1' 3-max Seat #2 is the button
Seat 2: cocomoco26 (420 in chips) 
Seat 3: Mahu2021 (1080 in chips) 
cocomoco26: posts small blind 15
Mahu2021: posts big blind 30
*** HOLE CARDS ***
Dealt to Mahu2021 [Jd 8d]
cocomoco26: folds 
Uncalled bet (15) returned to Mahu2021
Mahu2021 collected 30 from pot
Mahu2021: doesn't show hand 
*** SUMMARY ***
Total pot 30 | Rake 0 
Seat 2: cocomoco26 (button) (small blind) folded before Flop
Seat 3: Mahu2021 (big blind) collected (30)



PokerStars Hand #242979332751: Tournament #3574939817, $0.92+$0.08 USD Hold'em No Limit - Level II (15/30) - 2023/04/09 9:37:56 CET [2023/04/09 3:37:56 ET]
Table '3574939817 1' 3-max Seat #3 is the button
Seat 2: cocomoco26 (405 in chips) 
Seat 3: Mahu2021 (1095 in chips) 
Mahu2021: posts small blind 15
cocomoco26: posts big blind 30
*** HOLE CARDS ***
Dealt to Mahu2021 [9c Kc]
Mahu2021: raises 1065 to 1095 and is all-in
cocomoco26: folds 
Uncalled bet (1065) returned to Mahu2021
Mahu2021 collected 60 from pot
Mahu2021: doesn't show hand 
*** SUMMARY ***
Total pot 60 | Rake 0 
Seat 2: cocomoco26 (big blind) folded before Flop
Seat 3: Mahu2021 (button) (small blind) collected (60)



PokerStars Hand #242979333568: Tournament #3574939817, $0.92+$0.08 USD Hold'em No Limit - Level II (15/30) - 2023/04/09 9:38:02 CET [2023/04/09 3:38:02 ET]
Table '3574939817 1' 3-max Seat #2 is the button
Seat 2: cocomoco26 (375 in chips) 
Seat 3: Mahu2021 (1125 in chips) 
cocomoco26: posts small blind 15
Mahu2021: posts big blind 30
*** HOLE CARDS ***
Dealt to Mahu2021 [5c 9d]
cocomoco26: calls 15
Mahu2021: checks 
*** FLOP *** [8d 6h Jd]
Mahu2021: checks 
cocomoco26: checks 
*** TURN *** [8d 6h Jd] [8s]
Mahu2021: bets 30
cocomoco26: calls 30
*** RIVER *** [8d 6h Jd 8s] [6s]
Mahu2021: checks 
cocomoco26: bets 120
Mahu2021: folds 
Uncalled bet (120) returned to cocomoco26
cocomoco26 collected 120 from pot
*** SUMMARY ***
Total pot 120 | Rake 0 
Board [8d 6h Jd 8s 6s]
Seat 2: cocomoco26 (button) (small blind) collected (120)
Seat 3: Mahu2021 (big blind) folded on the River



PokerStars Hand #242979336007: Tournament #3574939817, $0.92+$0.08 USD Hold'em No Limit - Level III (20/40) - 2023/04/09 9:38:22 CET [2023/04/09 3:38:22 ET]
Table '3574939817 1' 3-max Seat #3 is the button
Seat 2: cocomoco26 (435 in chips) 
Seat 3: Mahu2021 (1065 in chips) 
Mahu2021: posts small blind 20
cocomoco26: posts big blind 40
*** HOLE CARDS ***
Dealt to Mahu2021 [3h 8d]
Mahu2021: folds 
Uncalled bet (20) returned to cocomoco26
cocomoco26 collected 40 from pot
*** SUMMARY ***
Total pot 40 | Rake 0 
Seat 2: cocomoco26 (big blind) collected (40)
Seat 3: Mahu2021 (button) (small blind) folded before Flop



PokerStars Hand #242979336609: Tournament #3574939817, $0.92+$0.08 USD Hold'em No Limit - Level III (20/40) - 2023/04/09 9:38:27 CET [2023/04/09 3:38:27 ET]
Table '3574939817 1' 3-max Seat #2 is the button
Seat 2: cocomoco26 (455 in chips) 
Seat 3: Mahu2021 (1045 in chips) 
cocomoco26: posts small blind 20
Mahu2021: posts big blind 40
*** HOLE CARDS ***
Dealt to Mahu2021 [2d Kc]
cocomoco26: calls 20
Mahu2021: checks 
*** FLOP *** [3h 8h Ah]
Mahu2021: checks 
cocomoco26: checks 
*** TURN *** [3h 8h Ah] [Qc]
Mahu2021: checks 
cocomoco26: checks 
*** RIVER *** [3h 8h Ah Qc] [8d]
Mahu2021: checks 
cocomoco26: bets 120
Mahu2021: folds 
Uncalled bet (120) returned to cocomoco26
cocomoco26 collected 80 from pot
*** SUMMARY ***
Total pot 80 | Rake 0 
Board [3h 8h Ah Qc 8d]
Seat 2: cocomoco26 (button) (small blind) collected (80)
Seat 3: Mahu2021 (big blind) folded on the River



PokerStars Hand #242979338449: Tournament #3574939817, $0.92+$0.08 USD Hold'em No Limit - Level III (20/40) - 2023/04/09 9:38:41 CET [2023/04/09 3:38:41 ET]
Table '3574939817 1' 3-max Seat #3 is the button
Seat 2: cocomoco26 (495 in chips) 
Seat 3: Mahu2021 (1005 in chips) 
Mahu2021: posts small blind 20
cocomoco26: posts big blind 40
*** HOLE CARDS ***
Dealt to Mahu2021 [5h 3c]
Mahu2021: raises 40 to 80
cocomoco26: folds 
Uncalled bet (40) returned to Mahu2021
Mahu2021 collected 80 from pot
Mahu2021: doesn't show hand 
*** SUMMARY ***
Total pot 80 | Rake 0 
Seat 2: cocomoco26 (big blind) folded before Flop
Seat 3: Mahu2021 (button) (small blind) collected (80)



PokerStars Hand #242979339212: Tournament #3574939817, $0.92+$0.08 USD Hold'em No Limit - Level III (20/40) - 2023/04/09 9:38:48 CET [2023/04/09 3:38:48 ET]
Table '3574939817 1' 3-max Seat #2 is the button
Seat 2: cocomoco26 (455 in chips) 
Seat 3: Mahu2021 (1045 in chips) 
cocomoco26: posts small blind 20
Mahu2021: posts big blind 40
*** HOLE CARDS ***
Dealt to Mahu2021 [Kd Qd]
cocomoco26: calls 20
Mahu2021: raises 80 to 120
cocomoco26: folds 
Uncalled bet (80) returned to Mahu2021
Mahu2021 collected 80 from pot
Mahu2021: doesn't show hand 
*** SUMMARY ***
Total pot 80 | Rake 0 
Seat 2: cocomoco26 (button) (small blind) folded before Flop
Seat 3: Mahu2021 (big blind) collected (80)



PokerStars Hand #242979340062: Tournament #3574939817, $0.92+$0.08 USD Hold'em No Limit - Level III (20/40) - 2023/04/09 9:38:55 CET [2023/04/09 3:38:55 ET]
Table '3574939817 1' 3-max Seat #3 is the button
Seat 2: cocomoco26 (415 in chips) 
Seat 3: Mahu2021 (1085 in chips) 
Mahu2021: posts small blind 20
cocomoco26: posts big blind 40
*** HOLE CARDS ***
Dealt to Mahu2021 [5h As]
Mahu2021: raises 40 to 80
cocomoco26: calls 40
*** FLOP *** [9h 2d Ah]
cocomoco26: checks 
Mahu2021: bets 80
cocomoco26: calls 80
*** TURN *** [9h 2d Ah] [9d]
cocomoco26: bets 255 and is all-in
Mahu2021: calls 255
*** RIVER *** [9h 2d Ah 9d] [5s]
*** SHOW DOWN ***
cocomoco26: shows [9s 7h] (three of a kind, Nines)
Mahu2021: shows [5h As] (two pair, Aces and Nines)
cocomoco26 collected 830 from pot
*** SUMMARY ***
Total pot 830 | Rake 0 
Board [9h 2d Ah 9d 5s]
Seat 2: cocomoco26 (big blind) showed [9s 7h] and won (830) with three of a kind, Nines
Seat 3: Mahu2021 (button) (small blind) showed [5h As] and lost with two pair, Aces and Nines



PokerStars Hand #242979342197: Tournament #3574939817, $0.92+$0.08 USD Hold'em No Limit - Level III (20/40) - 2023/04/09 9:39:11 CET [2023/04/09 3:39:11 ET]
Table '3574939817 1' 3-max Seat #2 is the button
Seat 2: cocomoco26 (830 in chips) 
Seat 3: Mahu2021 (670 in chips) 
cocomoco26: posts small blind 20
Mahu2021: posts big blind 40
*** HOLE CARDS ***
Dealt to Mahu2021 [9c 8h]
cocomoco26: raises 40 to 80
Mahu2021: calls 40
*** FLOP *** [9d 4d 9s]
Mahu2021: checks 
cocomoco26: checks 
*** TURN *** [9d 4d 9s] [Qc]
Mahu2021: checks 
cocomoco26: bets 40
Mahu2021: calls 40
*** RIVER *** [9d 4d 9s Qc] [6h]
Mahu2021: bets 40
cocomoco26: folds 
Uncalled bet (40) returned to Mahu2021
Mahu2021 collected 240 from pot
Mahu2021: doesn't show hand 
*** SUMMARY ***
Total pot 240 | Rake 0 
Board [9d 4d 9s Qc 6h]
Seat 2: cocomoco26 (button) (small blind) folded on the River
Seat 3: Mahu2021 (big blind) collected (240)



PokerStars Hand #242979343890: Tournament #3574939817, $0.92+$0.08 USD Hold'em No Limit - Level III (20/40) - 2023/04/09 9:39:25 CET [2023/04/09 3:39:25 ET]
Table '3574939817 1' 3-max Seat #3 is the button
Seat 2: cocomoco26 (710 in chips) 
Seat 3: Mahu2021 (790 in chips) 
Mahu2021: posts small blind 20
cocomoco26: posts big blind 40
*** HOLE CARDS ***
Dealt to Mahu2021 [As Jd]
Mahu2021: raises 40 to 80
cocomoco26: calls 40
*** FLOP *** [Qd Qc 8s]
cocomoco26: checks 
Mahu2021: bets 80
cocomoco26: folds 
Uncalled bet (80) returned to Mahu2021
Mahu2021 collected 160 from pot
Mahu2021: doesn't show hand 
*** SUMMARY ***
Total pot 160 | Rake 0 
Board [Qd Qc 8s]
Seat 2: cocomoco26 (big blind) folded on the Flop
Seat 3: Mahu2021 (button) (small blind) collected (160)



PokerStars Hand #242979345370: Tournament #3574939817, $0.92+$0.08 USD Hold'em No Limit - Level III (20/40) - 2023/04/09 9:39:37 CET [2023/04/09 3:39:37 ET]
Table '3574939817 1' 3-max Seat #2 is the button
Seat 2: cocomoco26 (630 in chips) 
Seat 3: Mahu2021 (870 in chips) 
cocomoco26: posts small blind 20
Mahu2021: posts big blind 40
*** HOLE CARDS ***
Dealt to Mahu2021 [Kd Kh]
cocomoco26: folds 
Uncalled bet (20) returned to Mahu2021
Mahu2021 collected 40 from pot
Mahu2021: doesn't show hand 
*** SUMMARY ***
Total pot 40 | Rake 0 
Seat 2: cocomoco26 (button) (small blind) folded before Flop
Seat 3: Mahu2021 (big blind) collected (40)



PokerStars Hand #242979345808: Tournament #3574939817, $0.92+$0.08 USD Hold'em No Limit - Level III (20/40) - 2023/04/09 9:39:41 CET [2023/04/09 3:39:41 ET]
Table '3574939817 1' 3-max Seat #3 is the button
Seat 2: cocomoco26 (610 in chips) 
Seat 3: Mahu2021 (890 in chips) 
Mahu2021: posts small blind 20
cocomoco26: posts big blind 40
*** HOLE CARDS ***
Dealt to Mahu2021 [2d 5h]
Mahu2021: folds 
Uncalled bet (20) returned to cocomoco26
cocomoco26 collected 40 from pot
*** SUMMARY ***
Total pot 40 | Rake 0 
Seat 2: cocomoco26 (big blind) collected (40)
Seat 3: Mahu2021 (button) (small blind) folded before Flop



PokerStars Hand #242979346436: Tournament #3574939817, $0.92+$0.08 USD Hold'em No Limit - Level III (20/40) - 2023/04/09 9:39:46 CET [2023/04/09 3:39:46 ET]
Table '3574939817 1' 3-max Seat #2 is the button
Seat 2: cocomoco26 (630 in chips) 
Seat 3: Mahu2021 (870 in chips) 
cocomoco26: posts small blind 20
Mahu2021: posts big blind 40
*** HOLE CARDS ***
Dealt to Mahu2021 [2h Th]
cocomoco26: folds 
Uncalled bet (20) returned to Mahu2021
Mahu2021 collected 40 from pot
Mahu2021: doesn't show hand 
*** SUMMARY ***
Total pot 40 | Rake 0 
Seat 2: cocomoco26 (button) (small blind) folded before Flop
Seat 3: Mahu2021 (big blind) collected (40)



PokerStars Hand #242979346911: Tournament #3574939817, $0.92+$0.08 USD Hold'em No Limit - Level III (20/40) - 2023/04/09 9:39:49 CET [2023/04/09 3:39:49 ET]
Table '3574939817 1' 3-max Seat #3 is the button
Seat 2: cocomoco26 (610 in chips) 
Seat 3: Mahu2021 (890 in chips) 
Mahu2021: posts small blind 20
cocomoco26: posts big blind 40
*** HOLE CARDS ***
Dealt to Mahu2021 [Qs Kh]
Mahu2021: raises 40 to 80
cocomoco26: calls 40
*** FLOP *** [7d Jd 6c]
cocomoco26: checks 
Mahu2021: bets 80
cocomoco26: folds 
Uncalled bet (80) returned to Mahu2021
Mahu2021 collected 160 from pot
Mahu2021: doesn't show hand 
*** SUMMARY ***
Total pot 160 | Rake 0 
Board [7d Jd 6c]
Seat 2: cocomoco26 (big blind) folded on the Flop
Seat 3: Mahu2021 (button) (small blind) collected (160)



PokerStars Hand #242979348136: Tournament #3574939817, $0.92+$0.08 USD Hold'em No Limit - Level III (20/40) - 2023/04/09 9:39:59 CET [2023/04/09 3:39:59 ET]
Table '3574939817 1' 3-max Seat #2 is the button
Seat 2: cocomoco26 (530 in chips) 
Seat 3: Mahu2021 (970 in chips) 
cocomoco26: posts small blind 20
Mahu2021: posts big blind 40
*** HOLE CARDS ***
Dealt to Mahu2021 [Ad Jd]
cocomoco26: calls 20
Mahu2021: raises 120 to 160
cocomoco26: folds 
Uncalled bet (120) returned to Mahu2021
Mahu2021 collected 80 from pot
Mahu2021: doesn't show hand 
*** SUMMARY ***
Total pot 80 | Rake 0 
Seat 2: cocomoco26 (button) (small blind) folded before Flop
Seat 3: Mahu2021 (big blind) collected (80)



PokerStars Hand #242979349450: Tournament #3574939817, $0.92+$0.08 USD Hold'em No Limit - Level III (20/40) - 2023/04/09 9:40:09 CET [2023/04/09 3:40:09 ET]
Table '3574939817 1' 3-max Seat #3 is the button
Seat 2: cocomoco26 (490 in chips) 
Seat 3: Mahu2021 (1010 in chips) 
Mahu2021: posts small blind 20
cocomoco26: posts big blind 40
*** HOLE CARDS ***
Dealt to Mahu2021 [4s 8h]
Mahu2021: folds 
Uncalled bet (20) returned to cocomoco26
cocomoco26 collected 40 from pot
*** SUMMARY ***
Total pot 40 | Rake 0 
Seat 2: cocomoco26 (big blind) collected (40)
Seat 3: Mahu2021 (button) (small blind) folded before Flop



PokerStars Hand #242979350078: Tournament #3574939817, $0.92+$0.08 USD Hold'em No Limit - Level III (20/40) - 2023/04/09 9:40:14 CET [2023/04/09 3:40:14 ET]
Table '3574939817 1' 3-max Seat #2 is the button
Seat 2: cocomoco26 (510 in chips) 
Seat 3: Mahu2021 (990 in chips) 
cocomoco26: posts small blind 20
Mahu2021: posts big blind 40
*** HOLE CARDS ***
Dealt to Mahu2021 [As 9d]
cocomoco26: folds 
Uncalled bet (20) returned to Mahu2021
Mahu2021 collected 40 from pot
Mahu2021: doesn't show hand 
*** SUMMARY ***
Total pot 40 | Rake 0 
Seat 2: cocomoco26 (button) (small blind) folded before Flop
Seat 3: Mahu2021 (big blind) collected (40)



PokerStars Hand #242979350657: Tournament #3574939817, $0.92+$0.08 USD Hold'em No Limit - Level III (20/40) - 2023/04/09 9:40:19 CET [2023/04/09 3:40:19 ET]
Table '3574939817 1' 3-max Seat #3 is the button
Seat 2: cocomoco26 (490 in chips) 
Seat 3: Mahu2021 (1010 in chips) 
Mahu2021: posts small blind 20
cocomoco26: posts big blind 40
*** HOLE CARDS ***
Dealt to Mahu2021 [4h 3d]
Mahu2021: raises 40 to 80
cocomoco26: calls 40
*** FLOP *** [Jh 5d 8h]
cocomoco26: checks 
Mahu2021: checks 
*** TURN *** [Jh 5d 8h] [2d]
cocomoco26: checks 
Mahu2021: bets 160
cocomoco26: folds 
Uncalled bet (160) returned to Mahu2021
Mahu2021 collected 160 from pot
Mahu2021: doesn't show hand 
*** SUMMARY ***
Total pot 160 | Rake 0 
Board [Jh 5d 8h 2d]
Seat 2: cocomoco26 (big blind) folded on the Turn
Seat 3: Mahu2021 (button) (small blind) collected (160)



PokerStars Hand #242979352284: Tournament #3574939817, $0.92+$0.08 USD Hold'em No Limit - Level III (20/40) - 2023/04/09 9:40:32 CET [2023/04/09 3:40:32 ET]
Table '3574939817 1' 3-max Seat #2 is the button
Seat 2: cocomoco26 (410 in chips) 
Seat 3: Mahu2021 (1090 in chips) 
cocomoco26: posts small blind 20
Mahu2021: posts big blind 40
*** HOLE CARDS ***
Dealt to Mahu2021 [5h 5s]
cocomoco26: calls 20
Mahu2021: raises 1050 to 1090 and is all-in
cocomoco26: calls 370 and is all-in
Uncalled bet (680) returned to Mahu2021
*** FLOP *** [Kh Ad Th]
*** TURN *** [Kh Ad Th] [3d]
*** RIVER *** [Kh Ad Th 3d] [Js]
*** SHOW DOWN ***
Mahu2021: shows [5h 5s] (a pair of Fives)
cocomoco26: shows [4d 4s] (a pair of Fours)
Mahu2021 collected 820 from pot
cocomoco26 finished the tournament in 2nd place
Mahu2021 wins the tournament and receives $5.00 - congratulations!
*** SUMMARY ***
Total pot 820 | Rake 0 
Board [Kh Ad Th 3d Js]
Seat 2: cocomoco26 (button) (small blind) showed [4d 4s] and lost with a pair of Fours
Seat 3: Mahu2021 (big blind) showed [5h 5s] and won (820) with a pair of Fives



