PokerStars Hand #249577224943: Tournament #3732556019, $1.84+$0.16 USD Hold'em No Limit - Level I (10/20) - 2024/03/23 16:06:29 CET [2024/03/23 11:06:29 ET]
Table '3732556019 1' 3-max Seat #1 is the button
Seat 1: Rellat (500 in chips) 
Seat 2: Mahu2021 (500 in chips) 
Seat 3: cuentocorto (500 in chips) 
Mahu2021: posts small blind 10
cuentocorto: posts big blind 20
*** HOLE CARDS ***
Dealt to Mahu2021 [3h Ts]
Rellat: folds 
Mahu2021: folds 
Uncalled bet (10) returned to cuentocorto
cuentocorto collected 20 from pot
cuentocorto: doesn't show hand 
*** SUMMARY ***
Total pot 20 | Rake 0 
Seat 1: Rellat (button) folded before Flop (didn't bet)
Seat 2: Mahu2021 (small blind) folded before Flop
Seat 3: cuentocorto (big blind) collected (20)



PokerStars Hand #249577226473: Tournament #3732556019, $1.84+$0.16 USD Hold'em No Limit - Level I (10/20) - 2024/03/23 16:06:35 CET [2024/03/23 11:06:35 ET]
Table '3732556019 1' 3-max Seat #2 is the button
Seat 1: Rellat (500 in chips) 
Seat 2: Mahu2021 (490 in chips) 
Seat 3: cuentocorto (510 in chips) 
cuentocorto: posts small blind 10
Rellat: posts big blind 20
*** HOLE CARDS ***
Dealt to Mahu2021 [7s 4h]
Mahu2021: folds 
cuentocorto: folds 
Uncalled bet (10) returned to Rellat
Rellat collected 20 from pot
*** SUMMARY ***
Total pot 20 | Rake 0 
Seat 1: Rellat (big blind) collected (20)
Seat 2: Mahu2021 (button) folded before Flop (didn't bet)
Seat 3: cuentocorto (small blind) folded before Flop



PokerStars Hand #249577227790: Tournament #3732556019, $1.84+$0.16 USD Hold'em No Limit - Level I (10/20) - 2024/03/23 16:06:40 CET [2024/03/23 11:06:40 ET]
Table '3732556019 1' 3-max Seat #3 is the button
Seat 1: Rellat (510 in chips) 
Seat 2: Mahu2021 (490 in chips) 
Seat 3: cuentocorto (500 in chips) 
Rellat: posts small blind 10
Mahu2021: posts big blind 20
*** HOLE CARDS ***
Dealt to Mahu2021 [8c 9d]
cuentocorto: folds 
Rellat: calls 10
Mahu2021: checks 
*** FLOP *** [5h Ks 6d]
Rellat: bets 20
Mahu2021: calls 20
*** TURN *** [5h Ks 6d] [8h]
Rellat: checks 
Mahu2021: checks 
*** RIVER *** [5h Ks 6d 8h] [2h]
Rellat: bets 40
Mahu2021: calls 40
*** SHOW DOWN ***
Rellat: shows [9s 3s] (high card King)
Mahu2021: shows [8c 9d] (a pair of Eights)
Mahu2021 collected 160 from pot
*** SUMMARY ***
Total pot 160 | Rake 0 
Board [5h Ks 6d 8h 2h]
Seat 1: Rellat (small blind) showed [9s 3s] and lost with high card King
Seat 2: Mahu2021 (big blind) showed [8c 9d] and won (160) with a pair of Eights
Seat 3: cuentocorto (button) folded before Flop (didn't bet)



PokerStars Hand #249577232327: Tournament #3732556019, $1.84+$0.16 USD Hold'em No Limit - Level I (10/20) - 2024/03/23 16:06:58 CET [2024/03/23 11:06:58 ET]
Table '3732556019 1' 3-max Seat #1 is the button
Seat 1: Rellat (430 in chips) 
Seat 2: Mahu2021 (570 in chips) 
Seat 3: cuentocorto (500 in chips) 
Mahu2021: posts small blind 10
cuentocorto: posts big blind 20
*** HOLE CARDS ***
Dealt to Mahu2021 [Js Jd]
Rellat: calls 20
Mahu2021: calls 10
cuentocorto: checks 
*** FLOP *** [4s 7c Kd]
Mahu2021: checks 
cuentocorto: checks 
Rellat: checks 
*** TURN *** [4s 7c Kd] [2c]
Mahu2021: bets 40
cuentocorto: calls 40
Rellat: calls 40
*** RIVER *** [4s 7c Kd 2c] [7s]
Mahu2021: checks 
cuentocorto: checks 
Rellat: checks 
*** SHOW DOWN ***
Mahu2021: shows [Js Jd] (two pair, Jacks and Sevens)
cuentocorto: mucks hand 
Rellat: mucks hand 
Mahu2021 collected 180 from pot
*** SUMMARY ***
Total pot 180 | Rake 0 
Board [4s 7c Kd 2c 7s]
Seat 1: Rellat (button) mucked [2h 3h]
Seat 2: Mahu2021 (small blind) showed [Js Jd] and won (180) with two pair, Jacks and Sevens
Seat 3: cuentocorto (big blind) mucked [Qs 4h]



PokerStars Hand #249577238876: Tournament #3732556019, $1.84+$0.16 USD Hold'em No Limit - Level I (10/20) - 2024/03/23 16:07:25 CET [2024/03/23 11:07:25 ET]
Table '3732556019 1' 3-max Seat #2 is the button
Seat 1: Rellat (370 in chips) 
Seat 2: Mahu2021 (690 in chips) 
Seat 3: cuentocorto (440 in chips) 
cuentocorto: posts small blind 10
Rellat: posts big blind 20
*** HOLE CARDS ***
Dealt to Mahu2021 [Th 7h]
Mahu2021: folds 
cuentocorto: calls 10
Rellat: checks 
*** FLOP *** [As 8s 6c]
cuentocorto: checks 
Rellat: checks 
*** TURN *** [As 8s 6c] [Ks]
cuentocorto: checks 
Rellat: bets 40
cuentocorto: calls 40
*** RIVER *** [As 8s 6c Ks] [Qc]
cuentocorto: checks 
Rellat: bets 120
cuentocorto: calls 120
*** SHOW DOWN ***
Rellat: shows [8d Ah] (two pair, Aces and Eights)
cuentocorto: mucks hand 
Rellat collected 360 from pot
*** SUMMARY ***
Total pot 360 | Rake 0 
Board [As 8s 6c Ks Qc]
Seat 1: Rellat (big blind) showed [8d Ah] and won (360) with two pair, Aces and Eights
Seat 2: Mahu2021 (button) folded before Flop (didn't bet)
Seat 3: cuentocorto (small blind) mucked [Kd 5d]



PokerStars Hand #249577244997: Tournament #3732556019, $1.84+$0.16 USD Hold'em No Limit - Level I (10/20) - 2024/03/23 16:07:49 CET [2024/03/23 11:07:49 ET]
Table '3732556019 1' 3-max Seat #3 is the button
Seat 1: Rellat (550 in chips) 
Seat 2: Mahu2021 (690 in chips) 
Seat 3: cuentocorto (260 in chips) 
Rellat: posts small blind 10
Mahu2021: posts big blind 20
*** HOLE CARDS ***
Dealt to Mahu2021 [Th 3s]
cuentocorto: folds 
Rellat: calls 10
Mahu2021: checks 
*** FLOP *** [As Jh Qh]
Rellat: checks 
Mahu2021: bets 20
Rellat: folds 
Uncalled bet (20) returned to Mahu2021
Mahu2021 collected 40 from pot
Mahu2021: doesn't show hand 
*** SUMMARY ***
Total pot 40 | Rake 0 
Board [As Jh Qh]
Seat 1: Rellat (small blind) folded on the Flop
Seat 2: Mahu2021 (big blind) collected (40)
Seat 3: cuentocorto (button) folded before Flop (didn't bet)



PokerStars Hand #249577249373: Tournament #3732556019, $1.84+$0.16 USD Hold'em No Limit - Level I (10/20) - 2024/03/23 16:08:06 CET [2024/03/23 11:08:06 ET]
Table '3732556019 1' 3-max Seat #1 is the button
Seat 1: Rellat (530 in chips) 
Seat 2: Mahu2021 (710 in chips) 
Seat 3: cuentocorto (260 in chips) 
Mahu2021: posts small blind 10
cuentocorto: posts big blind 20
*** HOLE CARDS ***
Dealt to Mahu2021 [7c 5s]
Rellat: calls 20
Mahu2021: calls 10
cuentocorto: raises 240 to 260 and is all-in
Rellat: folds 
Mahu2021: folds 
Uncalled bet (240) returned to cuentocorto
cuentocorto collected 60 from pot
cuentocorto: doesn't show hand 
*** SUMMARY ***
Total pot 60 | Rake 0 
Seat 1: Rellat (button) folded before Flop
Seat 2: Mahu2021 (small blind) folded before Flop
Seat 3: cuentocorto (big blind) collected (60)



PokerStars Hand #249577252887: Tournament #3732556019, $1.84+$0.16 USD Hold'em No Limit - Level I (10/20) - 2024/03/23 16:08:20 CET [2024/03/23 11:08:20 ET]
Table '3732556019 1' 3-max Seat #2 is the button
Seat 1: Rellat (510 in chips) 
Seat 2: Mahu2021 (690 in chips) 
Seat 3: cuentocorto (300 in chips) 
cuentocorto: posts small blind 10
Rellat: posts big blind 20
*** HOLE CARDS ***
Dealt to Mahu2021 [6d As]
Mahu2021: calls 20
cuentocorto: raises 80 to 100
Rellat: folds 
Mahu2021: folds 
Uncalled bet (80) returned to cuentocorto
cuentocorto collected 60 from pot
cuentocorto: doesn't show hand 
*** SUMMARY ***
Total pot 60 | Rake 0 
Seat 1: Rellat (big blind) folded before Flop
Seat 2: Mahu2021 (button) folded before Flop
Seat 3: cuentocorto (small blind) collected (60)



PokerStars Hand #249577258065: Tournament #3732556019, $1.84+$0.16 USD Hold'em No Limit - Level II (15/30) - 2024/03/23 16:08:41 CET [2024/03/23 11:08:41 ET]
Table '3732556019 1' 3-max Seat #3 is the button
Seat 1: Rellat (490 in chips) 
Seat 2: Mahu2021 (670 in chips) 
Seat 3: cuentocorto (340 in chips) 
Rellat: posts small blind 15
Mahu2021: posts big blind 30
*** HOLE CARDS ***
Dealt to Mahu2021 [3s 7c]
cuentocorto: folds 
Rellat: calls 15
Mahu2021: checks 
*** FLOP *** [Jh 7d 9s]
Rellat: bets 30
Mahu2021: calls 30
*** TURN *** [Jh 7d 9s] [6d]
Rellat: bets 60
Mahu2021: folds 
Uncalled bet (60) returned to Rellat
Rellat collected 120 from pot
*** SUMMARY ***
Total pot 120 | Rake 0 
Board [Jh 7d 9s 6d]
Seat 1: Rellat (small blind) collected (120)
Seat 2: Mahu2021 (big blind) folded on the Turn
Seat 3: cuentocorto (button) folded before Flop (didn't bet)



PokerStars Hand #249577262014: Tournament #3732556019, $1.84+$0.16 USD Hold'em No Limit - Level II (15/30) - 2024/03/23 16:08:57 CET [2024/03/23 11:08:57 ET]
Table '3732556019 1' 3-max Seat #1 is the button
Seat 1: Rellat (550 in chips) 
Seat 2: Mahu2021 (610 in chips) 
Seat 3: cuentocorto (340 in chips) 
Mahu2021: posts small blind 15
cuentocorto: posts big blind 30
*** HOLE CARDS ***
Dealt to Mahu2021 [Qs 6d]
Rellat: calls 30
Mahu2021: folds 
cuentocorto: raises 90 to 120
Rellat: calls 90
*** FLOP *** [7d 3s Ad]
cuentocorto: bets 30
Rellat: raises 400 to 430 and is all-in
cuentocorto: calls 190 and is all-in
Uncalled bet (210) returned to Rellat
*** TURN *** [7d 3s Ad] [Kh]
*** RIVER *** [7d 3s Ad Kh] [4s]
*** SHOW DOWN ***
cuentocorto: shows [8d As] (a pair of Aces)
Rellat: shows [Kd 9h] (a pair of Kings)
cuentocorto collected 695 from pot
*** SUMMARY ***
Total pot 695 | Rake 0 
Board [7d 3s Ad Kh 4s]
Seat 1: Rellat (button) showed [Kd 9h] and lost with a pair of Kings
Seat 2: Mahu2021 (small blind) folded before Flop
Seat 3: cuentocorto (big blind) showed [8d As] and won (695) with a pair of Aces



PokerStars Hand #249577268141: Tournament #3732556019, $1.84+$0.16 USD Hold'em No Limit - Level II (15/30) - 2024/03/23 16:09:21 CET [2024/03/23 11:09:21 ET]
Table '3732556019 1' 3-max Seat #2 is the button
Seat 1: Rellat (210 in chips) 
Seat 2: Mahu2021 (595 in chips) 
Seat 3: cuentocorto (695 in chips) 
cuentocorto: posts small blind 15
Rellat: posts big blind 30
*** HOLE CARDS ***
Dealt to Mahu2021 [3s Ah]
Mahu2021: calls 30
cuentocorto: calls 15
Rellat: checks 
*** FLOP *** [5c 9d 8d]
cuentocorto: bets 90
Rellat: folds 
Mahu2021: folds 
Uncalled bet (90) returned to cuentocorto
cuentocorto collected 90 from pot
cuentocorto: doesn't show hand 
*** SUMMARY ***
Total pot 90 | Rake 0 
Board [5c 9d 8d]
Seat 1: Rellat (big blind) folded on the Flop
Seat 2: Mahu2021 (button) folded on the Flop
Seat 3: cuentocorto (small blind) collected (90)



PokerStars Hand #249577271533: Tournament #3732556019, $1.84+$0.16 USD Hold'em No Limit - Level II (15/30) - 2024/03/23 16:09:35 CET [2024/03/23 11:09:35 ET]
Table '3732556019 1' 3-max Seat #3 is the button
Seat 1: Rellat (180 in chips) 
Seat 2: Mahu2021 (565 in chips) 
Seat 3: cuentocorto (755 in chips) 
Rellat: posts small blind 15
Mahu2021: posts big blind 30
*** HOLE CARDS ***
Dealt to Mahu2021 [Ts Kc]
cuentocorto: calls 30
Rellat: calls 15
Mahu2021: checks 
*** FLOP *** [Ah Jc 2d]
Rellat: checks 
Mahu2021: checks 
cuentocorto: bets 60
Rellat: folds 
Mahu2021: calls 60
*** TURN *** [Ah Jc 2d] [6h]
Mahu2021: checks 
cuentocorto: bets 60
Mahu2021: folds 
Uncalled bet (60) returned to cuentocorto
cuentocorto collected 210 from pot
cuentocorto: doesn't show hand 
*** SUMMARY ***
Total pot 210 | Rake 0 
Board [Ah Jc 2d 6h]
Seat 1: Rellat (small blind) folded on the Flop
Seat 2: Mahu2021 (big blind) folded on the Turn
Seat 3: cuentocorto (button) collected (210)



PokerStars Hand #249577276381: Tournament #3732556019, $1.84+$0.16 USD Hold'em No Limit - Level II (15/30) - 2024/03/23 16:09:54 CET [2024/03/23 11:09:54 ET]
Table '3732556019 1' 3-max Seat #1 is the button
Seat 1: Rellat (150 in chips) 
Seat 2: Mahu2021 (475 in chips) 
Seat 3: cuentocorto (875 in chips) 
Mahu2021: posts small blind 15
cuentocorto: posts big blind 30
*** HOLE CARDS ***
Dealt to Mahu2021 [Qd Jd]
Rellat: raises 30 to 60
Mahu2021: calls 45
cuentocorto: folds 
*** FLOP *** [Tc 6h 4d]
Mahu2021: checks 
Rellat: checks 
*** TURN *** [Tc 6h 4d] [3d]
Mahu2021: checks 
Rellat: bets 30
Mahu2021: calls 30
*** RIVER *** [Tc 6h 4d 3d] [Ts]
Mahu2021: checks 
Rellat: bets 60 and is all-in
Mahu2021: folds 
Uncalled bet (60) returned to Rellat
Rellat collected 210 from pot
*** SUMMARY ***
Total pot 210 | Rake 0 
Board [Tc 6h 4d 3d Ts]
Seat 1: Rellat (button) collected (210)
Seat 2: Mahu2021 (small blind) folded on the River
Seat 3: cuentocorto (big blind) folded before Flop



PokerStars Hand #249577281458: Tournament #3732556019, $1.84+$0.16 USD Hold'em No Limit - Level II (15/30) - 2024/03/23 16:10:14 CET [2024/03/23 11:10:14 ET]
Table '3732556019 1' 3-max Seat #2 is the button
Seat 1: Rellat (270 in chips) 
Seat 2: Mahu2021 (385 in chips) 
Seat 3: cuentocorto (845 in chips) 
cuentocorto: posts small blind 15
Rellat: posts big blind 30
*** HOLE CARDS ***
Dealt to Mahu2021 [5h Qs]
Mahu2021: folds 
cuentocorto: raises 60 to 90
Rellat: raises 180 to 270 and is all-in
cuentocorto: calls 180
*** FLOP *** [Kc Kh 2d]
*** TURN *** [Kc Kh 2d] [Jd]
*** RIVER *** [Kc Kh 2d Jd] [3h]
*** SHOW DOWN ***
cuentocorto: shows [Ah 5c] (a pair of Kings)
Rellat: shows [9c 6c] (a pair of Kings - lower kicker)
cuentocorto collected 540 from pot
Rellat finished the tournament in 3rd place
*** SUMMARY ***
Total pot 540 | Rake 0 
Board [Kc Kh 2d Jd 3h]
Seat 1: Rellat (big blind) showed [9c 6c] and lost with a pair of Kings
Seat 2: Mahu2021 (button) folded before Flop (didn't bet)
Seat 3: cuentocorto (small blind) showed [Ah 5c] and won (540) with a pair of Kings



PokerStars Hand #249577286442: Tournament #3732556019, $1.84+$0.16 USD Hold'em No Limit - Level III (20/40) - 2024/03/23 16:10:34 CET [2024/03/23 11:10:34 ET]
Table '3732556019 1' 3-max Seat #3 is the button
Seat 2: Mahu2021 (385 in chips) 
Seat 3: cuentocorto (1115 in chips) 
cuentocorto: posts small blind 20
Mahu2021: posts big blind 40
*** HOLE CARDS ***
Dealt to Mahu2021 [6h 4d]
cuentocorto: raises 80 to 120
Mahu2021: folds 
Uncalled bet (80) returned to cuentocorto
cuentocorto collected 80 from pot
cuentocorto: doesn't show hand 
*** SUMMARY ***
Total pot 80 | Rake 0 
Seat 2: Mahu2021 (big blind) folded before Flop
Seat 3: cuentocorto (button) (small blind) collected (80)



PokerStars Hand #249577288011: Tournament #3732556019, $1.84+$0.16 USD Hold'em No Limit - Level III (20/40) - 2024/03/23 16:10:41 CET [2024/03/23 11:10:41 ET]
Table '3732556019 1' 3-max Seat #2 is the button
Seat 2: Mahu2021 (345 in chips) 
Seat 3: cuentocorto (1155 in chips) 
Mahu2021: posts small blind 20
cuentocorto: posts big blind 40
*** HOLE CARDS ***
Dealt to Mahu2021 [3c 6s]
Mahu2021: folds 
Uncalled bet (20) returned to cuentocorto
cuentocorto collected 40 from pot
cuentocorto: doesn't show hand 
*** SUMMARY ***
Total pot 40 | Rake 0 
Seat 2: Mahu2021 (button) (small blind) folded before Flop
Seat 3: cuentocorto (big blind) collected (40)



PokerStars Hand #249577289064: Tournament #3732556019, $1.84+$0.16 USD Hold'em No Limit - Level III (20/40) - 2024/03/23 16:10:45 CET [2024/03/23 11:10:45 ET]
Table '3732556019 1' 3-max Seat #3 is the button
Seat 2: Mahu2021 (325 in chips) 
Seat 3: cuentocorto (1175 in chips) 
cuentocorto: posts small blind 20
Mahu2021: posts big blind 40
*** HOLE CARDS ***
Dealt to Mahu2021 [4d Qd]
cuentocorto: folds 
Uncalled bet (20) returned to Mahu2021
Mahu2021 collected 40 from pot
Mahu2021: doesn't show hand 
*** SUMMARY ***
Total pot 40 | Rake 0 
Seat 2: Mahu2021 (big blind) collected (40)
Seat 3: cuentocorto (button) (small blind) folded before Flop



PokerStars Hand #249577290157: Tournament #3732556019, $1.84+$0.16 USD Hold'em No Limit - Level III (20/40) - 2024/03/23 16:10:49 CET [2024/03/23 11:10:49 ET]
Table '3732556019 1' 3-max Seat #2 is the button
Seat 2: Mahu2021 (345 in chips) 
Seat 3: cuentocorto (1155 in chips) 
Mahu2021: posts small blind 20
cuentocorto: posts big blind 40
*** HOLE CARDS ***
Dealt to Mahu2021 [Qd 9c]
Mahu2021: raises 40 to 80
cuentocorto: folds 
Uncalled bet (40) returned to Mahu2021
Mahu2021 collected 80 from pot
Mahu2021: doesn't show hand 
*** SUMMARY ***
Total pot 80 | Rake 0 
Seat 2: Mahu2021 (button) (small blind) collected (80)
Seat 3: cuentocorto (big blind) folded before Flop



PokerStars Hand #249577291626: Tournament #3732556019, $1.84+$0.16 USD Hold'em No Limit - Level III (20/40) - 2024/03/23 16:10:55 CET [2024/03/23 11:10:55 ET]
Table '3732556019 1' 3-max Seat #3 is the button
Seat 2: Mahu2021 (385 in chips) 
Seat 3: cuentocorto (1115 in chips) 
cuentocorto: posts small blind 20
Mahu2021: posts big blind 40
*** HOLE CARDS ***
Dealt to Mahu2021 [8s Tc]
cuentocorto: raises 80 to 120
Mahu2021: folds 
Uncalled bet (80) returned to cuentocorto
cuentocorto collected 80 from pot
cuentocorto: doesn't show hand 
*** SUMMARY ***
Total pot 80 | Rake 0 
Seat 2: Mahu2021 (big blind) folded before Flop
Seat 3: cuentocorto (button) (small blind) collected (80)



PokerStars Hand #249577293432: Tournament #3732556019, $1.84+$0.16 USD Hold'em No Limit - Level III (20/40) - 2024/03/23 16:11:02 CET [2024/03/23 11:11:02 ET]
Table '3732556019 1' 3-max Seat #2 is the button
Seat 2: Mahu2021 (345 in chips) 
Seat 3: cuentocorto (1155 in chips) 
Mahu2021: posts small blind 20
cuentocorto: posts big blind 40
*** HOLE CARDS ***
Dealt to Mahu2021 [Ts 7s]
Mahu2021: raises 40 to 80
cuentocorto: raises 1075 to 1155 and is all-in
Mahu2021: folds 
Uncalled bet (1075) returned to cuentocorto
cuentocorto collected 160 from pot
cuentocorto: doesn't show hand 
*** SUMMARY ***
Total pot 160 | Rake 0 
Seat 2: Mahu2021 (button) (small blind) folded before Flop
Seat 3: cuentocorto (big blind) collected (160)



PokerStars Hand #249577295489: Tournament #3732556019, $1.84+$0.16 USD Hold'em No Limit - Level III (20/40) - 2024/03/23 16:11:10 CET [2024/03/23 11:11:10 ET]
Table '3732556019 1' 3-max Seat #3 is the button
Seat 2: Mahu2021 (265 in chips) 
Seat 3: cuentocorto (1235 in chips) 
cuentocorto: posts small blind 20
Mahu2021: posts big blind 40
*** HOLE CARDS ***
Dealt to Mahu2021 [Qs 3h]
cuentocorto: calls 20
Mahu2021: raises 225 to 265 and is all-in
cuentocorto: calls 225
*** FLOP *** [Js 5s Qh]
*** TURN *** [Js 5s Qh] [5c]
*** RIVER *** [Js 5s Qh 5c] [7c]
*** SHOW DOWN ***
Mahu2021: shows [Qs 3h] (two pair, Queens and Fives)
cuentocorto: shows [Qc Ah] (two pair, Queens and Fives - Ace kicker)
cuentocorto collected 530 from pot
Mahu2021 finished the tournament in 2nd place
cuentocorto wins the tournament and receives $4.00 - congratulations!
*** SUMMARY ***
Total pot 530 | Rake 0 
Board [Js 5s Qh 5c 7c]
Seat 2: Mahu2021 (big blind) showed [Qs 3h] and lost with two pair, Queens and Fives
Seat 3: cuentocorto (button) (small blind) showed [Qc Ah] and won (530) with two pair, Queens and Fives



