PokerStars Hand #245924648933: Tournament #3644090177, $0.92+$0.08 USD Hold'em No Limit - Level I (10/20) - 2023/09/12 21:53:41 CET [2023/09/12 15:53:41 ET]
Table '3644090177 1' 3-max Seat #1 is the button
Seat 1: Hubafisk (500 in chips) 
Seat 2: Mahu2021 (500 in chips) 
Seat 3: shokirsaliev (500 in chips) is sitting out
Mahu2021: posts small blind 10
shokirsaliev: posts big blind 20
*** HOLE CARDS ***
Dealt to Mahu2021 [Qh Jc]
shokirsaliev is disconnected 
Hubafisk: folds 
Mahu2021: raises 20 to 40
shokirsaliev: folds 
Uncalled bet (20) returned to Mahu2021
Mahu2021 collected 40 from pot
Mahu2021: doesn't show hand 
*** SUMMARY ***
Total pot 40 | Rake 0 
Seat 1: Hubafisk (button) folded before Flop (didn't bet)
Seat 2: Mahu2021 (small blind) collected (40)
Seat 3: shokirsaliev (big blind) folded before Flop



PokerStars Hand #245924651620: Tournament #3644090177, $0.92+$0.08 USD Hold'em No Limit - Level I (10/20) - 2023/09/12 21:53:48 CET [2023/09/12 15:53:48 ET]
Table '3644090177 1' 3-max Seat #2 is the button
Seat 1: Hubafisk (500 in chips) 
Seat 2: Mahu2021 (520 in chips) 
Seat 3: shokirsaliev (480 in chips) is sitting out
shokirsaliev: posts small blind 10
Hubafisk: posts big blind 20
*** HOLE CARDS ***
Dealt to Mahu2021 [Kc 2h]
Mahu2021: folds 
shokirsaliev: folds 
Uncalled bet (10) returned to Hubafisk
Hubafisk collected 20 from pot
*** SUMMARY ***
Total pot 20 | Rake 0 
Seat 1: Hubafisk (big blind) collected (20)
Seat 2: Mahu2021 (button) folded before Flop (didn't bet)
Seat 3: shokirsaliev (small blind) folded before Flop



PokerStars Hand #245924653906: Tournament #3644090177, $0.92+$0.08 USD Hold'em No Limit - Level I (10/20) - 2023/09/12 21:53:54 CET [2023/09/12 15:53:54 ET]
Table '3644090177 1' 3-max Seat #3 is the button
Seat 1: Hubafisk (510 in chips) 
Seat 2: Mahu2021 (520 in chips) 
Seat 3: shokirsaliev (470 in chips) is sitting out
Hubafisk: posts small blind 10
Mahu2021: posts big blind 20
*** HOLE CARDS ***
Dealt to Mahu2021 [9d Kh]
shokirsaliev: folds 
shokirsaliev has returned
Hubafisk: raises 40 to 60
Mahu2021: calls 40
*** FLOP *** [9c Jh 2c]
Hubafisk: bets 80
Mahu2021: calls 80
*** TURN *** [9c Jh 2c] [Qd]
Hubafisk: bets 140
Mahu2021: folds 
Uncalled bet (140) returned to Hubafisk
Hubafisk collected 280 from pot
*** SUMMARY ***
Total pot 280 | Rake 0 
Board [9c Jh 2c Qd]
Seat 1: Hubafisk (small blind) collected (280)
Seat 2: Mahu2021 (big blind) folded on the Turn
Seat 3: shokirsaliev (button) folded before Flop (didn't bet)



PokerStars Hand #245924663592: Tournament #3644090177, $0.92+$0.08 USD Hold'em No Limit - Level I (10/20) - 2023/09/12 21:54:20 CET [2023/09/12 15:54:20 ET]
Table '3644090177 1' 3-max Seat #1 is the button
Seat 1: Hubafisk (650 in chips) 
Seat 2: Mahu2021 (380 in chips) 
Seat 3: shokirsaliev (470 in chips) 
Mahu2021: posts small blind 10
shokirsaliev: posts big blind 20
*** HOLE CARDS ***
Dealt to Mahu2021 [3s Kc]
Hubafisk: folds 
Mahu2021: raises 20 to 40
shokirsaliev: calls 20
*** FLOP *** [4d Kd 9c]
Mahu2021: bets 80
shokirsaliev: folds 
Uncalled bet (80) returned to Mahu2021
Mahu2021 collected 80 from pot
Mahu2021: doesn't show hand 
*** SUMMARY ***
Total pot 80 | Rake 0 
Board [4d Kd 9c]
Seat 1: Hubafisk (button) folded before Flop (didn't bet)
Seat 2: Mahu2021 (small blind) collected (80)
Seat 3: shokirsaliev (big blind) folded on the Flop



PokerStars Hand #245924670715: Tournament #3644090177, $0.92+$0.08 USD Hold'em No Limit - Level I (10/20) - 2023/09/12 21:54:39 CET [2023/09/12 15:54:39 ET]
Table '3644090177 1' 3-max Seat #2 is the button
Seat 1: Hubafisk (650 in chips) 
Seat 2: Mahu2021 (420 in chips) 
Seat 3: shokirsaliev (430 in chips) 
shokirsaliev: posts small blind 10
Hubafisk: posts big blind 20
*** HOLE CARDS ***
Dealt to Mahu2021 [4h 9h]
Mahu2021: folds 
shokirsaliev: raises 20 to 40
Hubafisk: folds 
Uncalled bet (20) returned to shokirsaliev
shokirsaliev collected 40 from pot
shokirsaliev: doesn't show hand 
*** SUMMARY ***
Total pot 40 | Rake 0 
Seat 1: Hubafisk (big blind) folded before Flop
Seat 2: Mahu2021 (button) folded before Flop (didn't bet)
Seat 3: shokirsaliev (small blind) collected (40)



PokerStars Hand #245924674632: Tournament #3644090177, $0.92+$0.08 USD Hold'em No Limit - Level I (10/20) - 2023/09/12 21:54:50 CET [2023/09/12 15:54:50 ET]
Table '3644090177 1' 3-max Seat #3 is the button
Seat 1: Hubafisk (630 in chips) 
Seat 2: Mahu2021 (420 in chips) 
Seat 3: shokirsaliev (450 in chips) 
Hubafisk: posts small blind 10
Mahu2021: posts big blind 20
*** HOLE CARDS ***
Dealt to Mahu2021 [6h Kc]
shokirsaliev: raises 20 to 40
Hubafisk: folds 
Mahu2021: calls 20
*** FLOP *** [As Ah 6d]
Mahu2021: checks 
shokirsaliev: bets 45
Mahu2021: calls 45
*** TURN *** [As Ah 6d] [Qc]
Mahu2021: checks 
shokirsaliev: bets 90
Mahu2021: raises 245 to 335 and is all-in
shokirsaliev: calls 245
*** RIVER *** [As Ah 6d Qc] [4c]
*** SHOW DOWN ***
Mahu2021: shows [6h Kc] (two pair, Aces and Sixes)
shokirsaliev: shows [5d Ad] (three of a kind, Aces)
shokirsaliev collected 850 from pot
Mahu2021 finished the tournament in 3rd place
*** SUMMARY ***
Total pot 850 | Rake 0 
Board [As Ah 6d Qc 4c]
Seat 1: Hubafisk (small blind) folded before Flop
Seat 2: Mahu2021 (big blind) showed [6h Kc] and lost with two pair, Aces and Sixes
Seat 3: shokirsaliev (button) showed [5d Ad] and won (850) with three of a kind, Aces



