PokerStars Hand #247753692855: Tournament #3688675256, $1.84+$0.16 USD Hold'em No Limit - Level I (10/20) - 2023/12/19 20:55:45 CET [2023/12/19 14:55:45 ET]
Table '3688675256 1' 3-max Seat #1 is the button
Seat 1: KGrosen (500 in chips) 
Seat 2: gocastar (500 in chips) 
Seat 3: Mahu2021 (500 in chips) 
gocastar: posts small blind 10
Mahu2021: posts big blind 20
*** HOLE CARDS ***
Dealt to Mahu2021 [4s Qd]
KGrosen: calls 20
gocastar: raises 20 to 40
Mahu2021: folds 
KGrosen: calls 20
*** FLOP *** [3d Jd 4c]
gocastar: bets 50
KGrosen: calls 50
*** TURN *** [3d Jd 4c] [9s]
gocastar: bets 140
KGrosen: calls 140
*** RIVER *** [3d Jd 4c 9s] [3s]
gocastar: bets 240
KGrosen: folds 
Uncalled bet (240) returned to gocastar
gocastar collected 480 from pot
*** SUMMARY ***
Total pot 480 | Rake 0 
Board [3d Jd 4c 9s 3s]
Seat 1: KGrosen (button) folded on the River
Seat 2: gocastar (small blind) collected (480)
Seat 3: Mahu2021 (big blind) folded before Flop



PokerStars Hand #247753700366: Tournament #3688675256, $1.84+$0.16 USD Hold'em No Limit - Level I (10/20) - 2023/12/19 20:56:14 CET [2023/12/19 14:56:14 ET]
Table '3688675256 1' 3-max Seat #2 is the button
Seat 1: KGrosen (270 in chips) 
Seat 2: gocastar (750 in chips) 
Seat 3: Mahu2021 (480 in chips) 
Mahu2021: posts small blind 10
KGrosen: posts big blind 20
*** HOLE CARDS ***
Dealt to Mahu2021 [4d Jd]
gocastar: raises 40 to 60
Mahu2021: folds 
KGrosen: calls 40
*** FLOP *** [Ad 8c 3d]
KGrosen: checks 
gocastar: bets 85
KGrosen: folds 
Uncalled bet (85) returned to gocastar
gocastar collected 130 from pot
*** SUMMARY ***
Total pot 130 | Rake 0 
Board [Ad 8c 3d]
Seat 1: KGrosen (big blind) folded on the Flop
Seat 2: gocastar (button) collected (130)
Seat 3: Mahu2021 (small blind) folded before Flop



PokerStars Hand #247753709082: Tournament #3688675256, $1.84+$0.16 USD Hold'em No Limit - Level I (10/20) - 2023/12/19 20:56:49 CET [2023/12/19 14:56:49 ET]
Table '3688675256 1' 3-max Seat #3 is the button
Seat 1: KGrosen (210 in chips) 
Seat 2: gocastar (820 in chips) 
Seat 3: Mahu2021 (470 in chips) 
KGrosen: posts small blind 10
gocastar: posts big blind 20
*** HOLE CARDS ***
Dealt to Mahu2021 [Jc Ts]
Mahu2021: calls 20
KGrosen: calls 10
gocastar: checks 
*** FLOP *** [2s Qs 3h]
KGrosen: bets 20
gocastar: calls 20
Mahu2021: folds 
*** TURN *** [2s Qs 3h] [4c]
KGrosen: bets 20
gocastar: calls 20
*** RIVER *** [2s Qs 3h 4c] [2c]
KGrosen: checks 
gocastar: checks 
*** SHOW DOWN ***
KGrosen: shows [Qh 7s] (two pair, Queens and Deuces)
gocastar: mucks hand 
KGrosen collected 140 from pot
*** SUMMARY ***
Total pot 140 | Rake 0 
Board [2s Qs 3h 4c 2c]
Seat 1: KGrosen (small blind) showed [Qh 7s] and won (140) with two pair, Queens and Deuces
Seat 2: gocastar (big blind) mucked [6d 3d]
Seat 3: Mahu2021 (button) folded on the Flop



PokerStars Hand #247753718431: Tournament #3688675256, $1.84+$0.16 USD Hold'em No Limit - Level I (10/20) - 2023/12/19 20:57:26 CET [2023/12/19 14:57:26 ET]
Table '3688675256 1' 3-max Seat #1 is the button
Seat 1: KGrosen (290 in chips) 
Seat 2: gocastar (760 in chips) 
Seat 3: Mahu2021 (450 in chips) 
gocastar: posts small blind 10
Mahu2021: posts big blind 20
*** HOLE CARDS ***
Dealt to Mahu2021 [Ks 7s]
KGrosen: raises 20 to 40
gocastar: raises 20 to 60
Mahu2021: folds 
KGrosen: raises 20 to 80
gocastar: calls 20
*** FLOP *** [2c 9d 4d]
gocastar: checks 
KGrosen: bets 210 and is all-in
gocastar: folds 
Uncalled bet (210) returned to KGrosen
KGrosen collected 180 from pot
KGrosen: doesn't show hand 
*** SUMMARY ***
Total pot 180 | Rake 0 
Board [2c 9d 4d]
Seat 1: KGrosen (button) collected (180)
Seat 2: gocastar (small blind) folded on the Flop
Seat 3: Mahu2021 (big blind) folded before Flop



PokerStars Hand #247753725735: Tournament #3688675256, $1.84+$0.16 USD Hold'em No Limit - Level II (15/30) - 2023/12/19 20:57:54 CET [2023/12/19 14:57:54 ET]
Table '3688675256 1' 3-max Seat #2 is the button
Seat 1: KGrosen (390 in chips) 
Seat 2: gocastar (680 in chips) 
Seat 3: Mahu2021 (430 in chips) 
Mahu2021: posts small blind 15
KGrosen: posts big blind 30
*** HOLE CARDS ***
Dealt to Mahu2021 [As 5h]
gocastar: folds 
Mahu2021: calls 15
KGrosen: checks 
*** FLOP *** [Jc 5s 7s]
Mahu2021: bets 30
KGrosen: calls 30
*** TURN *** [Jc 5s 7s] [6d]
Mahu2021: checks 
KGrosen: checks 
*** RIVER *** [Jc 5s 7s 6d] [Kh]
Mahu2021: checks 
KGrosen: checks 
*** SHOW DOWN ***
Mahu2021: shows [As 5h] (a pair of Fives)
KGrosen: mucks hand 
Mahu2021 collected 120 from pot
*** SUMMARY ***
Total pot 120 | Rake 0 
Board [Jc 5s 7s 6d Kh]
Seat 1: KGrosen (big blind) mucked [Qc 9d]
Seat 2: gocastar (button) folded before Flop (didn't bet)
Seat 3: Mahu2021 (small blind) showed [As 5h] and won (120) with a pair of Fives



PokerStars Hand #247753737554: Tournament #3688675256, $1.84+$0.16 USD Hold'em No Limit - Level II (15/30) - 2023/12/19 20:58:41 CET [2023/12/19 14:58:41 ET]
Table '3688675256 1' 3-max Seat #3 is the button
Seat 1: KGrosen (330 in chips) 
Seat 2: gocastar (680 in chips) 
Seat 3: Mahu2021 (490 in chips) 
KGrosen: posts small blind 15
gocastar: posts big blind 30
*** HOLE CARDS ***
Dealt to Mahu2021 [3c Ad]
Mahu2021: folds 
KGrosen: calls 15
gocastar: checks 
*** FLOP *** [Tc 2h 4s]
KGrosen: bets 30
gocastar: calls 30
*** TURN *** [Tc 2h 4s] [2c]
KGrosen: bets 30
gocastar: calls 30
*** RIVER *** [Tc 2h 4s 2c] [8c]
KGrosen: bets 180
gocastar: folds 
Uncalled bet (180) returned to KGrosen
KGrosen collected 180 from pot
KGrosen: doesn't show hand 
*** SUMMARY ***
Total pot 180 | Rake 0 
Board [Tc 2h 4s 2c 8c]
Seat 1: KGrosen (small blind) collected (180)
Seat 2: gocastar (big blind) folded on the River
Seat 3: Mahu2021 (button) folded before Flop (didn't bet)



PokerStars Hand #247753747807: Tournament #3688675256, $1.84+$0.16 USD Hold'em No Limit - Level II (15/30) - 2023/12/19 20:59:21 CET [2023/12/19 14:59:21 ET]
Table '3688675256 1' 3-max Seat #1 is the button
Seat 1: KGrosen (420 in chips) 
Seat 2: gocastar (590 in chips) 
Seat 3: Mahu2021 (490 in chips) 
gocastar: posts small blind 15
Mahu2021: posts big blind 30
*** HOLE CARDS ***
Dealt to Mahu2021 [6s Ks]
KGrosen: folds 
gocastar: raises 60 to 90
Mahu2021: calls 60
*** FLOP *** [7c 9c 3d]
gocastar: bets 60
Mahu2021: folds 
Uncalled bet (60) returned to gocastar
gocastar collected 180 from pot
*** SUMMARY ***
Total pot 180 | Rake 0 
Board [7c 9c 3d]
Seat 1: KGrosen (button) folded before Flop (didn't bet)
Seat 2: gocastar (small blind) collected (180)
Seat 3: Mahu2021 (big blind) folded on the Flop



PokerStars Hand #247753752847: Tournament #3688675256, $1.84+$0.16 USD Hold'em No Limit - Level II (15/30) - 2023/12/19 20:59:41 CET [2023/12/19 14:59:41 ET]
Table '3688675256 1' 3-max Seat #2 is the button
Seat 1: KGrosen (420 in chips) 
Seat 2: gocastar (680 in chips) 
Seat 3: Mahu2021 (400 in chips) 
Mahu2021: posts small blind 15
KGrosen: posts big blind 30
*** HOLE CARDS ***
Dealt to Mahu2021 [Qh 3c]
gocastar: raises 60 to 90
Mahu2021: folds 
KGrosen: calls 60
*** FLOP *** [Td 2d 4s]
KGrosen: bets 30
gocastar: raises 60 to 90
KGrosen: calls 60
*** TURN *** [Td 2d 4s] [Tc]
KGrosen: bets 30
gocastar: raises 90 to 120
KGrosen: calls 90
*** RIVER *** [Td 2d 4s Tc] [7s]
KGrosen: bets 120 and is all-in
gocastar: calls 120
*** SHOW DOWN ***
KGrosen: shows [Ts 9c] (three of a kind, Tens)
gocastar: shows [Ad Jd] (a pair of Tens)
KGrosen collected 855 from pot
*** SUMMARY ***
Total pot 855 | Rake 0 
Board [Td 2d 4s Tc 7s]
Seat 1: KGrosen (big blind) showed [Ts 9c] and won (855) with three of a kind, Tens
Seat 2: gocastar (button) showed [Ad Jd] and lost with a pair of Tens
Seat 3: Mahu2021 (small blind) folded before Flop



PokerStars Hand #247753768372: Tournament #3688675256, $1.84+$0.16 USD Hold'em No Limit - Level III (20/40) - 2023/12/19 21:00:39 CET [2023/12/19 15:00:39 ET]
Table '3688675256 1' 3-max Seat #3 is the button
Seat 1: KGrosen (855 in chips) 
Seat 2: gocastar (260 in chips) 
Seat 3: Mahu2021 (385 in chips) 
KGrosen: posts small blind 20
gocastar: posts big blind 40
*** HOLE CARDS ***
Dealt to Mahu2021 [6s 4d]
Mahu2021: folds 
KGrosen: calls 20
gocastar: raises 220 to 260 and is all-in
KGrosen: calls 220
*** FLOP *** [7c 6d 5d]
*** TURN *** [7c 6d 5d] [Th]
*** RIVER *** [7c 6d 5d Th] [6h]
*** SHOW DOWN ***
KGrosen: shows [Kc 8h] (a pair of Sixes)
gocastar: shows [Qd 9h] (a pair of Sixes - lower kicker)
KGrosen collected 520 from pot
gocastar finished the tournament in 3rd place
*** SUMMARY ***
Total pot 520 | Rake 0 
Board [7c 6d 5d Th 6h]
Seat 1: KGrosen (small blind) showed [Kc 8h] and won (520) with a pair of Sixes
Seat 2: gocastar (big blind) showed [Qd 9h] and lost with a pair of Sixes
Seat 3: Mahu2021 (button) folded before Flop (didn't bet)



PokerStars Hand #247753775847: Tournament #3688675256, $1.84+$0.16 USD Hold'em No Limit - Level III (20/40) - 2023/12/19 21:01:05 CET [2023/12/19 15:01:05 ET]
Table '3688675256 1' 3-max Seat #1 is the button
Seat 1: KGrosen (1115 in chips) 
Seat 3: Mahu2021 (385 in chips) 
KGrosen: posts small blind 20
Mahu2021: posts big blind 40
*** HOLE CARDS ***
Dealt to Mahu2021 [4h 4d]
KGrosen: calls 20
Mahu2021: raises 345 to 385 and is all-in
KGrosen: calls 345
*** FLOP *** [7h Kd 9h]
*** TURN *** [7h Kd 9h] [Ac]
*** RIVER *** [7h Kd 9h Ac] [Qc]
*** SHOW DOWN ***
Mahu2021: shows [4h 4d] (a pair of Fours)
KGrosen: shows [Js 6d] (high card Ace)
Mahu2021 collected 770 from pot
*** SUMMARY ***
Total pot 770 | Rake 0 
Board [7h Kd 9h Ac Qc]
Seat 1: KGrosen (button) (small blind) showed [Js 6d] and lost with high card Ace
Seat 3: Mahu2021 (big blind) showed [4h 4d] and won (770) with a pair of Fours



PokerStars Hand #247753781903: Tournament #3688675256, $1.84+$0.16 USD Hold'em No Limit - Level III (20/40) - 2023/12/19 21:01:26 CET [2023/12/19 15:01:26 ET]
Table '3688675256 1' 3-max Seat #3 is the button
Seat 1: KGrosen (730 in chips) 
Seat 3: Mahu2021 (770 in chips) 
Mahu2021: posts small blind 20
KGrosen: posts big blind 40
*** HOLE CARDS ***
Dealt to Mahu2021 [3h Tc]
Mahu2021: folds 
Uncalled bet (20) returned to KGrosen
KGrosen collected 40 from pot
KGrosen: doesn't show hand 
*** SUMMARY ***
Total pot 40 | Rake 0 
Seat 1: KGrosen (big blind) collected (40)
Seat 3: Mahu2021 (button) (small blind) folded before Flop



PokerStars Hand #247753783363: Tournament #3688675256, $1.84+$0.16 USD Hold'em No Limit - Level III (20/40) - 2023/12/19 21:01:30 CET [2023/12/19 15:01:30 ET]
Table '3688675256 1' 3-max Seat #1 is the button
Seat 1: KGrosen (750 in chips) 
Seat 3: Mahu2021 (750 in chips) 
KGrosen: posts small blind 20
Mahu2021: posts big blind 40
*** HOLE CARDS ***
Dealt to Mahu2021 [Jc Kc]
KGrosen: calls 20
Mahu2021: checks 
*** FLOP *** [7s 9d 7d]
Mahu2021: checks 
KGrosen: bets 40
Mahu2021: folds 
Uncalled bet (40) returned to KGrosen
KGrosen collected 80 from pot
KGrosen: doesn't show hand 
*** SUMMARY ***
Total pot 80 | Rake 0 
Board [7s 9d 7d]
Seat 1: KGrosen (button) (small blind) collected (80)
Seat 3: Mahu2021 (big blind) folded on the Flop



PokerStars Hand #247753786677: Tournament #3688675256, $1.84+$0.16 USD Hold'em No Limit - Level III (20/40) - 2023/12/19 21:01:41 CET [2023/12/19 15:01:41 ET]
Table '3688675256 1' 3-max Seat #3 is the button
Seat 1: KGrosen (790 in chips) 
Seat 3: Mahu2021 (710 in chips) 
Mahu2021: posts small blind 20
KGrosen: posts big blind 40
*** HOLE CARDS ***
Dealt to Mahu2021 [2d 6s]
Mahu2021: folds 
Uncalled bet (20) returned to KGrosen
KGrosen collected 40 from pot
KGrosen: doesn't show hand 
*** SUMMARY ***
Total pot 40 | Rake 0 
Seat 1: KGrosen (big blind) collected (40)
Seat 3: Mahu2021 (button) (small blind) folded before Flop



PokerStars Hand #247753788129: Tournament #3688675256, $1.84+$0.16 USD Hold'em No Limit - Level III (20/40) - 2023/12/19 21:01:45 CET [2023/12/19 15:01:45 ET]
Table '3688675256 1' 3-max Seat #1 is the button
Seat 1: KGrosen (810 in chips) 
Seat 3: Mahu2021 (690 in chips) 
KGrosen: posts small blind 20
Mahu2021: posts big blind 40
*** HOLE CARDS ***
Dealt to Mahu2021 [6d 7h]
KGrosen: calls 20
Mahu2021: checks 
*** FLOP *** [6s 8d 2c]
Mahu2021: bets 40
KGrosen: calls 40
*** TURN *** [6s 8d 2c] [5h]
Mahu2021: checks 
KGrosen: checks 
*** RIVER *** [6s 8d 2c 5h] [7s]
Mahu2021: checks 
KGrosen: checks 
*** SHOW DOWN ***
Mahu2021: shows [6d 7h] (two pair, Sevens and Sixes)
KGrosen: mucks hand 
Mahu2021 collected 160 from pot
*** SUMMARY ***
Total pot 160 | Rake 0 
Board [6s 8d 2c 5h 7s]
Seat 1: KGrosen (button) (small blind) mucked [Jd Qh]
Seat 3: Mahu2021 (big blind) showed [6d 7h] and won (160) with two pair, Sevens and Sixes



PokerStars Hand #247753800148: Tournament #3688675256, $1.84+$0.16 USD Hold'em No Limit - Level IV (30/60) - 2023/12/19 21:02:22 CET [2023/12/19 15:02:22 ET]
Table '3688675256 1' 3-max Seat #3 is the button
Seat 1: KGrosen (730 in chips) 
Seat 3: Mahu2021 (770 in chips) 
Mahu2021: posts small blind 30
KGrosen: posts big blind 60
*** HOLE CARDS ***
Dealt to Mahu2021 [6d Qd]
Mahu2021: calls 30
KGrosen: checks 
*** FLOP *** [Ks Qh 7c]
KGrosen: checks 
Mahu2021: bets 120
KGrosen: folds 
Uncalled bet (120) returned to Mahu2021
Mahu2021 collected 120 from pot
Mahu2021: doesn't show hand 
*** SUMMARY ***
Total pot 120 | Rake 0 
Board [Ks Qh 7c]
Seat 1: KGrosen (big blind) folded on the Flop
Seat 3: Mahu2021 (button) (small blind) collected (120)



PokerStars Hand #247753812136: Tournament #3688675256, $1.84+$0.16 USD Hold'em No Limit - Level IV (30/60) - 2023/12/19 21:02:58 CET [2023/12/19 15:02:58 ET]
Table '3688675256 1' 3-max Seat #1 is the button
Seat 1: KGrosen (670 in chips) 
Seat 3: Mahu2021 (830 in chips) 
KGrosen: posts small blind 30
Mahu2021: posts big blind 60
*** HOLE CARDS ***
Dealt to Mahu2021 [4s 7c]
KGrosen: calls 30
Mahu2021: checks 
*** FLOP *** [8h 7h 8s]
Mahu2021: checks 
KGrosen: checks 
*** TURN *** [8h 7h 8s] [6s]
Mahu2021: bets 60
KGrosen: calls 60
*** RIVER *** [8h 7h 8s 6s] [9s]
Mahu2021: checks 
KGrosen: checks 
*** SHOW DOWN ***
Mahu2021: shows [4s 7c] (two pair, Eights and Sevens)
KGrosen: shows [Kc 9c] (two pair, Nines and Eights)
KGrosen collected 240 from pot
*** SUMMARY ***
Total pot 240 | Rake 0 
Board [8h 7h 8s 6s 9s]
Seat 1: KGrosen (button) (small blind) showed [Kc 9c] and won (240) with two pair, Nines and Eights
Seat 3: Mahu2021 (big blind) showed [4s 7c] and lost with two pair, Eights and Sevens



PokerStars Hand #247753821537: Tournament #3688675256, $1.84+$0.16 USD Hold'em No Limit - Level IV (30/60) - 2023/12/19 21:03:27 CET [2023/12/19 15:03:27 ET]
Table '3688675256 1' 3-max Seat #3 is the button
Seat 1: KGrosen (790 in chips) 
Seat 3: Mahu2021 (710 in chips) 
Mahu2021: posts small blind 30
KGrosen: posts big blind 60
*** HOLE CARDS ***
Dealt to Mahu2021 [9c Qc]
Mahu2021: raises 60 to 120
KGrosen: calls 60
*** FLOP *** [7c 3h 9s]
KGrosen: checks 
Mahu2021: bets 240
KGrosen: calls 240
*** TURN *** [7c 3h 9s] [8c]
KGrosen: checks 
Mahu2021: bets 350 and is all-in
KGrosen: calls 350
*** RIVER *** [7c 3h 9s 8c] [5c]
*** SHOW DOWN ***
KGrosen: shows [Th Kh] (high card King)
Mahu2021: shows [9c Qc] (a flush, Queen high)
Mahu2021 collected 1420 from pot
*** SUMMARY ***
Total pot 1420 | Rake 0 
Board [7c 3h 9s 8c 5c]
Seat 1: KGrosen (big blind) showed [Th Kh] and lost with high card King
Seat 3: Mahu2021 (button) (small blind) showed [9c Qc] and won (1420) with a flush, Queen high



PokerStars Hand #247753830839: Tournament #3688675256, $1.84+$0.16 USD Hold'em No Limit - Level V (40/80) - 2023/12/19 21:03:55 CET [2023/12/19 15:03:55 ET]
Table '3688675256 1' 3-max Seat #1 is the button
Seat 1: KGrosen (80 in chips) 
Seat 3: Mahu2021 (1420 in chips) 
KGrosen: posts small blind 40
Mahu2021: posts big blind 80
*** HOLE CARDS ***
Dealt to Mahu2021 [Ac 5c]
KGrosen: calls 40 and is all-in
*** FLOP *** [8c Th 7h]
*** TURN *** [8c Th 7h] [2s]
*** RIVER *** [8c Th 7h 2s] [9s]
*** SHOW DOWN ***
Mahu2021: shows [Ac 5c] (high card Ace)
KGrosen: shows [Qd 4c] (high card Queen)
Mahu2021 collected 160 from pot
KGrosen finished the tournament in 2nd place
Mahu2021 wins the tournament and receives $4.00 - congratulations!
*** SUMMARY ***
Total pot 160 | Rake 0 
Board [8c Th 7h 2s 9s]
Seat 1: KGrosen (button) (small blind) showed [Qd 4c] and lost with high card Queen
Seat 3: Mahu2021 (big blind) showed [Ac 5c] and won (160) with high card Ace



