PokerStars Hand #254812779506: Tournament #3857694475, $4.60+$0.40 USD Hold'em No Limit - Level I (10/20) - 2025/02/11 10:25:22 CET [2025/02/11 4:25:22 ET]
Table '3857694475 1' 3-max Seat #1 is the button
Seat 1: Mahu2021 (500 in chips) 
Seat 2: kostyara (500 in chips) 
Seat 3: ginsiuks85 (500 in chips) 
kostyara: posts small blind 10
ginsiuks85: posts big blind 20
*** HOLE CARDS ***
Dealt to Mahu2021 [7c 3h]
Mahu2021: folds 
kostyara: calls 10
ginsiuks85: raises 40 to 60
kostyara: calls 40
*** FLOP *** [8c Qc 8d]
kostyara: checks 
ginsiuks85: bets 34
kostyara: calls 34
*** TURN *** [8c Qc 8d] [9c]
kostyara: checks 
ginsiuks85: checks 
*** RIVER *** [8c Qc 8d 9c] [Qh]
kostyara: bets 141
ginsiuks85: folds 
Uncalled bet (141) returned to kostyara
kostyara collected 188 from pot
kostyara: doesn't show hand 
*** SUMMARY ***
Total pot 188 | Rake 0 
Board [8c Qc 8d 9c Qh]
Seat 1: Mahu2021 (button) folded before Flop (didn't bet)
Seat 2: kostyara (small blind) collected (188)
Seat 3: ginsiuks85 (big blind) folded on the River



PokerStars Hand #254812784328: Tournament #3857694475, $4.60+$0.40 USD Hold'em No Limit - Level I (10/20) - 2025/02/11 10:26:14 CET [2025/02/11 4:26:14 ET]
Table '3857694475 1' 3-max Seat #2 is the button
Seat 1: Mahu2021 (500 in chips) 
Seat 2: kostyara (594 in chips) 
Seat 3: ginsiuks85 (406 in chips) 
ginsiuks85: posts small blind 10
Mahu2021: posts big blind 20
*** HOLE CARDS ***
Dealt to Mahu2021 [4d Qd]
kostyara: folds 
ginsiuks85: folds 
Uncalled bet (10) returned to Mahu2021
Mahu2021 collected 20 from pot
Mahu2021: doesn't show hand 
*** SUMMARY ***
Total pot 20 | Rake 0 
Seat 1: Mahu2021 (big blind) collected (20)
Seat 2: kostyara (button) folded before Flop (didn't bet)
Seat 3: ginsiuks85 (small blind) folded before Flop



PokerStars Hand #254812785508: Tournament #3857694475, $4.60+$0.40 USD Hold'em No Limit - Level I (10/20) - 2025/02/11 10:26:26 CET [2025/02/11 4:26:26 ET]
Table '3857694475 1' 3-max Seat #3 is the button
Seat 1: Mahu2021 (510 in chips) 
Seat 2: kostyara (594 in chips) 
Seat 3: ginsiuks85 (396 in chips) 
Mahu2021: posts small blind 10
kostyara: posts big blind 20
*** HOLE CARDS ***
Dealt to Mahu2021 [7d As]
ginsiuks85: folds 
Mahu2021: raises 20 to 40
kostyara: calls 20
*** FLOP *** [8s Jc Th]
Mahu2021: checks 
kostyara: bets 40
Mahu2021: folds 
Uncalled bet (40) returned to kostyara
kostyara collected 80 from pot
kostyara: doesn't show hand 
*** SUMMARY ***
Total pot 80 | Rake 0 
Board [8s Jc Th]
Seat 1: Mahu2021 (small blind) folded on the Flop
Seat 2: kostyara (big blind) collected (80)
Seat 3: ginsiuks85 (button) folded before Flop (didn't bet)



PokerStars Hand #254812787696: Tournament #3857694475, $4.60+$0.40 USD Hold'em No Limit - Level I (10/20) - 2025/02/11 10:26:50 CET [2025/02/11 4:26:50 ET]
Table '3857694475 1' 3-max Seat #1 is the button
Seat 1: Mahu2021 (470 in chips) 
Seat 2: kostyara (634 in chips) 
Seat 3: ginsiuks85 (396 in chips) 
kostyara: posts small blind 10
ginsiuks85: posts big blind 20
*** HOLE CARDS ***
Dealt to Mahu2021 [2c 4h]
Mahu2021: folds 
kostyara: calls 10
ginsiuks85: raises 40 to 60
kostyara: folds 
Uncalled bet (40) returned to ginsiuks85
ginsiuks85 collected 40 from pot
*** SUMMARY ***
Total pot 40 | Rake 0 
Seat 1: Mahu2021 (button) folded before Flop (didn't bet)
Seat 2: kostyara (small blind) folded before Flop
Seat 3: ginsiuks85 (big blind) collected (40)



PokerStars Hand #254812789748: Tournament #3857694475, $4.60+$0.40 USD Hold'em No Limit - Level I (10/20) - 2025/02/11 10:27:12 CET [2025/02/11 4:27:12 ET]
Table '3857694475 1' 3-max Seat #2 is the button
Seat 1: Mahu2021 (470 in chips) 
Seat 2: kostyara (614 in chips) 
Seat 3: ginsiuks85 (416 in chips) 
ginsiuks85: posts small blind 10
Mahu2021: posts big blind 20
*** HOLE CARDS ***
Dealt to Mahu2021 [4s 6d]
kostyara: folds 
ginsiuks85: folds 
Uncalled bet (10) returned to Mahu2021
Mahu2021 collected 20 from pot
Mahu2021: doesn't show hand 
*** SUMMARY ***
Total pot 20 | Rake 0 
Seat 1: Mahu2021 (big blind) collected (20)
Seat 2: kostyara (button) folded before Flop (didn't bet)
Seat 3: ginsiuks85 (small blind) folded before Flop



PokerStars Hand #254812790239: Tournament #3857694475, $4.60+$0.40 USD Hold'em No Limit - Level I (10/20) - 2025/02/11 10:27:17 CET [2025/02/11 4:27:17 ET]
Table '3857694475 1' 3-max Seat #3 is the button
Seat 1: Mahu2021 (480 in chips) 
Seat 2: kostyara (614 in chips) 
Seat 3: ginsiuks85 (406 in chips) 
Mahu2021: posts small blind 10
kostyara: posts big blind 20
*** HOLE CARDS ***
Dealt to Mahu2021 [Qh Tc]
ginsiuks85: folds 
Mahu2021: raises 20 to 40
kostyara: raises 50 to 90
Mahu2021: calls 50
*** FLOP *** [3d 6s Qc]
Mahu2021: bets 390 and is all-in
kostyara: calls 390
*** TURN *** [3d 6s Qc] [As]
*** RIVER *** [3d 6s Qc As] [2s]
*** SHOW DOWN ***
Mahu2021: shows [Qh Tc] (a pair of Queens)
kostyara: shows [Ac Ah] (three of a kind, Aces)
kostyara collected 960 from pot
Mahu2021 finished the tournament in 3rd place
*** SUMMARY ***
Total pot 960 | Rake 0 
Board [3d 6s Qc As 2s]
Seat 1: Mahu2021 (small blind) showed [Qh Tc] and lost with a pair of Queens
Seat 2: kostyara (big blind) showed [Ac Ah] and won (960) with three of a kind, Aces
Seat 3: ginsiuks85 (button) folded before Flop (didn't bet)



