PokerStars Hand #246975759094: Tournament #3669513368, $1.84+$0.16 USD Hold'em No Limit - Level I (10/20) - 2023/11/07 12:11:12 CET [2023/11/07 6:11:12 ET]
Table '3669513368 1' 3-max Seat #1 is the button
Seat 1: Mahu2021 (500 in chips) 
Seat 2: Andrys250 (500 in chips) 
Seat 3: hirowaku (500 in chips) 
Andrys250: posts small blind 10
hirowaku: posts big blind 20
*** HOLE CARDS ***
Dealt to Mahu2021 [3h 9s]
Mahu2021: folds 
Andrys250: calls 10
hirowaku: checks 
*** FLOP *** [Ac 8c Ks]
Andrys250: checks 
hirowaku: bets 20
Andrys250: folds 
Uncalled bet (20) returned to hirowaku
hirowaku collected 40 from pot
hirowaku: doesn't show hand 
*** SUMMARY ***
Total pot 40 | Rake 0 
Board [Ac 8c Ks]
Seat 1: Mahu2021 (button) folded before Flop (didn't bet)
Seat 2: Andrys250 (small blind) folded on the Flop
Seat 3: hirowaku (big blind) collected (40)



PokerStars Hand #246975761134: Tournament #3669513368, $1.84+$0.16 USD Hold'em No Limit - Level I (10/20) - 2023/11/07 12:11:26 CET [2023/11/07 6:11:26 ET]
Table '3669513368 1' 3-max Seat #2 is the button
Seat 1: Mahu2021 (500 in chips) 
Seat 2: Andrys250 (480 in chips) 
Seat 3: hirowaku (520 in chips) 
hirowaku: posts small blind 10
Mahu2021: posts big blind 20
*** HOLE CARDS ***
Dealt to Mahu2021 [7c Jh]
Andrys250: calls 20
hirowaku: folds 
Mahu2021: checks 
*** FLOP *** [Td 4d 5h]
Mahu2021: checks 
Andrys250: checks 
*** TURN *** [Td 4d 5h] [2c]
Mahu2021: checks 
Andrys250: checks 
*** RIVER *** [Td 4d 5h 2c] [5d]
Mahu2021: bets 20
Andrys250: folds 
Uncalled bet (20) returned to Mahu2021
Mahu2021 collected 50 from pot
Mahu2021: doesn't show hand 
*** SUMMARY ***
Total pot 50 | Rake 0 
Board [Td 4d 5h 2c 5d]
Seat 1: Mahu2021 (big blind) collected (50)
Seat 2: Andrys250 (button) folded on the River
Seat 3: hirowaku (small blind) folded before Flop



PokerStars Hand #246975763738: Tournament #3669513368, $1.84+$0.16 USD Hold'em No Limit - Level I (10/20) - 2023/11/07 12:11:44 CET [2023/11/07 6:11:44 ET]
Table '3669513368 1' 3-max Seat #3 is the button
Seat 1: Mahu2021 (530 in chips) 
Seat 2: Andrys250 (460 in chips) 
Seat 3: hirowaku (510 in chips) 
Mahu2021: posts small blind 10
Andrys250: posts big blind 20
*** HOLE CARDS ***
Dealt to Mahu2021 [2s 7d]
hirowaku: raises 40 to 60
Mahu2021: folds 
Andrys250: calls 40
*** FLOP *** [Kh 4d Th]
Andrys250: checks 
hirowaku: bets 65
Andrys250: folds 
Uncalled bet (65) returned to hirowaku
hirowaku collected 130 from pot
hirowaku: doesn't show hand 
*** SUMMARY ***
Total pot 130 | Rake 0 
Board [Kh 4d Th]
Seat 1: Mahu2021 (small blind) folded before Flop
Seat 2: Andrys250 (big blind) folded on the Flop
Seat 3: hirowaku (button) collected (130)



PokerStars Hand #246975765641: Tournament #3669513368, $1.84+$0.16 USD Hold'em No Limit - Level I (10/20) - 2023/11/07 12:11:57 CET [2023/11/07 6:11:57 ET]
Table '3669513368 1' 3-max Seat #1 is the button
Seat 1: Mahu2021 (520 in chips) 
Seat 2: Andrys250 (400 in chips) 
Seat 3: hirowaku (580 in chips) 
Andrys250: posts small blind 10
hirowaku: posts big blind 20
*** HOLE CARDS ***
Dealt to Mahu2021 [Ks 2s]
Mahu2021: raises 20 to 40
Andrys250: folds 
hirowaku: calls 20
*** FLOP *** [2d 8c 4c]
hirowaku: bets 45
Mahu2021: calls 45
*** TURN *** [2d 8c 4c] [Jc]
hirowaku: bets 90
Mahu2021: folds 
Uncalled bet (90) returned to hirowaku
hirowaku collected 180 from pot
hirowaku: doesn't show hand 
*** SUMMARY ***
Total pot 180 | Rake 0 
Board [2d 8c 4c Jc]
Seat 1: Mahu2021 (button) folded on the Turn
Seat 2: Andrys250 (small blind) folded before Flop
Seat 3: hirowaku (big blind) collected (180)



PokerStars Hand #246975768273: Tournament #3669513368, $1.84+$0.16 USD Hold'em No Limit - Level I (10/20) - 2023/11/07 12:12:16 CET [2023/11/07 6:12:16 ET]
Table '3669513368 1' 3-max Seat #2 is the button
Seat 1: Mahu2021 (435 in chips) 
Seat 2: Andrys250 (390 in chips) 
Seat 3: hirowaku (675 in chips) 
hirowaku: posts small blind 10
Mahu2021: posts big blind 20
*** HOLE CARDS ***
Dealt to Mahu2021 [Js 9c]
Andrys250: calls 20
hirowaku: folds 
Mahu2021: checks 
*** FLOP *** [7s Ah 5h]
Mahu2021: checks 
Andrys250: checks 
*** TURN *** [7s Ah 5h] [Ac]
Mahu2021: bets 20
Andrys250: folds 
Uncalled bet (20) returned to Mahu2021
Mahu2021 collected 50 from pot
Mahu2021: doesn't show hand 
*** SUMMARY ***
Total pot 50 | Rake 0 
Board [7s Ah 5h Ac]
Seat 1: Mahu2021 (big blind) collected (50)
Seat 2: Andrys250 (button) folded on the Turn
Seat 3: hirowaku (small blind) folded before Flop



PokerStars Hand #246975770101: Tournament #3669513368, $1.84+$0.16 USD Hold'em No Limit - Level I (10/20) - 2023/11/07 12:12:28 CET [2023/11/07 6:12:28 ET]
Table '3669513368 1' 3-max Seat #3 is the button
Seat 1: Mahu2021 (465 in chips) 
Seat 2: Andrys250 (370 in chips) 
Seat 3: hirowaku (665 in chips) 
Mahu2021: posts small blind 10
Andrys250: posts big blind 20
*** HOLE CARDS ***
Dealt to Mahu2021 [Jc 9d]
hirowaku: raises 20 to 40
Mahu2021: calls 30
Andrys250: calls 20
*** FLOP *** [9s Td 6s]
Mahu2021: checks 
Andrys250: checks 
hirowaku: bets 60
Mahu2021: calls 60
Andrys250: folds 
*** TURN *** [9s Td 6s] [4s]
Mahu2021: checks 
hirowaku: checks 
*** RIVER *** [9s Td 6s 4s] [Jd]
Mahu2021: bets 240
hirowaku: folds 
Uncalled bet (240) returned to Mahu2021
Mahu2021 collected 240 from pot
Mahu2021: doesn't show hand 
*** SUMMARY ***
Total pot 240 | Rake 0 
Board [9s Td 6s 4s Jd]
Seat 1: Mahu2021 (small blind) collected (240)
Seat 2: Andrys250 (big blind) folded on the Flop
Seat 3: hirowaku (button) folded on the River



PokerStars Hand #246975775035: Tournament #3669513368, $1.84+$0.16 USD Hold'em No Limit - Level I (10/20) - 2023/11/07 12:13:03 CET [2023/11/07 6:13:03 ET]
Table '3669513368 1' 3-max Seat #1 is the button
Seat 1: Mahu2021 (605 in chips) 
Seat 2: Andrys250 (330 in chips) 
Seat 3: hirowaku (565 in chips) 
Andrys250: posts small blind 10
hirowaku: posts big blind 20
*** HOLE CARDS ***
Dealt to Mahu2021 [Ad 6d]
Mahu2021: raises 20 to 40
Andrys250: calls 30
hirowaku: folds 
*** FLOP *** [5h Tc Qh]
Andrys250: checks 
Mahu2021: checks 
*** TURN *** [5h Tc Qh] [Kh]
Andrys250: checks 
Mahu2021: checks 
*** RIVER *** [5h Tc Qh Kh] [4s]
Andrys250: checks 
Mahu2021: checks 
*** SHOW DOWN ***
Andrys250: shows [Ah 3d] (high card Ace)
Mahu2021: shows [Ad 6d] (high card Ace - King+Queen+Ten+Six kicker)
Mahu2021 collected 100 from pot
*** SUMMARY ***
Total pot 100 | Rake 0 
Board [5h Tc Qh Kh 4s]
Seat 1: Mahu2021 (button) showed [Ad 6d] and won (100) with high card Ace
Seat 2: Andrys250 (small blind) showed [Ah 3d] and lost with high card Ace
Seat 3: hirowaku (big blind) folded before Flop



PokerStars Hand #246975778434: Tournament #3669513368, $1.84+$0.16 USD Hold'em No Limit - Level I (10/20) - 2023/11/07 12:13:26 CET [2023/11/07 6:13:26 ET]
Table '3669513368 1' 3-max Seat #2 is the button
Seat 1: Mahu2021 (665 in chips) 
Seat 2: Andrys250 (290 in chips) 
Seat 3: hirowaku (545 in chips) 
hirowaku: posts small blind 10
Mahu2021: posts big blind 20
*** HOLE CARDS ***
Dealt to Mahu2021 [3h Kc]
Andrys250: calls 20
hirowaku: raises 525 to 545 and is all-in
Mahu2021: folds 
Andrys250: folds 
Uncalled bet (525) returned to hirowaku
hirowaku collected 60 from pot
hirowaku: doesn't show hand 
*** SUMMARY ***
Total pot 60 | Rake 0 
Seat 1: Mahu2021 (big blind) folded before Flop
Seat 2: Andrys250 (button) folded before Flop
Seat 3: hirowaku (small blind) collected (60)



PokerStars Hand #246975779876: Tournament #3669513368, $1.84+$0.16 USD Hold'em No Limit - Level I (10/20) - 2023/11/07 12:13:36 CET [2023/11/07 6:13:36 ET]
Table '3669513368 1' 3-max Seat #3 is the button
Seat 1: Mahu2021 (645 in chips) 
Seat 2: Andrys250 (270 in chips) 
Seat 3: hirowaku (585 in chips) 
Mahu2021: posts small blind 10
Andrys250: posts big blind 20
*** HOLE CARDS ***
Dealt to Mahu2021 [Qc 3c]
hirowaku: raises 20 to 40
Mahu2021: calls 30
Andrys250: calls 20
*** FLOP *** [Td 8c Ah]
Mahu2021: checks 
Andrys250: checks 
hirowaku: bets 60
Mahu2021: folds 
Andrys250: calls 60
*** TURN *** [Td 8c Ah] [2c]
Andrys250: checks 
hirowaku: bets 120
Andrys250: folds 
Uncalled bet (120) returned to hirowaku
hirowaku collected 240 from pot
hirowaku: doesn't show hand 
*** SUMMARY ***
Total pot 240 | Rake 0 
Board [Td 8c Ah 2c]
Seat 1: Mahu2021 (small blind) folded on the Flop
Seat 2: Andrys250 (big blind) folded on the Turn
Seat 3: hirowaku (button) collected (240)



PokerStars Hand #246975784433: Tournament #3669513368, $1.84+$0.16 USD Hold'em No Limit - Level I (10/20) - 2023/11/07 12:14:08 CET [2023/11/07 6:14:08 ET]
Table '3669513368 1' 3-max Seat #1 is the button
Seat 1: Mahu2021 (605 in chips) 
Seat 2: Andrys250 (170 in chips) 
Seat 3: hirowaku (725 in chips) 
Andrys250: posts small blind 10
hirowaku: posts big blind 20
*** HOLE CARDS ***
Dealt to Mahu2021 [4d Jh]
Mahu2021: folds 
Andrys250: raises 150 to 170 and is all-in
hirowaku: calls 150
*** FLOP *** [Kh 9d Ks]
*** TURN *** [Kh 9d Ks] [Kd]
*** RIVER *** [Kh 9d Ks Kd] [7c]
*** SHOW DOWN ***
Andrys250: shows [Jc Jd] (a full house, Kings full of Jacks)
hirowaku: shows [Td Qh] (three of a kind, Kings)
Andrys250 collected 340 from pot
*** SUMMARY ***
Total pot 340 | Rake 0 
Board [Kh 9d Ks Kd 7c]
Seat 1: Mahu2021 (button) folded before Flop (didn't bet)
Seat 2: Andrys250 (small blind) showed [Jc Jd] and won (340) with a full house, Kings full of Jacks
Seat 3: hirowaku (big blind) showed [Td Qh] and lost with three of a kind, Kings



PokerStars Hand #246975787394: Tournament #3669513368, $1.84+$0.16 USD Hold'em No Limit - Level II (15/30) - 2023/11/07 12:14:29 CET [2023/11/07 6:14:29 ET]
Table '3669513368 1' 3-max Seat #2 is the button
Seat 1: Mahu2021 (605 in chips) 
Seat 2: Andrys250 (340 in chips) 
Seat 3: hirowaku (555 in chips) 
hirowaku: posts small blind 15
Mahu2021: posts big blind 30
*** HOLE CARDS ***
Dealt to Mahu2021 [2c Kh]
Andrys250: calls 30
hirowaku: folds 
Mahu2021: checks 
*** FLOP *** [5c 2d Jh]
Mahu2021: checks 
Andrys250: checks 
*** TURN *** [5c 2d Jh] [Jd]
Mahu2021: bets 30
Andrys250: calls 30
*** RIVER *** [5c 2d Jh Jd] [9c]
Mahu2021: checks 
Andrys250: checks 
*** SHOW DOWN ***
Mahu2021: shows [2c Kh] (two pair, Jacks and Deuces)
Andrys250: mucks hand 
Mahu2021 collected 135 from pot
*** SUMMARY ***
Total pot 135 | Rake 0 
Board [5c 2d Jh Jd 9c]
Seat 1: Mahu2021 (big blind) showed [2c Kh] and won (135) with two pair, Jacks and Deuces
Seat 2: Andrys250 (button) mucked [Qs Kc]
Seat 3: hirowaku (small blind) folded before Flop



PokerStars Hand #246975790467: Tournament #3669513368, $1.84+$0.16 USD Hold'em No Limit - Level II (15/30) - 2023/11/07 12:14:50 CET [2023/11/07 6:14:50 ET]
Table '3669513368 1' 3-max Seat #3 is the button
Seat 1: Mahu2021 (680 in chips) 
Seat 2: Andrys250 (280 in chips) 
Seat 3: hirowaku (540 in chips) 
Mahu2021: posts small blind 15
Andrys250: posts big blind 30
*** HOLE CARDS ***
Dealt to Mahu2021 [7c 4s]
hirowaku: raises 30 to 60
Mahu2021: folds 
Andrys250: calls 30
*** FLOP *** [Qh Ts 7h]
Andrys250: checks 
hirowaku: bets 68
Andrys250: folds 
Uncalled bet (68) returned to hirowaku
hirowaku collected 135 from pot
hirowaku: doesn't show hand 
*** SUMMARY ***
Total pot 135 | Rake 0 
Board [Qh Ts 7h]
Seat 1: Mahu2021 (small blind) folded before Flop
Seat 2: Andrys250 (big blind) folded on the Flop
Seat 3: hirowaku (button) collected (135)



PokerStars Hand #246975795066: Tournament #3669513368, $1.84+$0.16 USD Hold'em No Limit - Level II (15/30) - 2023/11/07 12:15:21 CET [2023/11/07 6:15:21 ET]
Table '3669513368 1' 3-max Seat #1 is the button
Seat 1: Mahu2021 (665 in chips) 
Seat 2: Andrys250 (220 in chips) 
Seat 3: hirowaku (615 in chips) 
Andrys250: posts small blind 15
hirowaku: posts big blind 30
*** HOLE CARDS ***
Dealt to Mahu2021 [Qd Kc]
Mahu2021: raises 30 to 60
Andrys250: folds 
hirowaku: raises 30 to 90
Mahu2021: calls 30
*** FLOP *** [Js Qc 7d]
hirowaku: bets 98
Mahu2021: raises 477 to 575 and is all-in
hirowaku: calls 427 and is all-in
Uncalled bet (50) returned to Mahu2021
*** TURN *** [Js Qc 7d] [6d]
*** RIVER *** [Js Qc 7d 6d] [5h]
*** SHOW DOWN ***
hirowaku: shows [Ah Ac] (a pair of Aces)
Mahu2021: shows [Qd Kc] (a pair of Queens)
hirowaku collected 1245 from pot
*** SUMMARY ***
Total pot 1245 | Rake 0 
Board [Js Qc 7d 6d 5h]
Seat 1: Mahu2021 (button) showed [Qd Kc] and lost with a pair of Queens
Seat 2: Andrys250 (small blind) folded before Flop
Seat 3: hirowaku (big blind) showed [Ah Ac] and won (1245) with a pair of Aces



PokerStars Hand #246975799136: Tournament #3669513368, $1.84+$0.16 USD Hold'em No Limit - Level II (15/30) - 2023/11/07 12:15:49 CET [2023/11/07 6:15:49 ET]
Table '3669513368 1' 3-max Seat #2 is the button
Seat 1: Mahu2021 (50 in chips) 
Seat 2: Andrys250 (205 in chips) 
Seat 3: hirowaku (1245 in chips) 
hirowaku: posts small blind 15
Mahu2021: posts big blind 30
*** HOLE CARDS ***
Dealt to Mahu2021 [Th 8h]
Andrys250: folds 
hirowaku: raises 30 to 60
Mahu2021: calls 20 and is all-in
Uncalled bet (10) returned to hirowaku
*** FLOP *** [Ac Ts 6s]
*** TURN *** [Ac Ts 6s] [Ah]
*** RIVER *** [Ac Ts 6s Ah] [7s]
*** SHOW DOWN ***
hirowaku: shows [Kc 2s] (a pair of Aces)
Mahu2021: shows [Th 8h] (two pair, Aces and Tens)
Mahu2021 collected 100 from pot
*** SUMMARY ***
Total pot 100 | Rake 0 
Board [Ac Ts 6s Ah 7s]
Seat 1: Mahu2021 (big blind) showed [Th 8h] and won (100) with two pair, Aces and Tens
Seat 2: Andrys250 (button) folded before Flop (didn't bet)
Seat 3: hirowaku (small blind) showed [Kc 2s] and lost with a pair of Aces



PokerStars Hand #246975801199: Tournament #3669513368, $1.84+$0.16 USD Hold'em No Limit - Level II (15/30) - 2023/11/07 12:16:03 CET [2023/11/07 6:16:03 ET]
Table '3669513368 1' 3-max Seat #3 is the button
Seat 1: Mahu2021 (100 in chips) 
Seat 2: Andrys250 (205 in chips) 
Seat 3: hirowaku (1195 in chips) 
Mahu2021: posts small blind 15
Andrys250: posts big blind 30
*** HOLE CARDS ***
Dealt to Mahu2021 [2s Kc]
hirowaku: raises 30 to 60
Mahu2021: raises 40 to 100 and is all-in
Andrys250: folds 
hirowaku: calls 40
*** FLOP *** [4d 5c Jh]
*** TURN *** [4d 5c Jh] [6d]
*** RIVER *** [4d 5c Jh 6d] [4c]
*** SHOW DOWN ***
Mahu2021: shows [2s Kc] (a pair of Fours)
hirowaku: shows [9c Tc] (a pair of Fours - lower kicker)
Mahu2021 collected 230 from pot
*** SUMMARY ***
Total pot 230 | Rake 0 
Board [4d 5c Jh 6d 4c]
Seat 1: Mahu2021 (small blind) showed [2s Kc] and won (230) with a pair of Fours
Seat 2: Andrys250 (big blind) folded before Flop
Seat 3: hirowaku (button) showed [9c Tc] and lost with a pair of Fours



PokerStars Hand #246975803835: Tournament #3669513368, $1.84+$0.16 USD Hold'em No Limit - Level II (15/30) - 2023/11/07 12:16:20 CET [2023/11/07 6:16:20 ET]
Table '3669513368 1' 3-max Seat #1 is the button
Seat 1: Mahu2021 (230 in chips) 
Seat 2: Andrys250 (175 in chips) 
Seat 3: hirowaku (1095 in chips) 
Andrys250: posts small blind 15
hirowaku: posts big blind 30
*** HOLE CARDS ***
Dealt to Mahu2021 [2h 4h]
Mahu2021: folds 
Andrys250: calls 15
hirowaku: checks 
*** FLOP *** [2c Jd 4s]
Andrys250: checks 
hirowaku: checks 
*** TURN *** [2c Jd 4s] [Th]
Andrys250: checks 
hirowaku: bets 30
Andrys250: folds 
Uncalled bet (30) returned to hirowaku
hirowaku collected 60 from pot
hirowaku: doesn't show hand 
*** SUMMARY ***
Total pot 60 | Rake 0 
Board [2c Jd 4s Th]
Seat 1: Mahu2021 (button) folded before Flop (didn't bet)
Seat 2: Andrys250 (small blind) folded on the Turn
Seat 3: hirowaku (big blind) collected (60)



PokerStars Hand #246975807398: Tournament #3669513368, $1.84+$0.16 USD Hold'em No Limit - Level II (15/30) - 2023/11/07 12:16:45 CET [2023/11/07 6:16:45 ET]
Table '3669513368 1' 3-max Seat #2 is the button
Seat 1: Mahu2021 (230 in chips) 
Seat 2: Andrys250 (145 in chips) 
Seat 3: hirowaku (1125 in chips) 
hirowaku: posts small blind 15
Mahu2021: posts big blind 30
*** HOLE CARDS ***
Dealt to Mahu2021 [4h Qh]
Andrys250: calls 30
hirowaku: calls 15
Mahu2021: raises 200 to 230 and is all-in
Andrys250: calls 115 and is all-in
hirowaku: calls 200
*** FLOP *** [Td 7s 5h]
*** TURN *** [Td 7s 5h] [Jc]
*** RIVER *** [Td 7s 5h Jc] [Ks]
*** SHOW DOWN ***
hirowaku: shows [9s Jd] (a pair of Jacks)
Mahu2021: shows [4h Qh] (high card King)
hirowaku collected 170 from side pot
Andrys250: shows [7d Kh] (two pair, Kings and Sevens)
Andrys250 collected 435 from main pot
Mahu2021 finished the tournament in 3rd place
*** SUMMARY ***
Total pot 605 Main pot 435. Side pot 170. | Rake 0 
Board [Td 7s 5h Jc Ks]
Seat 1: Mahu2021 (big blind) showed [4h Qh] and lost with high card King
Seat 2: Andrys250 (button) showed [7d Kh] and won (435) with two pair, Kings and Sevens
Seat 3: hirowaku (small blind) showed [9s Jd] and won (170) with a pair of Jacks



