PokerStars Hand #253035903584: Tournament #3814948939, $1.84+$0.16 USD Hold'em No Limit - Level I (10/20) - 2024/10/21 18:14:27 CET [2024/10/21 12:14:27 ET]
Table '3814948939 1' 3-max Seat #1 is the button
Seat 1: Mahu2021 (500 in chips) 
Seat 2: Dof40 (500 in chips) 
Seat 3: elBrcandele (500 in chips) 
Dof40: posts small blind 10
elBrcandele: posts big blind 20
*** HOLE CARDS ***
Dealt to Mahu2021 [2h 2c]
Mahu2021: calls 20
Dof40: calls 10
elBrcandele: checks 
*** FLOP *** [Qd Ad 3h]
Dof40: checks 
elBrcandele: checks 
Mahu2021: checks 
*** TURN *** [Qd Ad 3h] [7h]
Dof40: checks 
elBrcandele: bets 47
Mahu2021: folds 
Dof40: folds 
Uncalled bet (47) returned to elBrcandele
elBrcandele collected 60 from pot
*** SUMMARY ***
Total pot 60 | Rake 0 
Board [Qd Ad 3h 7h]
Seat 1: Mahu2021 (button) folded on the Turn
Seat 2: Dof40 (small blind) folded on the Turn
Seat 3: elBrcandele (big blind) collected (60)



PokerStars Hand #253035908831: Tournament #3814948939, $1.84+$0.16 USD Hold'em No Limit - Level I (10/20) - 2024/10/21 18:14:49 CET [2024/10/21 12:14:49 ET]
Table '3814948939 1' 3-max Seat #2 is the button
Seat 1: Mahu2021 (480 in chips) 
Seat 2: Dof40 (480 in chips) 
Seat 3: elBrcandele (540 in chips) 
elBrcandele: posts small blind 10
Mahu2021: posts big blind 20
*** HOLE CARDS ***
Dealt to Mahu2021 [Js Ks]
Dof40: calls 20
elBrcandele: folds 
Mahu2021: checks 
*** FLOP *** [8h Jc 9s]
Mahu2021: bets 20
Dof40: calls 20
*** TURN *** [8h Jc 9s] [9h]
Mahu2021: bets 20
Dof40: calls 20
*** RIVER *** [8h Jc 9s 9h] [9c]
Mahu2021: bets 20
Dof40: raises 170 to 190
Mahu2021: calls 170
*** SHOW DOWN ***
Dof40: shows [Th 9d] (four of a kind, Nines)
Mahu2021: mucks hand 
Dof40 collected 510 from pot
*** SUMMARY ***
Total pot 510 | Rake 0 
Board [8h Jc 9s 9h 9c]
Seat 1: Mahu2021 (big blind) mucked [Js Ks]
Seat 2: Dof40 (button) showed [Th 9d] and won (510) with four of a kind, Nines
Seat 3: elBrcandele (small blind) folded before Flop



PokerStars Hand #253035913142: Tournament #3814948939, $1.84+$0.16 USD Hold'em No Limit - Level I (10/20) - 2024/10/21 18:15:08 CET [2024/10/21 12:15:08 ET]
Table '3814948939 1' 3-max Seat #3 is the button
Seat 1: Mahu2021 (230 in chips) 
Seat 2: Dof40 (740 in chips) 
Seat 3: elBrcandele (530 in chips) 
Mahu2021: posts small blind 10
Dof40: posts big blind 20
*** HOLE CARDS ***
Dealt to Mahu2021 [Js 5c]
elBrcandele: raises 57 to 77
Mahu2021: folds 
Dof40: folds 
Uncalled bet (57) returned to elBrcandele
elBrcandele collected 50 from pot
*** SUMMARY ***
Total pot 50 | Rake 0 
Seat 1: Mahu2021 (small blind) folded before Flop
Seat 2: Dof40 (big blind) folded before Flop
Seat 3: elBrcandele (button) collected (50)



PokerStars Hand #253035916151: Tournament #3814948939, $1.84+$0.16 USD Hold'em No Limit - Level I (10/20) - 2024/10/21 18:15:21 CET [2024/10/21 12:15:21 ET]
Table '3814948939 1' 3-max Seat #1 is the button
Seat 1: Mahu2021 (220 in chips) 
Seat 2: Dof40 (720 in chips) 
Seat 3: elBrcandele (560 in chips) 
Dof40: posts small blind 10
elBrcandele: posts big blind 20
*** HOLE CARDS ***
Dealt to Mahu2021 [Js Ah]
Mahu2021: raises 20 to 40
Dof40: calls 30
elBrcandele: calls 20
*** FLOP *** [9h 8d 4s]
Dof40: checks 
elBrcandele: bets 120
Mahu2021: folds 
Dof40: calls 120
*** TURN *** [9h 8d 4s] [5s]
Dof40: checks 
elBrcandele: bets 180
Dof40: folds 
Uncalled bet (180) returned to elBrcandele
elBrcandele collected 360 from pot
*** SUMMARY ***
Total pot 360 | Rake 0 
Board [9h 8d 4s 5s]
Seat 1: Mahu2021 (button) folded on the Flop
Seat 2: Dof40 (small blind) folded on the Turn
Seat 3: elBrcandele (big blind) collected (360)



PokerStars Hand #253035921713: Tournament #3814948939, $1.84+$0.16 USD Hold'em No Limit - Level I (10/20) - 2024/10/21 18:15:45 CET [2024/10/21 12:15:45 ET]
Table '3814948939 1' 3-max Seat #2 is the button
Seat 1: Mahu2021 (180 in chips) 
Seat 2: Dof40 (560 in chips) 
Seat 3: elBrcandele (760 in chips) 
elBrcandele: posts small blind 10
Mahu2021: posts big blind 20
*** HOLE CARDS ***
Dealt to Mahu2021 [8h 2c]
Dof40: calls 20
elBrcandele: calls 10
Mahu2021: checks 
*** FLOP *** [Kd Ts 6c]
elBrcandele: bets 20
Mahu2021: folds 
Dof40: calls 20
*** TURN *** [Kd Ts 6c] [7c]
elBrcandele: checks 
Dof40: checks 
*** RIVER *** [Kd Ts 6c 7c] [3h]
elBrcandele: checks 
Dof40: checks 
*** SHOW DOWN ***
elBrcandele: shows [6d Ac] (a pair of Sixes)
Dof40: mucks hand 
elBrcandele collected 100 from pot
*** SUMMARY ***
Total pot 100 | Rake 0 
Board [Kd Ts 6c 7c 3h]
Seat 1: Mahu2021 (big blind) folded on the Flop
Seat 2: Dof40 (button) mucked [As 3s]
Seat 3: elBrcandele (small blind) showed [6d Ac] and won (100) with a pair of Sixes



PokerStars Hand #253035925305: Tournament #3814948939, $1.84+$0.16 USD Hold'em No Limit - Level I (10/20) - 2024/10/21 18:16:00 CET [2024/10/21 12:16:00 ET]
Table '3814948939 1' 3-max Seat #3 is the button
Seat 1: Mahu2021 (160 in chips) 
Seat 2: Dof40 (520 in chips) 
Seat 3: elBrcandele (820 in chips) 
Mahu2021: posts small blind 10
Dof40: posts big blind 20
*** HOLE CARDS ***
Dealt to Mahu2021 [2d 7d]
elBrcandele: raises 50 to 70
Mahu2021: folds 
Dof40: calls 50
*** FLOP *** [Qd 8h Jd]
Dof40: checks 
elBrcandele: checks 
*** TURN *** [Qd 8h Jd] [5c]
Dof40: bets 20
elBrcandele: calls 20
*** RIVER *** [Qd 8h Jd 5c] [2s]
Dof40: bets 20
elBrcandele: raises 120 to 140
Dof40: folds 
Uncalled bet (120) returned to elBrcandele
elBrcandele collected 230 from pot
elBrcandele: shows [Kd Ah] (high card Ace)
*** SUMMARY ***
Total pot 230 | Rake 0 
Board [Qd 8h Jd 5c 2s]
Seat 1: Mahu2021 (small blind) folded before Flop
Seat 2: Dof40 (big blind) folded on the River
Seat 3: elBrcandele (button) collected (230)



PokerStars Hand #253035930510: Tournament #3814948939, $1.84+$0.16 USD Hold'em No Limit - Level I (10/20) - 2024/10/21 18:16:23 CET [2024/10/21 12:16:23 ET]
Table '3814948939 1' 3-max Seat #1 is the button
Seat 1: Mahu2021 (150 in chips) 
Seat 2: Dof40 (410 in chips) 
Seat 3: elBrcandele (940 in chips) 
Dof40: posts small blind 10
elBrcandele: posts big blind 20
*** HOLE CARDS ***
Dealt to Mahu2021 [Kd 5h]
Mahu2021: folds 
Dof40: folds 
Uncalled bet (10) returned to elBrcandele
elBrcandele collected 20 from pot
*** SUMMARY ***
Total pot 20 | Rake 0 
Seat 1: Mahu2021 (button) folded before Flop (didn't bet)
Seat 2: Dof40 (small blind) folded before Flop
Seat 3: elBrcandele (big blind) collected (20)



PokerStars Hand #253035932016: Tournament #3814948939, $1.84+$0.16 USD Hold'em No Limit - Level I (10/20) - 2024/10/21 18:16:29 CET [2024/10/21 12:16:29 ET]
Table '3814948939 1' 3-max Seat #2 is the button
Seat 1: Mahu2021 (150 in chips) 
Seat 2: Dof40 (400 in chips) 
Seat 3: elBrcandele (950 in chips) 
elBrcandele: posts small blind 10
Mahu2021: posts big blind 20
*** HOLE CARDS ***
Dealt to Mahu2021 [9c Kh]
Dof40: calls 20
elBrcandele: calls 10
Mahu2021: raises 130 to 150 and is all-in
Dof40: calls 130
elBrcandele: folds 
*** FLOP *** [2s 2d 3h]
*** TURN *** [2s 2d 3h] [Qc]
*** RIVER *** [2s 2d 3h Qc] [9s]
*** SHOW DOWN ***
Mahu2021: shows [9c Kh] (two pair, Nines and Deuces)
Dof40: shows [Kc 7c] (a pair of Deuces)
Mahu2021 collected 320 from pot
*** SUMMARY ***
Total pot 320 | Rake 0 
Board [2s 2d 3h Qc 9s]
Seat 1: Mahu2021 (big blind) showed [9c Kh] and won (320) with two pair, Nines and Deuces
Seat 2: Dof40 (button) showed [Kc 7c] and lost with a pair of Deuces
Seat 3: elBrcandele (small blind) folded before Flop



PokerStars Hand #253035935832: Tournament #3814948939, $1.84+$0.16 USD Hold'em No Limit - Level I (10/20) - 2024/10/21 18:16:46 CET [2024/10/21 12:16:46 ET]
Table '3814948939 1' 3-max Seat #3 is the button
Seat 1: Mahu2021 (320 in chips) 
Seat 2: Dof40 (250 in chips) 
Seat 3: elBrcandele (930 in chips) 
Mahu2021: posts small blind 10
Dof40: posts big blind 20
*** HOLE CARDS ***
Dealt to Mahu2021 [4s 7s]
elBrcandele: calls 20
Mahu2021: folds 
Dof40: checks 
*** FLOP *** [Ah Qc 4d]
Dof40: checks 
elBrcandele: checks 
*** TURN *** [Ah Qc 4d] [Ad]
Dof40: checks 
elBrcandele: bets 20
Dof40: calls 20
*** RIVER *** [Ah Qc 4d Ad] [6c]
Dof40: checks 
elBrcandele: checks 
*** SHOW DOWN ***
Dof40: shows [Qd 4c] (two pair, Aces and Queens)
elBrcandele: mucks hand 
Dof40 collected 90 from pot
*** SUMMARY ***
Total pot 90 | Rake 0 
Board [Ah Qc 4d Ad 6c]
Seat 1: Mahu2021 (small blind) folded before Flop
Seat 2: Dof40 (big blind) showed [Qd 4c] and won (90) with two pair, Aces and Queens
Seat 3: elBrcandele (button) mucked [7h 9d]



PokerStars Hand #253035940579: Tournament #3814948939, $1.84+$0.16 USD Hold'em No Limit - Level I (10/20) - 2024/10/21 18:17:06 CET [2024/10/21 12:17:06 ET]
Table '3814948939 1' 3-max Seat #1 is the button
Seat 1: Mahu2021 (310 in chips) 
Seat 2: Dof40 (300 in chips) 
Seat 3: elBrcandele (890 in chips) 
Dof40: posts small blind 10
elBrcandele: posts big blind 20
*** HOLE CARDS ***
Dealt to Mahu2021 [8d 3h]
Mahu2021: folds 
Dof40: calls 10
elBrcandele: checks 
*** FLOP *** [Ks 4s 4h]
Dof40: bets 20
elBrcandele: folds 
Uncalled bet (20) returned to Dof40
Dof40 collected 40 from pot
Dof40: doesn't show hand 
*** SUMMARY ***
Total pot 40 | Rake 0 
Board [Ks 4s 4h]
Seat 1: Mahu2021 (button) folded before Flop (didn't bet)
Seat 2: Dof40 (small blind) collected (40)
Seat 3: elBrcandele (big blind) folded on the Flop



PokerStars Hand #253035942806: Tournament #3814948939, $1.84+$0.16 USD Hold'em No Limit - Level I (10/20) - 2024/10/21 18:17:16 CET [2024/10/21 12:17:16 ET]
Table '3814948939 1' 3-max Seat #2 is the button
Seat 1: Mahu2021 (310 in chips) 
Seat 2: Dof40 (320 in chips) 
Seat 3: elBrcandele (870 in chips) 
elBrcandele: posts small blind 10
Mahu2021: posts big blind 20
*** HOLE CARDS ***
Dealt to Mahu2021 [4c 8h]
Dof40: calls 20
elBrcandele: folds 
Mahu2021: checks 
*** FLOP *** [Ah Jc 3h]
Mahu2021: checks 
Dof40: checks 
*** TURN *** [Ah Jc 3h] [9s]
Mahu2021: checks 
Dof40: bets 20
Mahu2021: folds 
Uncalled bet (20) returned to Dof40
Dof40 collected 50 from pot
Dof40: doesn't show hand 
*** SUMMARY ***
Total pot 50 | Rake 0 
Board [Ah Jc 3h 9s]
Seat 1: Mahu2021 (big blind) folded on the Turn
Seat 2: Dof40 (button) collected (50)
Seat 3: elBrcandele (small blind) folded before Flop



PokerStars Hand #253035945495: Tournament #3814948939, $1.84+$0.16 USD Hold'em No Limit - Level I (10/20) - 2024/10/21 18:17:28 CET [2024/10/21 12:17:28 ET]
Table '3814948939 1' 3-max Seat #3 is the button
Seat 1: Mahu2021 (290 in chips) 
Seat 2: Dof40 (350 in chips) 
Seat 3: elBrcandele (860 in chips) 
Mahu2021: posts small blind 10
Dof40: posts big blind 20
*** HOLE CARDS ***
Dealt to Mahu2021 [Ks 5h]
elBrcandele: raises 20 to 40
Mahu2021: folds 
Dof40: folds 
Uncalled bet (20) returned to elBrcandele
elBrcandele collected 50 from pot
*** SUMMARY ***
Total pot 50 | Rake 0 
Seat 1: Mahu2021 (small blind) folded before Flop
Seat 2: Dof40 (big blind) folded before Flop
Seat 3: elBrcandele (button) collected (50)



PokerStars Hand #253035947709: Tournament #3814948939, $1.84+$0.16 USD Hold'em No Limit - Level II (15/30) - 2024/10/21 18:17:37 CET [2024/10/21 12:17:37 ET]
Table '3814948939 1' 3-max Seat #1 is the button
Seat 1: Mahu2021 (280 in chips) 
Seat 2: Dof40 (330 in chips) 
Seat 3: elBrcandele (890 in chips) 
Dof40: posts small blind 15
elBrcandele: posts big blind 30
*** HOLE CARDS ***
Dealt to Mahu2021 [5h Jd]
Mahu2021: calls 30
Dof40: calls 15
elBrcandele: raises 120 to 150
Mahu2021: folds 
Dof40: folds 
Uncalled bet (120) returned to elBrcandele
elBrcandele collected 90 from pot
*** SUMMARY ***
Total pot 90 | Rake 0 
Seat 1: Mahu2021 (button) folded before Flop
Seat 2: Dof40 (small blind) folded before Flop
Seat 3: elBrcandele (big blind) collected (90)



PokerStars Hand #253035950152: Tournament #3814948939, $1.84+$0.16 USD Hold'em No Limit - Level II (15/30) - 2024/10/21 18:17:48 CET [2024/10/21 12:17:48 ET]
Table '3814948939 1' 3-max Seat #2 is the button
Seat 1: Mahu2021 (250 in chips) 
Seat 2: Dof40 (300 in chips) 
Seat 3: elBrcandele (950 in chips) 
elBrcandele: posts small blind 15
Mahu2021: posts big blind 30
*** HOLE CARDS ***
Dealt to Mahu2021 [Qs Kc]
Dof40: folds 
elBrcandele: raises 60 to 90
Mahu2021: raises 160 to 250 and is all-in
elBrcandele: calls 160
*** FLOP *** [7d 4s Qc]
*** TURN *** [7d 4s Qc] [2c]
*** RIVER *** [7d 4s Qc 2c] [4h]
*** SHOW DOWN ***
elBrcandele: shows [As Jc] (a pair of Fours)
Mahu2021: shows [Qs Kc] (two pair, Queens and Fours)
Mahu2021 collected 500 from pot
*** SUMMARY ***
Total pot 500 | Rake 0 
Board [7d 4s Qc 2c 4h]
Seat 1: Mahu2021 (big blind) showed [Qs Kc] and won (500) with two pair, Queens and Fours
Seat 2: Dof40 (button) folded before Flop (didn't bet)
Seat 3: elBrcandele (small blind) showed [As Jc] and lost with a pair of Fours



PokerStars Hand #253035953576: Tournament #3814948939, $1.84+$0.16 USD Hold'em No Limit - Level II (15/30) - 2024/10/21 18:18:03 CET [2024/10/21 12:18:03 ET]
Table '3814948939 1' 3-max Seat #3 is the button
Seat 1: Mahu2021 (500 in chips) 
Seat 2: Dof40 (300 in chips) 
Seat 3: elBrcandele (700 in chips) 
Mahu2021: posts small blind 15
Dof40: posts big blind 30
*** HOLE CARDS ***
Dealt to Mahu2021 [2h 3c]
elBrcandele: raises 30 to 60
Mahu2021: folds 
Dof40: folds 
Uncalled bet (30) returned to elBrcandele
elBrcandele collected 75 from pot
*** SUMMARY ***
Total pot 75 | Rake 0 
Seat 1: Mahu2021 (small blind) folded before Flop
Seat 2: Dof40 (big blind) folded before Flop
Seat 3: elBrcandele (button) collected (75)



PokerStars Hand #253035954910: Tournament #3814948939, $1.84+$0.16 USD Hold'em No Limit - Level II (15/30) - 2024/10/21 18:18:08 CET [2024/10/21 12:18:08 ET]
Table '3814948939 1' 3-max Seat #1 is the button
Seat 1: Mahu2021 (485 in chips) 
Seat 2: Dof40 (270 in chips) 
Seat 3: elBrcandele (745 in chips) 
Dof40: posts small blind 15
elBrcandele: posts big blind 30
*** HOLE CARDS ***
Dealt to Mahu2021 [Qs 4s]
Mahu2021: calls 30
Dof40: calls 15
elBrcandele: raises 30 to 60
Mahu2021: calls 30
Dof40: calls 30
*** FLOP *** [5c Kc Ac]
Dof40: bets 210 and is all-in
elBrcandele: folds 
Mahu2021: folds 
Uncalled bet (210) returned to Dof40
Dof40 collected 180 from pot
Dof40: doesn't show hand 
*** SUMMARY ***
Total pot 180 | Rake 0 
Board [5c Kc Ac]
Seat 1: Mahu2021 (button) folded on the Flop
Seat 2: Dof40 (small blind) collected (180)
Seat 3: elBrcandele (big blind) folded on the Flop



PokerStars Hand #253035958299: Tournament #3814948939, $1.84+$0.16 USD Hold'em No Limit - Level II (15/30) - 2024/10/21 18:18:23 CET [2024/10/21 12:18:23 ET]
Table '3814948939 1' 3-max Seat #2 is the button
Seat 1: Mahu2021 (425 in chips) 
Seat 2: Dof40 (390 in chips) 
Seat 3: elBrcandele (685 in chips) 
elBrcandele: posts small blind 15
Mahu2021: posts big blind 30
*** HOLE CARDS ***
Dealt to Mahu2021 [Js 5c]
Dof40: folds 
elBrcandele: calls 15
Mahu2021: checks 
*** FLOP *** [4d Ah 2c]
elBrcandele: bets 30
Mahu2021: calls 30
*** TURN *** [4d Ah 2c] [3h]
elBrcandele: checks 
Mahu2021: bets 30
elBrcandele: folds 
Uncalled bet (30) returned to Mahu2021
Mahu2021 collected 120 from pot
Mahu2021: doesn't show hand 
*** SUMMARY ***
Total pot 120 | Rake 0 
Board [4d Ah 2c 3h]
Seat 1: Mahu2021 (big blind) collected (120)
Seat 2: Dof40 (button) folded before Flop (didn't bet)
Seat 3: elBrcandele (small blind) folded on the Turn



PokerStars Hand #253035961483: Tournament #3814948939, $1.84+$0.16 USD Hold'em No Limit - Level II (15/30) - 2024/10/21 18:18:36 CET [2024/10/21 12:18:36 ET]
Table '3814948939 1' 3-max Seat #3 is the button
Seat 1: Mahu2021 (485 in chips) 
Seat 2: Dof40 (390 in chips) 
Seat 3: elBrcandele (625 in chips) 
Mahu2021: posts small blind 15
Dof40: posts big blind 30
*** HOLE CARDS ***
Dealt to Mahu2021 [Qs Jh]
elBrcandele: folds 
Mahu2021: raises 30 to 60
Dof40: folds 
Uncalled bet (30) returned to Mahu2021
Mahu2021 collected 60 from pot
Mahu2021: doesn't show hand 
*** SUMMARY ***
Total pot 60 | Rake 0 
Seat 1: Mahu2021 (small blind) collected (60)
Seat 2: Dof40 (big blind) folded before Flop
Seat 3: elBrcandele (button) folded before Flop (didn't bet)



PokerStars Hand #253035962963: Tournament #3814948939, $1.84+$0.16 USD Hold'em No Limit - Level II (15/30) - 2024/10/21 18:18:43 CET [2024/10/21 12:18:43 ET]
Table '3814948939 1' 3-max Seat #1 is the button
Seat 1: Mahu2021 (515 in chips) 
Seat 2: Dof40 (360 in chips) 
Seat 3: elBrcandele (625 in chips) 
Dof40: posts small blind 15
elBrcandele: posts big blind 30
*** HOLE CARDS ***
Dealt to Mahu2021 [Ts Tc]
Mahu2021: raises 485 to 515 and is all-in
Dof40: folds 
elBrcandele: folds 
Uncalled bet (485) returned to Mahu2021
Mahu2021 collected 75 from pot
Mahu2021: doesn't show hand 
*** SUMMARY ***
Total pot 75 | Rake 0 
Seat 1: Mahu2021 (button) collected (75)
Seat 2: Dof40 (small blind) folded before Flop
Seat 3: elBrcandele (big blind) folded before Flop



PokerStars Hand #253035964504: Tournament #3814948939, $1.84+$0.16 USD Hold'em No Limit - Level II (15/30) - 2024/10/21 18:18:49 CET [2024/10/21 12:18:49 ET]
Table '3814948939 1' 3-max Seat #2 is the button
Seat 1: Mahu2021 (560 in chips) 
Seat 2: Dof40 (345 in chips) 
Seat 3: elBrcandele (595 in chips) 
elBrcandele: posts small blind 15
Mahu2021: posts big blind 30
*** HOLE CARDS ***
Dealt to Mahu2021 [Tc Qh]
Dof40: calls 30
elBrcandele: folds 
Mahu2021: checks 
*** FLOP *** [As Ad 8s]
Mahu2021: checks 
Dof40: bets 30
Mahu2021: calls 30
*** TURN *** [As Ad 8s] [Jc]
Mahu2021: checks 
Dof40: checks 
*** RIVER *** [As Ad 8s Jc] [6c]
Mahu2021: bets 60
Dof40: folds 
Uncalled bet (60) returned to Mahu2021
Mahu2021 collected 135 from pot
Mahu2021: doesn't show hand 
*** SUMMARY ***
Total pot 135 | Rake 0 
Board [As Ad 8s Jc 6c]
Seat 1: Mahu2021 (big blind) collected (135)
Seat 2: Dof40 (button) folded on the River
Seat 3: elBrcandele (small blind) folded before Flop



PokerStars Hand #253035968436: Tournament #3814948939, $1.84+$0.16 USD Hold'em No Limit - Level II (15/30) - 2024/10/21 18:19:07 CET [2024/10/21 12:19:07 ET]
Table '3814948939 1' 3-max Seat #3 is the button
Seat 1: Mahu2021 (635 in chips) 
Seat 2: Dof40 (285 in chips) 
Seat 3: elBrcandele (580 in chips) 
Mahu2021: posts small blind 15
Dof40: posts big blind 30
*** HOLE CARDS ***
Dealt to Mahu2021 [7d Jc]
elBrcandele: calls 30
Mahu2021: calls 15
Dof40: checks 
*** FLOP *** [8h 9c 4d]
Mahu2021: checks 
Dof40: checks 
elBrcandele: checks 
*** TURN *** [8h 9c 4d] [3c]
Mahu2021: checks 
Dof40: checks 
elBrcandele: bets 60
Mahu2021: folds 
Dof40: folds 
Uncalled bet (60) returned to elBrcandele
elBrcandele collected 90 from pot
*** SUMMARY ***
Total pot 90 | Rake 0 
Board [8h 9c 4d 3c]
Seat 1: Mahu2021 (small blind) folded on the Turn
Seat 2: Dof40 (big blind) folded on the Turn
Seat 3: elBrcandele (button) collected (90)



PokerStars Hand #253035972460: Tournament #3814948939, $1.84+$0.16 USD Hold'em No Limit - Level II (15/30) - 2024/10/21 18:19:23 CET [2024/10/21 12:19:23 ET]
Table '3814948939 1' 3-max Seat #1 is the button
Seat 1: Mahu2021 (605 in chips) 
Seat 2: Dof40 (255 in chips) 
Seat 3: elBrcandele (640 in chips) 
Dof40: posts small blind 15
elBrcandele: posts big blind 30
*** HOLE CARDS ***
Dealt to Mahu2021 [Ad Qd]
Mahu2021: raises 30 to 60
Dof40: folds 
elBrcandele: calls 30
*** FLOP *** [3s 7s 3c]
elBrcandele: checks 
Mahu2021: checks 
*** TURN *** [3s 7s 3c] [4d]
elBrcandele: checks 
Mahu2021: checks 
*** RIVER *** [3s 7s 3c 4d] [Ac]
elBrcandele: checks 
Mahu2021: bets 135
elBrcandele: folds 
Uncalled bet (135) returned to Mahu2021
Mahu2021 collected 135 from pot
Mahu2021: doesn't show hand 
*** SUMMARY ***
Total pot 135 | Rake 0 
Board [3s 7s 3c 4d Ac]
Seat 1: Mahu2021 (button) collected (135)
Seat 2: Dof40 (small blind) folded before Flop
Seat 3: elBrcandele (big blind) folded on the River



PokerStars Hand #253035976005: Tournament #3814948939, $1.84+$0.16 USD Hold'em No Limit - Level II (15/30) - 2024/10/21 18:19:38 CET [2024/10/21 12:19:38 ET]
Table '3814948939 1' 3-max Seat #2 is the button
Seat 1: Mahu2021 (680 in chips) 
Seat 2: Dof40 (240 in chips) 
Seat 3: elBrcandele (580 in chips) 
elBrcandele: posts small blind 15
Mahu2021: posts big blind 30
*** HOLE CARDS ***
Dealt to Mahu2021 [7s Jc]
Dof40: calls 30
elBrcandele: raises 30 to 60
Mahu2021: folds 
Dof40: raises 180 to 240 and is all-in
elBrcandele: calls 180
*** FLOP *** [8s 5d 4c]
*** TURN *** [8s 5d 4c] [3h]
*** RIVER *** [8s 5d 4c 3h] [Jd]
*** SHOW DOWN ***
elBrcandele: shows [Qs 3s] (a pair of Threes)
Dof40: shows [As Kd] (high card Ace)
elBrcandele collected 510 from pot
Dof40 finished the tournament in 3rd place
*** SUMMARY ***
Total pot 510 | Rake 0 
Board [8s 5d 4c 3h Jd]
Seat 1: Mahu2021 (big blind) folded before Flop
Seat 2: Dof40 (button) showed [As Kd] and lost with high card Ace
Seat 3: elBrcandele (small blind) showed [Qs 3s] and won (510) with a pair of Threes



PokerStars Hand #253035980887: Tournament #3814948939, $1.84+$0.16 USD Hold'em No Limit - Level II (15/30) - 2024/10/21 18:20:00 CET [2024/10/21 12:20:00 ET]
Table '3814948939 1' 3-max Seat #1 is the button
Seat 1: Mahu2021 (650 in chips) 
Seat 3: elBrcandele (850 in chips) 
Mahu2021: posts small blind 15
elBrcandele: posts big blind 30
*** HOLE CARDS ***
Dealt to Mahu2021 [7s Qs]
Mahu2021: calls 15
elBrcandele: checks 
*** FLOP *** [2d 5d Ad]
elBrcandele: checks 
Mahu2021: checks 
*** TURN *** [2d 5d Ad] [9c]
elBrcandele: bets 30
Mahu2021: folds 
Uncalled bet (30) returned to elBrcandele
elBrcandele collected 60 from pot
*** SUMMARY ***
Total pot 60 | Rake 0 
Board [2d 5d Ad 9c]
Seat 1: Mahu2021 (button) (small blind) folded on the Turn
Seat 3: elBrcandele (big blind) collected (60)



PokerStars Hand #253035983655: Tournament #3814948939, $1.84+$0.16 USD Hold'em No Limit - Level II (15/30) - 2024/10/21 18:20:12 CET [2024/10/21 12:20:12 ET]
Table '3814948939 1' 3-max Seat #3 is the button
Seat 1: Mahu2021 (620 in chips) 
Seat 3: elBrcandele (880 in chips) 
elBrcandele: posts small blind 15
Mahu2021: posts big blind 30
*** HOLE CARDS ***
Dealt to Mahu2021 [7s Ah]
elBrcandele: calls 15
Mahu2021: checks 
*** FLOP *** [Ad 2h 6d]
Mahu2021: checks 
elBrcandele: bets 30
Mahu2021: calls 30
*** TURN *** [Ad 2h 6d] [3s]
Mahu2021: checks 
elBrcandele: checks 
*** RIVER *** [Ad 2h 6d 3s] [Jc]
Mahu2021: bets 30
elBrcandele: folds 
Uncalled bet (30) returned to Mahu2021
Mahu2021 collected 120 from pot
Mahu2021: doesn't show hand 
*** SUMMARY ***
Total pot 120 | Rake 0 
Board [Ad 2h 6d 3s Jc]
Seat 1: Mahu2021 (big blind) collected (120)
Seat 3: elBrcandele (button) (small blind) folded on the River



PokerStars Hand #253035986821: Tournament #3814948939, $1.84+$0.16 USD Hold'em No Limit - Level II (15/30) - 2024/10/21 18:20:25 CET [2024/10/21 12:20:25 ET]
Table '3814948939 1' 3-max Seat #1 is the button
Seat 1: Mahu2021 (680 in chips) 
Seat 3: elBrcandele (820 in chips) 
Mahu2021: posts small blind 15
elBrcandele: posts big blind 30
*** HOLE CARDS ***
Dealt to Mahu2021 [9s As]
Mahu2021: raises 30 to 60
elBrcandele: calls 30
*** FLOP *** [Js 8h 8d]
elBrcandele: checks 
Mahu2021: bets 30
elBrcandele: calls 30
*** TURN *** [Js 8h 8d] [8s]
elBrcandele: checks 
Mahu2021: bets 30
elBrcandele: raises 30 to 60
Mahu2021: calls 30
*** RIVER *** [Js 8h 8d 8s] [5d]
elBrcandele: checks 
Mahu2021: bets 300
elBrcandele: folds 
Uncalled bet (300) returned to Mahu2021
Mahu2021 collected 300 from pot
Mahu2021: doesn't show hand 
*** SUMMARY ***
Total pot 300 | Rake 0 
Board [Js 8h 8d 8s 5d]
Seat 1: Mahu2021 (button) (small blind) collected (300)
Seat 3: elBrcandele (big blind) folded on the River



PokerStars Hand #253035991716: Tournament #3814948939, $1.84+$0.16 USD Hold'em No Limit - Level III (20/40) - 2024/10/21 18:20:46 CET [2024/10/21 12:20:46 ET]
Table '3814948939 1' 3-max Seat #3 is the button
Seat 1: Mahu2021 (830 in chips) 
Seat 3: elBrcandele (670 in chips) 
elBrcandele: posts small blind 20
Mahu2021: posts big blind 40
*** HOLE CARDS ***
Dealt to Mahu2021 [Th 3d]
elBrcandele: raises 40 to 80
Mahu2021: folds 
Uncalled bet (40) returned to elBrcandele
elBrcandele collected 80 from pot
*** SUMMARY ***
Total pot 80 | Rake 0 
Seat 1: Mahu2021 (big blind) folded before Flop
Seat 3: elBrcandele (button) (small blind) collected (80)



PokerStars Hand #253035993016: Tournament #3814948939, $1.84+$0.16 USD Hold'em No Limit - Level III (20/40) - 2024/10/21 18:20:51 CET [2024/10/21 12:20:51 ET]
Table '3814948939 1' 3-max Seat #1 is the button
Seat 1: Mahu2021 (790 in chips) 
Seat 3: elBrcandele (710 in chips) 
Mahu2021: posts small blind 20
elBrcandele: posts big blind 40
*** HOLE CARDS ***
Dealt to Mahu2021 [Tc Jc]
Mahu2021: raises 40 to 80
elBrcandele: calls 40
*** FLOP *** [6c 7s Ts]
elBrcandele: checks 
Mahu2021: bets 80
elBrcandele: raises 550 to 630 and is all-in
Mahu2021: calls 550
*** TURN *** [6c 7s Ts] [7d]
*** RIVER *** [6c 7s Ts 7d] [4s]
*** SHOW DOWN ***
elBrcandele: shows [9d Td] (two pair, Tens and Sevens)
Mahu2021: shows [Tc Jc] (two pair, Tens and Sevens - Jack kicker)
Mahu2021 collected 1420 from pot
elBrcandele finished the tournament in 2nd place
Mahu2021 wins the tournament and receives $6.00 - congratulations!
*** SUMMARY ***
Total pot 1420 | Rake 0 
Board [6c 7s Ts 7d 4s]
Seat 1: Mahu2021 (button) (small blind) showed [Tc Jc] and won (1420) with two pair, Tens and Sevens
Seat 3: elBrcandele (big blind) showed [9d Td] and lost with two pair, Tens and Sevens



