PokerStars Hand #248657885068: Tournament #3710562414, $1.84+$0.16 USD Hold'em No Limit - Level I (10/20) - 2024/02/03 11:18:59 CET [2024/02/03 5:18:59 ET]
Table '3710562414 1' 3-max Seat #1 is the button
Seat 1: Mahu2021 (500 in chips) 
Seat 2: MartialAutist (500 in chips) 
Seat 3: FanMetallici (500 in chips) 
MartialAutist: posts small blind 10
FanMetallici: posts big blind 20
*** HOLE CARDS ***
Dealt to Mahu2021 [Qh Kd]
Mahu2021: raises 20 to 40
MartialAutist: folds 
FanMetallici: folds 
Uncalled bet (20) returned to Mahu2021
Mahu2021 collected 50 from pot
Mahu2021: doesn't show hand 
*** SUMMARY ***
Total pot 50 | Rake 0 
Seat 1: Mahu2021 (button) collected (50)
Seat 2: MartialAutist (small blind) folded before Flop
Seat 3: FanMetallici (big blind) folded before Flop



PokerStars Hand #248657886271: Tournament #3710562414, $1.84+$0.16 USD Hold'em No Limit - Level I (10/20) - 2024/02/03 11:19:08 CET [2024/02/03 5:19:08 ET]
Table '3710562414 1' 3-max Seat #2 is the button
Seat 1: Mahu2021 (530 in chips) 
Seat 2: MartialAutist (490 in chips) 
Seat 3: FanMetallici (480 in chips) 
FanMetallici: posts small blind 10
Mahu2021: posts big blind 20
*** HOLE CARDS ***
Dealt to Mahu2021 [2c 2s]
MartialAutist: folds 
FanMetallici: raises 30 to 50
Mahu2021: calls 30
*** FLOP *** [8d 5s Tc]
FanMetallici: checks 
Mahu2021: checks 
*** TURN *** [8d 5s Tc] [6c]
FanMetallici: checks 
Mahu2021: bets 40
FanMetallici: folds 
Uncalled bet (40) returned to Mahu2021
Mahu2021 collected 100 from pot
Mahu2021: doesn't show hand 
*** SUMMARY ***
Total pot 100 | Rake 0 
Board [8d 5s Tc 6c]
Seat 1: Mahu2021 (big blind) collected (100)
Seat 2: MartialAutist (button) folded before Flop (didn't bet)
Seat 3: FanMetallici (small blind) folded on the Turn



PokerStars Hand #248657890812: Tournament #3710562414, $1.84+$0.16 USD Hold'em No Limit - Level I (10/20) - 2024/02/03 11:19:39 CET [2024/02/03 5:19:39 ET]
Table '3710562414 1' 3-max Seat #3 is the button
Seat 1: Mahu2021 (580 in chips) 
Seat 2: MartialAutist (490 in chips) 
Seat 3: FanMetallici (430 in chips) 
Mahu2021: posts small blind 10
MartialAutist: posts big blind 20
*** HOLE CARDS ***
Dealt to Mahu2021 [Qd 7s]
FanMetallici: folds 
Mahu2021: folds 
Uncalled bet (10) returned to MartialAutist
MartialAutist collected 20 from pot
MartialAutist: doesn't show hand 
*** SUMMARY ***
Total pot 20 | Rake 0 
Seat 1: Mahu2021 (small blind) folded before Flop
Seat 2: MartialAutist (big blind) collected (20)
Seat 3: FanMetallici (button) folded before Flop (didn't bet)



PokerStars Hand #248657891570: Tournament #3710562414, $1.84+$0.16 USD Hold'em No Limit - Level I (10/20) - 2024/02/03 11:19:44 CET [2024/02/03 5:19:44 ET]
Table '3710562414 1' 3-max Seat #1 is the button
Seat 1: Mahu2021 (570 in chips) 
Seat 2: MartialAutist (500 in chips) 
Seat 3: FanMetallici (430 in chips) 
MartialAutist: posts small blind 10
FanMetallici: posts big blind 20
*** HOLE CARDS ***
Dealt to Mahu2021 [Jc 4h]
Mahu2021: folds 
MartialAutist: raises 30 to 50
FanMetallici: calls 30
*** FLOP *** [2d 9c 5s]
MartialAutist: bets 33
FanMetallici: calls 33
*** TURN *** [2d 9c 5s] [6d]
MartialAutist: bets 55
FanMetallici: folds 
Uncalled bet (55) returned to MartialAutist
MartialAutist collected 166 from pot
MartialAutist: doesn't show hand 
*** SUMMARY ***
Total pot 166 | Rake 0 
Board [2d 9c 5s 6d]
Seat 1: Mahu2021 (button) folded before Flop (didn't bet)
Seat 2: MartialAutist (small blind) collected (166)
Seat 3: FanMetallici (big blind) folded on the Turn



PokerStars Hand #248657897408: Tournament #3710562414, $1.84+$0.16 USD Hold'em No Limit - Level I (10/20) - 2024/02/03 11:20:24 CET [2024/02/03 5:20:24 ET]
Table '3710562414 1' 3-max Seat #2 is the button
Seat 1: Mahu2021 (570 in chips) 
Seat 2: MartialAutist (583 in chips) 
Seat 3: FanMetallici (347 in chips) 
FanMetallici: posts small blind 10
Mahu2021: posts big blind 20
*** HOLE CARDS ***
Dealt to Mahu2021 [5s Kd]
MartialAutist: folds 
FanMetallici: folds 
Uncalled bet (10) returned to Mahu2021
Mahu2021 collected 20 from pot
Mahu2021: doesn't show hand 
*** SUMMARY ***
Total pot 20 | Rake 0 
Seat 1: Mahu2021 (big blind) collected (20)
Seat 2: MartialAutist (button) folded before Flop (didn't bet)
Seat 3: FanMetallici (small blind) folded before Flop



PokerStars Hand #248657898469: Tournament #3710562414, $1.84+$0.16 USD Hold'em No Limit - Level I (10/20) - 2024/02/03 11:20:31 CET [2024/02/03 5:20:31 ET]
Table '3710562414 1' 3-max Seat #3 is the button
Seat 1: Mahu2021 (580 in chips) 
Seat 2: MartialAutist (583 in chips) 
Seat 3: FanMetallici (337 in chips) 
Mahu2021: posts small blind 10
MartialAutist: posts big blind 20
*** HOLE CARDS ***
Dealt to Mahu2021 [2c Ad]
FanMetallici: folds 
Mahu2021: raises 20 to 40
MartialAutist: calls 20
*** FLOP *** [Qd 8h Js]
Mahu2021: checks 
MartialAutist: checks 
*** TURN *** [Qd 8h Js] [Qc]
Mahu2021: checks 
MartialAutist: checks 
*** RIVER *** [Qd 8h Js Qc] [Kc]
Mahu2021: checks 
MartialAutist: checks 
*** SHOW DOWN ***
Mahu2021: shows [2c Ad] (a pair of Queens)
MartialAutist: mucks hand 
Mahu2021 collected 80 from pot
*** SUMMARY ***
Total pot 80 | Rake 0 
Board [Qd 8h Js Qc Kc]
Seat 1: Mahu2021 (small blind) showed [2c Ad] and won (80) with a pair of Queens
Seat 2: MartialAutist (big blind) mucked [9c 6c]
Seat 3: FanMetallici (button) folded before Flop (didn't bet)



PokerStars Hand #248657904167: Tournament #3710562414, $1.84+$0.16 USD Hold'em No Limit - Level II (15/30) - 2024/02/03 11:21:10 CET [2024/02/03 5:21:10 ET]
Table '3710562414 1' 3-max Seat #1 is the button
Seat 1: Mahu2021 (620 in chips) 
Seat 2: MartialAutist (543 in chips) 
Seat 3: FanMetallici (337 in chips) 
MartialAutist: posts small blind 15
FanMetallici: posts big blind 30
*** HOLE CARDS ***
Dealt to Mahu2021 [9d 4c]
Mahu2021: folds 
MartialAutist: raises 513 to 543 and is all-in
FanMetallici: folds 
Uncalled bet (513) returned to MartialAutist
MartialAutist collected 60 from pot
MartialAutist: doesn't show hand 
*** SUMMARY ***
Total pot 60 | Rake 0 
Seat 1: Mahu2021 (button) folded before Flop (didn't bet)
Seat 2: MartialAutist (small blind) collected (60)
Seat 3: FanMetallici (big blind) folded before Flop



PokerStars Hand #248657905547: Tournament #3710562414, $1.84+$0.16 USD Hold'em No Limit - Level II (15/30) - 2024/02/03 11:21:20 CET [2024/02/03 5:21:20 ET]
Table '3710562414 1' 3-max Seat #2 is the button
Seat 1: Mahu2021 (620 in chips) 
Seat 2: MartialAutist (573 in chips) 
Seat 3: FanMetallici (307 in chips) 
FanMetallici: posts small blind 15
Mahu2021: posts big blind 30
*** HOLE CARDS ***
Dealt to Mahu2021 [Js Td]
MartialAutist: raises 30 to 60
FanMetallici: folds 
Mahu2021: calls 30
*** FLOP *** [6d 3s 8c]
Mahu2021: checks 
MartialAutist: bets 45
Mahu2021: folds 
Uncalled bet (45) returned to MartialAutist
MartialAutist collected 135 from pot
MartialAutist: doesn't show hand 
*** SUMMARY ***
Total pot 135 | Rake 0 
Board [6d 3s 8c]
Seat 1: Mahu2021 (big blind) folded on the Flop
Seat 2: MartialAutist (button) collected (135)
Seat 3: FanMetallici (small blind) folded before Flop



PokerStars Hand #248657909261: Tournament #3710562414, $1.84+$0.16 USD Hold'em No Limit - Level II (15/30) - 2024/02/03 11:21:46 CET [2024/02/03 5:21:46 ET]
Table '3710562414 1' 3-max Seat #3 is the button
Seat 1: Mahu2021 (560 in chips) 
Seat 2: MartialAutist (648 in chips) 
Seat 3: FanMetallici (292 in chips) 
Mahu2021: posts small blind 15
MartialAutist: posts big blind 30
*** HOLE CARDS ***
Dealt to Mahu2021 [Qc Td]
FanMetallici: raises 262 to 292 and is all-in
Mahu2021: folds 
MartialAutist: folds 
Uncalled bet (262) returned to FanMetallici
FanMetallici collected 75 from pot
FanMetallici: doesn't show hand 
*** SUMMARY ***
Total pot 75 | Rake 0 
Seat 1: Mahu2021 (small blind) folded before Flop
Seat 2: MartialAutist (big blind) folded before Flop
Seat 3: FanMetallici (button) collected (75)



PokerStars Hand #248657910823: Tournament #3710562414, $1.84+$0.16 USD Hold'em No Limit - Level II (15/30) - 2024/02/03 11:21:57 CET [2024/02/03 5:21:57 ET]
Table '3710562414 1' 3-max Seat #1 is the button
Seat 1: Mahu2021 (545 in chips) 
Seat 2: MartialAutist (618 in chips) 
Seat 3: FanMetallici (337 in chips) 
MartialAutist: posts small blind 15
FanMetallici: posts big blind 30
*** HOLE CARDS ***
Dealt to Mahu2021 [4s Jh]
Mahu2021: folds 
MartialAutist: raises 588 to 618 and is all-in
FanMetallici: folds 
Uncalled bet (588) returned to MartialAutist
MartialAutist collected 60 from pot
MartialAutist: doesn't show hand 
*** SUMMARY ***
Total pot 60 | Rake 0 
Seat 1: Mahu2021 (button) folded before Flop (didn't bet)
Seat 2: MartialAutist (small blind) collected (60)
Seat 3: FanMetallici (big blind) folded before Flop



PokerStars Hand #248657912177: Tournament #3710562414, $1.84+$0.16 USD Hold'em No Limit - Level II (15/30) - 2024/02/03 11:22:06 CET [2024/02/03 5:22:06 ET]
Table '3710562414 1' 3-max Seat #2 is the button
Seat 1: Mahu2021 (545 in chips) 
Seat 2: MartialAutist (648 in chips) 
Seat 3: FanMetallici (307 in chips) 
FanMetallici: posts small blind 15
Mahu2021: posts big blind 30
*** HOLE CARDS ***
Dealt to Mahu2021 [2s Jh]
MartialAutist: folds 
FanMetallici: raises 277 to 307 and is all-in
Mahu2021: folds 
Uncalled bet (277) returned to FanMetallici
FanMetallici collected 60 from pot
FanMetallici: doesn't show hand 
*** SUMMARY ***
Total pot 60 | Rake 0 
Seat 1: Mahu2021 (big blind) folded before Flop
Seat 2: MartialAutist (button) folded before Flop (didn't bet)
Seat 3: FanMetallici (small blind) collected (60)



PokerStars Hand #248657914042: Tournament #3710562414, $1.84+$0.16 USD Hold'em No Limit - Level II (15/30) - 2024/02/03 11:22:19 CET [2024/02/03 5:22:19 ET]
Table '3710562414 1' 3-max Seat #3 is the button
Seat 1: Mahu2021 (515 in chips) 
Seat 2: MartialAutist (648 in chips) 
Seat 3: FanMetallici (337 in chips) 
Mahu2021: posts small blind 15
MartialAutist: posts big blind 30
*** HOLE CARDS ***
Dealt to Mahu2021 [9s 2d]
FanMetallici: raises 307 to 337 and is all-in
Mahu2021: folds 
MartialAutist: folds 
Uncalled bet (307) returned to FanMetallici
FanMetallici collected 75 from pot
FanMetallici: doesn't show hand 
*** SUMMARY ***
Total pot 75 | Rake 0 
Seat 1: Mahu2021 (small blind) folded before Flop
Seat 2: MartialAutist (big blind) folded before Flop
Seat 3: FanMetallici (button) collected (75)



PokerStars Hand #248657915022: Tournament #3710562414, $1.84+$0.16 USD Hold'em No Limit - Level II (15/30) - 2024/02/03 11:22:25 CET [2024/02/03 5:22:25 ET]
Table '3710562414 1' 3-max Seat #1 is the button
Seat 1: Mahu2021 (500 in chips) 
Seat 2: MartialAutist (618 in chips) 
Seat 3: FanMetallici (382 in chips) 
MartialAutist: posts small blind 15
FanMetallici: posts big blind 30
*** HOLE CARDS ***
Dealt to Mahu2021 [3d 8d]
Mahu2021: folds 
MartialAutist: raises 588 to 618 and is all-in
FanMetallici: folds 
Uncalled bet (588) returned to MartialAutist
MartialAutist collected 60 from pot
MartialAutist: doesn't show hand 
*** SUMMARY ***
Total pot 60 | Rake 0 
Seat 1: Mahu2021 (button) folded before Flop (didn't bet)
Seat 2: MartialAutist (small blind) collected (60)
Seat 3: FanMetallici (big blind) folded before Flop



PokerStars Hand #248657916342: Tournament #3710562414, $1.84+$0.16 USD Hold'em No Limit - Level II (15/30) - 2024/02/03 11:22:35 CET [2024/02/03 5:22:35 ET]
Table '3710562414 1' 3-max Seat #2 is the button
Seat 1: Mahu2021 (500 in chips) 
Seat 2: MartialAutist (648 in chips) 
Seat 3: FanMetallici (352 in chips) 
FanMetallici: posts small blind 15
Mahu2021: posts big blind 30
*** HOLE CARDS ***
Dealt to Mahu2021 [3h 5d]
MartialAutist: raises 30 to 60
FanMetallici: folds 
Mahu2021: folds 
Uncalled bet (30) returned to MartialAutist
MartialAutist collected 75 from pot
MartialAutist: doesn't show hand 
*** SUMMARY ***
Total pot 75 | Rake 0 
Seat 1: Mahu2021 (big blind) folded before Flop
Seat 2: MartialAutist (button) collected (75)
Seat 3: FanMetallici (small blind) folded before Flop



PokerStars Hand #248657917290: Tournament #3710562414, $1.84+$0.16 USD Hold'em No Limit - Level II (15/30) - 2024/02/03 11:22:41 CET [2024/02/03 5:22:41 ET]
Table '3710562414 1' 3-max Seat #3 is the button
Seat 1: Mahu2021 (470 in chips) 
Seat 2: MartialAutist (693 in chips) 
Seat 3: FanMetallici (337 in chips) 
Mahu2021: posts small blind 15
MartialAutist: posts big blind 30
*** HOLE CARDS ***
Dealt to Mahu2021 [4h 8s]
FanMetallici: raises 307 to 337 and is all-in
Mahu2021: folds 
MartialAutist: folds 
Uncalled bet (307) returned to FanMetallici
FanMetallici collected 75 from pot
FanMetallici: doesn't show hand 
*** SUMMARY ***
Total pot 75 | Rake 0 
Seat 1: Mahu2021 (small blind) folded before Flop
Seat 2: MartialAutist (big blind) folded before Flop
Seat 3: FanMetallici (button) collected (75)



PokerStars Hand #248657918119: Tournament #3710562414, $1.84+$0.16 USD Hold'em No Limit - Level II (15/30) - 2024/02/03 11:22:47 CET [2024/02/03 5:22:47 ET]
Table '3710562414 1' 3-max Seat #1 is the button
Seat 1: Mahu2021 (455 in chips) 
Seat 2: MartialAutist (663 in chips) 
Seat 3: FanMetallici (382 in chips) 
MartialAutist: posts small blind 15
FanMetallici: posts big blind 30
*** HOLE CARDS ***
Dealt to Mahu2021 [Jh Ac]
Mahu2021: raises 30 to 60
MartialAutist: folds 
FanMetallici: calls 30
*** FLOP *** [6c 7s 6h]
FanMetallici: checks 
Mahu2021: checks 
*** TURN *** [6c 7s 6h] [4h]
FanMetallici: checks 
Mahu2021: checks 
*** RIVER *** [6c 7s 6h 4h] [3c]
FanMetallici: checks 
Mahu2021: checks 
*** SHOW DOWN ***
FanMetallici: shows [Tc Kd] (a pair of Sixes)
Mahu2021: shows [Jh Ac] (a pair of Sixes - Ace kicker)
Mahu2021 collected 135 from pot
*** SUMMARY ***
Total pot 135 | Rake 0 
Board [6c 7s 6h 4h 3c]
Seat 1: Mahu2021 (button) showed [Jh Ac] and won (135) with a pair of Sixes
Seat 2: MartialAutist (small blind) folded before Flop
Seat 3: FanMetallici (big blind) showed [Tc Kd] and lost with a pair of Sixes



PokerStars Hand #248657921371: Tournament #3710562414, $1.84+$0.16 USD Hold'em No Limit - Level III (20/40) - 2024/02/03 11:23:09 CET [2024/02/03 5:23:09 ET]
Table '3710562414 1' 3-max Seat #2 is the button
Seat 1: Mahu2021 (530 in chips) 
Seat 2: MartialAutist (648 in chips) 
Seat 3: FanMetallici (322 in chips) 
FanMetallici: posts small blind 20
Mahu2021: posts big blind 40
*** HOLE CARDS ***
Dealt to Mahu2021 [Qd Ah]
MartialAutist: folds 
FanMetallici: folds 
Uncalled bet (20) returned to Mahu2021
Mahu2021 collected 40 from pot
Mahu2021: doesn't show hand 
*** SUMMARY ***
Total pot 40 | Rake 0 
Seat 1: Mahu2021 (big blind) collected (40)
Seat 2: MartialAutist (button) folded before Flop (didn't bet)
Seat 3: FanMetallici (small blind) folded before Flop



PokerStars Hand #248657922192: Tournament #3710562414, $1.84+$0.16 USD Hold'em No Limit - Level III (20/40) - 2024/02/03 11:23:14 CET [2024/02/03 5:23:14 ET]
Table '3710562414 1' 3-max Seat #3 is the button
Seat 1: Mahu2021 (550 in chips) 
Seat 2: MartialAutist (648 in chips) 
Seat 3: FanMetallici (302 in chips) 
Mahu2021: posts small blind 20
MartialAutist: posts big blind 40
*** HOLE CARDS ***
Dealt to Mahu2021 [Tc Qd]
FanMetallici: raises 262 to 302 and is all-in
Mahu2021: folds 
MartialAutist: calls 262
*** FLOP *** [5d 6h 4c]
*** TURN *** [5d 6h 4c] [2c]
*** RIVER *** [5d 6h 4c 2c] [6s]
*** SHOW DOWN ***
MartialAutist: shows [Qc Jd] (a pair of Sixes)
FanMetallici: shows [Js Ts] (a pair of Sixes - lower kicker)
MartialAutist collected 624 from pot
FanMetallici finished the tournament in 3rd place
*** SUMMARY ***
Total pot 624 | Rake 0 
Board [5d 6h 4c 2c 6s]
Seat 1: Mahu2021 (small blind) folded before Flop
Seat 2: MartialAutist (big blind) showed [Qc Jd] and won (624) with a pair of Sixes
Seat 3: FanMetallici (button) showed [Js Ts] and lost with a pair of Sixes



PokerStars Hand #248657924990: Tournament #3710562414, $1.84+$0.16 USD Hold'em No Limit - Level III (20/40) - 2024/02/03 11:23:33 CET [2024/02/03 5:23:33 ET]
Table '3710562414 1' 3-max Seat #2 is the button
Seat 1: Mahu2021 (530 in chips) 
Seat 2: MartialAutist (970 in chips) 
MartialAutist: posts small blind 20
Mahu2021: posts big blind 40
*** HOLE CARDS ***
Dealt to Mahu2021 [6s 7d]
MartialAutist: calls 20
Mahu2021: checks 
*** FLOP *** [8h 5d 7s]
Mahu2021: bets 80
MartialAutist: folds 
Uncalled bet (80) returned to Mahu2021
Mahu2021 collected 80 from pot
Mahu2021: doesn't show hand 
*** SUMMARY ***
Total pot 80 | Rake 0 
Board [8h 5d 7s]
Seat 1: Mahu2021 (big blind) collected (80)
Seat 2: MartialAutist (button) (small blind) folded on the Flop



PokerStars Hand #248657927482: Tournament #3710562414, $1.84+$0.16 USD Hold'em No Limit - Level III (20/40) - 2024/02/03 11:23:51 CET [2024/02/03 5:23:51 ET]
Table '3710562414 1' 3-max Seat #1 is the button
Seat 1: Mahu2021 (570 in chips) 
Seat 2: MartialAutist (930 in chips) 
Mahu2021: posts small blind 20
MartialAutist: posts big blind 40
*** HOLE CARDS ***
Dealt to Mahu2021 [3d 2c]
Mahu2021: folds 
Uncalled bet (20) returned to MartialAutist
MartialAutist collected 40 from pot
MartialAutist: doesn't show hand 
*** SUMMARY ***
Total pot 40 | Rake 0 
Seat 1: Mahu2021 (button) (small blind) folded before Flop
Seat 2: MartialAutist (big blind) collected (40)



PokerStars Hand #248657928176: Tournament #3710562414, $1.84+$0.16 USD Hold'em No Limit - Level III (20/40) - 2024/02/03 11:23:56 CET [2024/02/03 5:23:56 ET]
Table '3710562414 1' 3-max Seat #2 is the button
Seat 1: Mahu2021 (550 in chips) 
Seat 2: MartialAutist (950 in chips) 
MartialAutist: posts small blind 20
Mahu2021: posts big blind 40
*** HOLE CARDS ***
Dealt to Mahu2021 [8d Qd]
MartialAutist: calls 20
Mahu2021: raises 80 to 120
MartialAutist: folds 
Uncalled bet (80) returned to Mahu2021
Mahu2021 collected 80 from pot
Mahu2021: doesn't show hand 
*** SUMMARY ***
Total pot 80 | Rake 0 
Seat 1: Mahu2021 (big blind) collected (80)
Seat 2: MartialAutist (button) (small blind) folded before Flop



PokerStars Hand #248657930398: Tournament #3710562414, $1.84+$0.16 USD Hold'em No Limit - Level III (20/40) - 2024/02/03 11:24:11 CET [2024/02/03 5:24:11 ET]
Table '3710562414 1' 3-max Seat #1 is the button
Seat 1: Mahu2021 (590 in chips) 
Seat 2: MartialAutist (910 in chips) 
Mahu2021: posts small blind 20
MartialAutist: posts big blind 40
*** HOLE CARDS ***
Dealt to Mahu2021 [9c 2d]
Mahu2021: folds 
Uncalled bet (20) returned to MartialAutist
MartialAutist collected 40 from pot
MartialAutist: doesn't show hand 
*** SUMMARY ***
Total pot 40 | Rake 0 
Seat 1: Mahu2021 (button) (small blind) folded before Flop
Seat 2: MartialAutist (big blind) collected (40)



PokerStars Hand #248657931036: Tournament #3710562414, $1.84+$0.16 USD Hold'em No Limit - Level III (20/40) - 2024/02/03 11:24:15 CET [2024/02/03 5:24:15 ET]
Table '3710562414 1' 3-max Seat #2 is the button
Seat 1: Mahu2021 (570 in chips) 
Seat 2: MartialAutist (930 in chips) 
MartialAutist: posts small blind 20
Mahu2021: posts big blind 40
*** HOLE CARDS ***
Dealt to Mahu2021 [Jd Qd]
MartialAutist: folds 
Uncalled bet (20) returned to Mahu2021
Mahu2021 collected 40 from pot
Mahu2021: doesn't show hand 
*** SUMMARY ***
Total pot 40 | Rake 0 
Seat 1: Mahu2021 (big blind) collected (40)
Seat 2: MartialAutist (button) (small blind) folded before Flop



PokerStars Hand #248657931720: Tournament #3710562414, $1.84+$0.16 USD Hold'em No Limit - Level III (20/40) - 2024/02/03 11:24:20 CET [2024/02/03 5:24:20 ET]
Table '3710562414 1' 3-max Seat #1 is the button
Seat 1: Mahu2021 (590 in chips) 
Seat 2: MartialAutist (910 in chips) 
Mahu2021: posts small blind 20
MartialAutist: posts big blind 40
*** HOLE CARDS ***
Dealt to Mahu2021 [Td 5c]
Mahu2021: folds 
Uncalled bet (20) returned to MartialAutist
MartialAutist collected 40 from pot
MartialAutist: doesn't show hand 
*** SUMMARY ***
Total pot 40 | Rake 0 
Seat 1: Mahu2021 (button) (small blind) folded before Flop
Seat 2: MartialAutist (big blind) collected (40)



PokerStars Hand #248657932357: Tournament #3710562414, $1.84+$0.16 USD Hold'em No Limit - Level III (20/40) - 2024/02/03 11:24:24 CET [2024/02/03 5:24:24 ET]
Table '3710562414 1' 3-max Seat #2 is the button
Seat 1: Mahu2021 (570 in chips) 
Seat 2: MartialAutist (930 in chips) 
MartialAutist: posts small blind 20
Mahu2021: posts big blind 40
*** HOLE CARDS ***
Dealt to Mahu2021 [Tc 6s]
MartialAutist: calls 20
Mahu2021: checks 
*** FLOP *** [Kc 8c Kd]
Mahu2021: checks 
MartialAutist: checks 
*** TURN *** [Kc 8c Kd] [Jh]
Mahu2021: checks 
MartialAutist: checks 
*** RIVER *** [Kc 8c Kd Jh] [5d]
Mahu2021: checks 
MartialAutist: checks 
*** SHOW DOWN ***
Mahu2021: shows [Tc 6s] (a pair of Kings)
MartialAutist: shows [As 9d] (a pair of Kings - Ace kicker)
MartialAutist collected 80 from pot
*** SUMMARY ***
Total pot 80 | Rake 0 
Board [Kc 8c Kd Jh 5d]
Seat 1: Mahu2021 (big blind) showed [Tc 6s] and lost with a pair of Kings
Seat 2: MartialAutist (button) (small blind) showed [As 9d] and won (80) with a pair of Kings



PokerStars Hand #248657936012: Tournament #3710562414, $1.84+$0.16 USD Hold'em No Limit - Level III (20/40) - 2024/02/03 11:24:49 CET [2024/02/03 5:24:49 ET]
Table '3710562414 1' 3-max Seat #1 is the button
Seat 1: Mahu2021 (530 in chips) 
Seat 2: MartialAutist (970 in chips) 
Mahu2021: posts small blind 20
MartialAutist: posts big blind 40
*** HOLE CARDS ***
Dealt to Mahu2021 [3c 6c]
Mahu2021: calls 20
MartialAutist: checks 
*** FLOP *** [5s Jd 2h]
MartialAutist: checks 
Mahu2021: checks 
*** TURN *** [5s Jd 2h] [Kd]
MartialAutist: checks 
Mahu2021: checks 
*** RIVER *** [5s Jd 2h Kd] [3s]
MartialAutist: checks 
Mahu2021: checks 
*** SHOW DOWN ***
MartialAutist: shows [9h 7h] (high card King)
Mahu2021: shows [3c 6c] (a pair of Threes)
Mahu2021 collected 80 from pot
*** SUMMARY ***
Total pot 80 | Rake 0 
Board [5s Jd 2h Kd 3s]
Seat 1: Mahu2021 (button) (small blind) showed [3c 6c] and won (80) with a pair of Threes
Seat 2: MartialAutist (big blind) showed [9h 7h] and lost with high card King



PokerStars Hand #248657940623: Tournament #3710562414, $1.84+$0.16 USD Hold'em No Limit - Level IV (30/60) - 2024/02/03 11:25:21 CET [2024/02/03 5:25:21 ET]
Table '3710562414 1' 3-max Seat #2 is the button
Seat 1: Mahu2021 (570 in chips) 
Seat 2: MartialAutist (930 in chips) 
MartialAutist: posts small blind 30
Mahu2021: posts big blind 60
*** HOLE CARDS ***
Dealt to Mahu2021 [Qs 3d]
MartialAutist: calls 30
Mahu2021: checks 
*** FLOP *** [Ac 7c 7d]
Mahu2021: checks 
MartialAutist: checks 
*** TURN *** [Ac 7c 7d] [Qd]
Mahu2021: bets 60
MartialAutist: calls 60
*** RIVER *** [Ac 7c 7d Qd] [9c]
Mahu2021: bets 120
MartialAutist: calls 120
*** SHOW DOWN ***
Mahu2021: shows [Qs 3d] (two pair, Queens and Sevens)
MartialAutist: shows [4d Qc] (two pair, Queens and Sevens)
Mahu2021 collected 240 from pot
MartialAutist collected 240 from pot
*** SUMMARY ***
Total pot 480 | Rake 0 
Board [Ac 7c 7d Qd 9c]
Seat 1: Mahu2021 (big blind) showed [Qs 3d] and won (240) with two pair, Queens and Sevens
Seat 2: MartialAutist (button) (small blind) showed [4d Qc] and won (240) with two pair, Queens and Sevens



PokerStars Hand #248657945428: Tournament #3710562414, $1.84+$0.16 USD Hold'em No Limit - Level IV (30/60) - 2024/02/03 11:25:54 CET [2024/02/03 5:25:54 ET]
Table '3710562414 1' 3-max Seat #1 is the button
Seat 1: Mahu2021 (570 in chips) 
Seat 2: MartialAutist (930 in chips) 
Mahu2021: posts small blind 30
MartialAutist: posts big blind 60
*** HOLE CARDS ***
Dealt to Mahu2021 [4d Jd]
Mahu2021: calls 30
MartialAutist: raises 90 to 150
Mahu2021: calls 90
*** FLOP *** [4h 9d Ad]
MartialAutist: checks 
Mahu2021: bets 300
MartialAutist: folds 
Uncalled bet (300) returned to Mahu2021
Mahu2021 collected 300 from pot
Mahu2021: doesn't show hand 
*** SUMMARY ***
Total pot 300 | Rake 0 
Board [4h 9d Ad]
Seat 1: Mahu2021 (button) (small blind) collected (300)
Seat 2: MartialAutist (big blind) folded on the Flop



PokerStars Hand #248657948460: Tournament #3710562414, $1.84+$0.16 USD Hold'em No Limit - Level IV (30/60) - 2024/02/03 11:26:15 CET [2024/02/03 5:26:15 ET]
Table '3710562414 1' 3-max Seat #2 is the button
Seat 1: Mahu2021 (720 in chips) 
Seat 2: MartialAutist (780 in chips) 
MartialAutist: posts small blind 30
Mahu2021: posts big blind 60
*** HOLE CARDS ***
Dealt to Mahu2021 [8h 9s]
MartialAutist: raises 720 to 780 and is all-in
Mahu2021: folds 
Uncalled bet (720) returned to MartialAutist
MartialAutist collected 120 from pot
MartialAutist: doesn't show hand 
*** SUMMARY ***
Total pot 120 | Rake 0 
Seat 1: Mahu2021 (big blind) folded before Flop
Seat 2: MartialAutist (button) (small blind) collected (120)



PokerStars Hand #248657949908: Tournament #3710562414, $1.84+$0.16 USD Hold'em No Limit - Level IV (30/60) - 2024/02/03 11:26:24 CET [2024/02/03 5:26:24 ET]
Table '3710562414 1' 3-max Seat #1 is the button
Seat 1: Mahu2021 (660 in chips) 
Seat 2: MartialAutist (840 in chips) 
Mahu2021: posts small blind 30
MartialAutist: posts big blind 60
*** HOLE CARDS ***
Dealt to Mahu2021 [Ts 7c]
Mahu2021: folds 
Uncalled bet (30) returned to MartialAutist
MartialAutist collected 60 from pot
MartialAutist: doesn't show hand 
*** SUMMARY ***
Total pot 60 | Rake 0 
Seat 1: Mahu2021 (button) (small blind) folded before Flop
Seat 2: MartialAutist (big blind) collected (60)



PokerStars Hand #248657950552: Tournament #3710562414, $1.84+$0.16 USD Hold'em No Limit - Level IV (30/60) - 2024/02/03 11:26:29 CET [2024/02/03 5:26:29 ET]
Table '3710562414 1' 3-max Seat #2 is the button
Seat 1: Mahu2021 (630 in chips) 
Seat 2: MartialAutist (870 in chips) 
MartialAutist: posts small blind 30
Mahu2021: posts big blind 60
*** HOLE CARDS ***
Dealt to Mahu2021 [9d Qd]
MartialAutist: calls 30
Mahu2021: raises 120 to 180
MartialAutist: calls 120
*** FLOP *** [7c 4s Ts]
Mahu2021: checks 
MartialAutist: checks 
*** TURN *** [7c 4s Ts] [6c]
Mahu2021: checks 
MartialAutist: bets 690 and is all-in
Mahu2021: folds 
Uncalled bet (690) returned to MartialAutist
MartialAutist collected 360 from pot
MartialAutist: doesn't show hand 
*** SUMMARY ***
Total pot 360 | Rake 0 
Board [7c 4s Ts 6c]
Seat 1: Mahu2021 (big blind) folded on the Turn
Seat 2: MartialAutist (button) (small blind) collected (360)



PokerStars Hand #248657954676: Tournament #3710562414, $1.84+$0.16 USD Hold'em No Limit - Level IV (30/60) - 2024/02/03 11:26:57 CET [2024/02/03 5:26:57 ET]
Table '3710562414 1' 3-max Seat #1 is the button
Seat 1: Mahu2021 (450 in chips) 
Seat 2: MartialAutist (1050 in chips) 
Mahu2021: posts small blind 30
MartialAutist: posts big blind 60
*** HOLE CARDS ***
Dealt to Mahu2021 [2s 9s]
Mahu2021: folds 
Uncalled bet (30) returned to MartialAutist
MartialAutist collected 60 from pot
MartialAutist: doesn't show hand 
*** SUMMARY ***
Total pot 60 | Rake 0 
Seat 1: Mahu2021 (button) (small blind) folded before Flop
Seat 2: MartialAutist (big blind) collected (60)



PokerStars Hand #248657955765: Tournament #3710562414, $1.84+$0.16 USD Hold'em No Limit - Level V (40/80) - 2024/02/03 11:27:05 CET [2024/02/03 5:27:05 ET]
Table '3710562414 1' 3-max Seat #2 is the button
Seat 1: Mahu2021 (420 in chips) 
Seat 2: MartialAutist (1080 in chips) 
MartialAutist: posts small blind 40
Mahu2021: posts big blind 80
*** HOLE CARDS ***
Dealt to Mahu2021 [Kc Ts]
MartialAutist: calls 40
Mahu2021: raises 340 to 420 and is all-in
MartialAutist: folds 
Uncalled bet (340) returned to Mahu2021
Mahu2021 collected 160 from pot
Mahu2021: doesn't show hand 
*** SUMMARY ***
Total pot 160 | Rake 0 
Seat 1: Mahu2021 (big blind) collected (160)
Seat 2: MartialAutist (button) (small blind) folded before Flop



PokerStars Hand #248657957582: Tournament #3710562414, $1.84+$0.16 USD Hold'em No Limit - Level V (40/80) - 2024/02/03 11:27:17 CET [2024/02/03 5:27:17 ET]
Table '3710562414 1' 3-max Seat #1 is the button
Seat 1: Mahu2021 (500 in chips) 
Seat 2: MartialAutist (1000 in chips) 
Mahu2021: posts small blind 40
MartialAutist: posts big blind 80
*** HOLE CARDS ***
Dealt to Mahu2021 [9h 8c]
Mahu2021: calls 40
MartialAutist: checks 
*** FLOP *** [2d 2c 9d]
MartialAutist: checks 
Mahu2021: bets 420 and is all-in
MartialAutist: folds 
Uncalled bet (420) returned to Mahu2021
Mahu2021 collected 160 from pot
Mahu2021: doesn't show hand 
*** SUMMARY ***
Total pot 160 | Rake 0 
Board [2d 2c 9d]
Seat 1: Mahu2021 (button) (small blind) collected (160)
Seat 2: MartialAutist (big blind) folded on the Flop



PokerStars Hand #248657960912: Tournament #3710562414, $1.84+$0.16 USD Hold'em No Limit - Level V (40/80) - 2024/02/03 11:27:39 CET [2024/02/03 5:27:39 ET]
Table '3710562414 1' 3-max Seat #2 is the button
Seat 1: Mahu2021 (580 in chips) 
Seat 2: MartialAutist (920 in chips) 
MartialAutist: posts small blind 40
Mahu2021: posts big blind 80
*** HOLE CARDS ***
Dealt to Mahu2021 [3c 6c]
MartialAutist: calls 40
Mahu2021: checks 
*** FLOP *** [6d 4d Kc]
Mahu2021: checks 
MartialAutist: bets 80
Mahu2021: calls 80
*** TURN *** [6d 4d Kc] [As]
Mahu2021: checks 
MartialAutist: checks 
*** RIVER *** [6d 4d Kc As] [9s]
Mahu2021: bets 80
MartialAutist: folds 
Uncalled bet (80) returned to Mahu2021
Mahu2021 collected 320 from pot
Mahu2021: doesn't show hand 
*** SUMMARY ***
Total pot 320 | Rake 0 
Board [6d 4d Kc As 9s]
Seat 1: Mahu2021 (big blind) collected (320)
Seat 2: MartialAutist (button) (small blind) folded on the River



PokerStars Hand #248657964084: Tournament #3710562414, $1.84+$0.16 USD Hold'em No Limit - Level V (40/80) - 2024/02/03 11:28:01 CET [2024/02/03 5:28:01 ET]
Table '3710562414 1' 3-max Seat #1 is the button
Seat 1: Mahu2021 (740 in chips) 
Seat 2: MartialAutist (760 in chips) 
Mahu2021: posts small blind 40
MartialAutist: posts big blind 80
*** HOLE CARDS ***
Dealt to Mahu2021 [8h 2d]
Mahu2021: folds 
Uncalled bet (40) returned to MartialAutist
MartialAutist collected 80 from pot
MartialAutist: doesn't show hand 
*** SUMMARY ***
Total pot 80 | Rake 0 
Seat 1: Mahu2021 (button) (small blind) folded before Flop
Seat 2: MartialAutist (big blind) collected (80)



PokerStars Hand #248657964717: Tournament #3710562414, $1.84+$0.16 USD Hold'em No Limit - Level V (40/80) - 2024/02/03 11:28:05 CET [2024/02/03 5:28:05 ET]
Table '3710562414 1' 3-max Seat #2 is the button
Seat 1: Mahu2021 (700 in chips) 
Seat 2: MartialAutist (800 in chips) 
MartialAutist: posts small blind 40
Mahu2021: posts big blind 80
*** HOLE CARDS ***
Dealt to Mahu2021 [Kh 8s]
MartialAutist: raises 720 to 800 and is all-in
Mahu2021: folds 
Uncalled bet (720) returned to MartialAutist
MartialAutist collected 160 from pot
MartialAutist: doesn't show hand 
*** SUMMARY ***
Total pot 160 | Rake 0 
Seat 1: Mahu2021 (big blind) folded before Flop
Seat 2: MartialAutist (button) (small blind) collected (160)



PokerStars Hand #248657967157: Tournament #3710562414, $1.84+$0.16 USD Hold'em No Limit - Level V (40/80) - 2024/02/03 11:28:22 CET [2024/02/03 5:28:22 ET]
Table '3710562414 1' 3-max Seat #1 is the button
Seat 1: Mahu2021 (620 in chips) 
Seat 2: MartialAutist (880 in chips) 
Mahu2021: posts small blind 40
MartialAutist: posts big blind 80
*** HOLE CARDS ***
Dealt to Mahu2021 [Ts 9h]
Mahu2021: calls 40
MartialAutist: raises 800 to 880 and is all-in
Mahu2021: folds 
Uncalled bet (800) returned to MartialAutist
MartialAutist collected 160 from pot
MartialAutist: doesn't show hand 
*** SUMMARY ***
Total pot 160 | Rake 0 
Seat 1: Mahu2021 (button) (small blind) folded before Flop
Seat 2: MartialAutist (big blind) collected (160)



PokerStars Hand #248657969896: Tournament #3710562414, $1.84+$0.16 USD Hold'em No Limit - Level V (40/80) - 2024/02/03 11:28:40 CET [2024/02/03 5:28:40 ET]
Table '3710562414 1' 3-max Seat #2 is the button
Seat 1: Mahu2021 (540 in chips) 
Seat 2: MartialAutist (960 in chips) 
MartialAutist: posts small blind 40
Mahu2021: posts big blind 80
*** HOLE CARDS ***
Dealt to Mahu2021 [3c 6s]
MartialAutist: raises 880 to 960 and is all-in
Mahu2021: folds 
Uncalled bet (880) returned to MartialAutist
MartialAutist collected 160 from pot
MartialAutist: doesn't show hand 
*** SUMMARY ***
Total pot 160 | Rake 0 
Seat 1: Mahu2021 (big blind) folded before Flop
Seat 2: MartialAutist (button) (small blind) collected (160)



PokerStars Hand #248657971046: Tournament #3710562414, $1.84+$0.16 USD Hold'em No Limit - Level V (40/80) - 2024/02/03 11:28:48 CET [2024/02/03 5:28:48 ET]
Table '3710562414 1' 3-max Seat #1 is the button
Seat 1: Mahu2021 (460 in chips) 
Seat 2: MartialAutist (1040 in chips) 
Mahu2021: posts small blind 40
MartialAutist: posts big blind 80
*** HOLE CARDS ***
Dealt to Mahu2021 [7c 5d]
Mahu2021: folds 
Uncalled bet (40) returned to MartialAutist
MartialAutist collected 80 from pot
MartialAutist: doesn't show hand 
*** SUMMARY ***
Total pot 80 | Rake 0 
Seat 1: Mahu2021 (button) (small blind) folded before Flop
Seat 2: MartialAutist (big blind) collected (80)



PokerStars Hand #248657971748: Tournament #3710562414, $1.84+$0.16 USD Hold'em No Limit - Level V (40/80) - 2024/02/03 11:28:53 CET [2024/02/03 5:28:53 ET]
Table '3710562414 1' 3-max Seat #2 is the button
Seat 1: Mahu2021 (420 in chips) 
Seat 2: MartialAutist (1080 in chips) 
MartialAutist: posts small blind 40
Mahu2021: posts big blind 80
*** HOLE CARDS ***
Dealt to Mahu2021 [3d 5s]
MartialAutist: folds 
Uncalled bet (40) returned to Mahu2021
Mahu2021 collected 80 from pot
Mahu2021: doesn't show hand 
*** SUMMARY ***
Total pot 80 | Rake 0 
Seat 1: Mahu2021 (big blind) collected (80)
Seat 2: MartialAutist (button) (small blind) folded before Flop



PokerStars Hand #248657972432: Tournament #3710562414, $1.84+$0.16 USD Hold'em No Limit - Level V (40/80) - 2024/02/03 11:28:58 CET [2024/02/03 5:28:58 ET]
Table '3710562414 1' 3-max Seat #1 is the button
Seat 1: Mahu2021 (460 in chips) 
Seat 2: MartialAutist (1040 in chips) 
Mahu2021: posts small blind 40
MartialAutist: posts big blind 80
*** HOLE CARDS ***
Dealt to Mahu2021 [Ks 4h]
Mahu2021: raises 380 to 460 and is all-in
MartialAutist: folds 
Uncalled bet (380) returned to Mahu2021
Mahu2021 collected 160 from pot
Mahu2021: doesn't show hand 
*** SUMMARY ***
Total pot 160 | Rake 0 
Seat 1: Mahu2021 (button) (small blind) collected (160)
Seat 2: MartialAutist (big blind) folded before Flop



PokerStars Hand #248657974353: Tournament #3710562414, $1.84+$0.16 USD Hold'em No Limit - Level VI (50/100) - 2024/02/03 11:29:11 CET [2024/02/03 5:29:11 ET]
Table '3710562414 1' 3-max Seat #2 is the button
Seat 1: Mahu2021 (540 in chips) 
Seat 2: MartialAutist (960 in chips) 
MartialAutist: posts small blind 50
Mahu2021: posts big blind 100
*** HOLE CARDS ***
Dealt to Mahu2021 [5c Qh]
MartialAutist: calls 50
Mahu2021: checks 
*** FLOP *** [Th Kh 9d]
Mahu2021: checks 
MartialAutist: bets 100
Mahu2021: folds 
Uncalled bet (100) returned to MartialAutist
MartialAutist collected 200 from pot
MartialAutist: doesn't show hand 
*** SUMMARY ***
Total pot 200 | Rake 0 
Board [Th Kh 9d]
Seat 1: Mahu2021 (big blind) folded on the Flop
Seat 2: MartialAutist (button) (small blind) collected (200)



PokerStars Hand #248657976014: Tournament #3710562414, $1.84+$0.16 USD Hold'em No Limit - Level VI (50/100) - 2024/02/03 11:29:22 CET [2024/02/03 5:29:22 ET]
Table '3710562414 1' 3-max Seat #1 is the button
Seat 1: Mahu2021 (440 in chips) 
Seat 2: MartialAutist (1060 in chips) 
Mahu2021: posts small blind 50
MartialAutist: posts big blind 100
*** HOLE CARDS ***
Dealt to Mahu2021 [Td Qs]
Mahu2021: raises 100 to 200
MartialAutist: calls 100
*** FLOP *** [4d 5h 9c]
MartialAutist: checks 
Mahu2021: bets 240 and is all-in
MartialAutist: calls 240
*** TURN *** [4d 5h 9c] [Ts]
*** RIVER *** [4d 5h 9c Ts] [5s]
*** SHOW DOWN ***
MartialAutist: shows [Kc 4s] (two pair, Fives and Fours)
Mahu2021: shows [Td Qs] (two pair, Tens and Fives)
Mahu2021 collected 880 from pot
*** SUMMARY ***
Total pot 880 | Rake 0 
Board [4d 5h 9c Ts 5s]
Seat 1: Mahu2021 (button) (small blind) showed [Td Qs] and won (880) with two pair, Tens and Fives
Seat 2: MartialAutist (big blind) showed [Kc 4s] and lost with two pair, Fives and Fours



PokerStars Hand #248657978868: Tournament #3710562414, $1.84+$0.16 USD Hold'em No Limit - Level VI (50/100) - 2024/02/03 11:29:42 CET [2024/02/03 5:29:42 ET]
Table '3710562414 1' 3-max Seat #2 is the button
Seat 1: Mahu2021 (880 in chips) 
Seat 2: MartialAutist (620 in chips) 
MartialAutist: posts small blind 50
Mahu2021: posts big blind 100
*** HOLE CARDS ***
Dealt to Mahu2021 [9c Kd]
MartialAutist: calls 50
Mahu2021: raises 780 to 880 and is all-in
MartialAutist: folds 
Uncalled bet (780) returned to Mahu2021
Mahu2021 collected 200 from pot
Mahu2021: doesn't show hand 
*** SUMMARY ***
Total pot 200 | Rake 0 
Seat 1: Mahu2021 (big blind) collected (200)
Seat 2: MartialAutist (button) (small blind) folded before Flop



PokerStars Hand #248657980463: Tournament #3710562414, $1.84+$0.16 USD Hold'em No Limit - Level VI (50/100) - 2024/02/03 11:29:53 CET [2024/02/03 5:29:53 ET]
Table '3710562414 1' 3-max Seat #1 is the button
Seat 1: Mahu2021 (980 in chips) 
Seat 2: MartialAutist (520 in chips) 
Mahu2021: posts small blind 50
MartialAutist: posts big blind 100
*** HOLE CARDS ***
Dealt to Mahu2021 [7s Jc]
Mahu2021: calls 50
MartialAutist: checks 
*** FLOP *** [As Tc 8c]
MartialAutist: checks 
Mahu2021: bets 100
MartialAutist: folds 
Uncalled bet (100) returned to Mahu2021
Mahu2021 collected 200 from pot
Mahu2021: doesn't show hand 
*** SUMMARY ***
Total pot 200 | Rake 0 
Board [As Tc 8c]
Seat 1: Mahu2021 (button) (small blind) collected (200)
Seat 2: MartialAutist (big blind) folded on the Flop



PokerStars Hand #248657982385: Tournament #3710562414, $1.84+$0.16 USD Hold'em No Limit - Level VI (50/100) - 2024/02/03 11:30:06 CET [2024/02/03 5:30:06 ET]
Table '3710562414 1' 3-max Seat #2 is the button
Seat 1: Mahu2021 (1080 in chips) 
Seat 2: MartialAutist (420 in chips) 
MartialAutist: posts small blind 50
Mahu2021: posts big blind 100
*** HOLE CARDS ***
Dealt to Mahu2021 [4d 8s]
MartialAutist: raises 320 to 420 and is all-in
Mahu2021: folds 
Uncalled bet (320) returned to MartialAutist
MartialAutist collected 200 from pot
MartialAutist: doesn't show hand 
*** SUMMARY ***
Total pot 200 | Rake 0 
Seat 1: Mahu2021 (big blind) folded before Flop
Seat 2: MartialAutist (button) (small blind) collected (200)



PokerStars Hand #248657983186: Tournament #3710562414, $1.84+$0.16 USD Hold'em No Limit - Level VI (50/100) - 2024/02/03 11:30:11 CET [2024/02/03 5:30:11 ET]
Table '3710562414 1' 3-max Seat #1 is the button
Seat 1: Mahu2021 (980 in chips) 
Seat 2: MartialAutist (520 in chips) 
Mahu2021: posts small blind 50
MartialAutist: posts big blind 100
*** HOLE CARDS ***
Dealt to Mahu2021 [9s 2c]
Mahu2021: folds 
Uncalled bet (50) returned to MartialAutist
MartialAutist collected 100 from pot
MartialAutist: doesn't show hand 
*** SUMMARY ***
Total pot 100 | Rake 0 
Seat 1: Mahu2021 (button) (small blind) folded before Flop
Seat 2: MartialAutist (big blind) collected (100)



PokerStars Hand #248657983836: Tournament #3710562414, $1.84+$0.16 USD Hold'em No Limit - Level VI (50/100) - 2024/02/03 11:30:15 CET [2024/02/03 5:30:15 ET]
Table '3710562414 1' 3-max Seat #2 is the button
Seat 1: Mahu2021 (930 in chips) 
Seat 2: MartialAutist (570 in chips) 
MartialAutist: posts small blind 50
Mahu2021: posts big blind 100
*** HOLE CARDS ***
Dealt to Mahu2021 [2s Qs]
MartialAutist: calls 50
Mahu2021: checks 
*** FLOP *** [Jc Td Jh]
Mahu2021: checks 
MartialAutist: checks 
*** TURN *** [Jc Td Jh] [Qd]
Mahu2021: bets 100
MartialAutist: folds 
Uncalled bet (100) returned to Mahu2021
Mahu2021 collected 200 from pot
Mahu2021: doesn't show hand 
*** SUMMARY ***
Total pot 200 | Rake 0 
Board [Jc Td Jh Qd]
Seat 1: Mahu2021 (big blind) collected (200)
Seat 2: MartialAutist (button) (small blind) folded on the Turn



PokerStars Hand #248657986695: Tournament #3710562414, $1.84+$0.16 USD Hold'em No Limit - Level VI (50/100) - 2024/02/03 11:30:34 CET [2024/02/03 5:30:34 ET]
Table '3710562414 1' 3-max Seat #1 is the button
Seat 1: Mahu2021 (1030 in chips) 
Seat 2: MartialAutist (470 in chips) 
Mahu2021: posts small blind 50
MartialAutist: posts big blind 100
*** HOLE CARDS ***
Dealt to Mahu2021 [Tc 2c]
Mahu2021: folds 
Uncalled bet (50) returned to MartialAutist
MartialAutist collected 100 from pot
MartialAutist: doesn't show hand 
*** SUMMARY ***
Total pot 100 | Rake 0 
Seat 1: Mahu2021 (button) (small blind) folded before Flop
Seat 2: MartialAutist (big blind) collected (100)



PokerStars Hand #248657987279: Tournament #3710562414, $1.84+$0.16 USD Hold'em No Limit - Level VI (50/100) - 2024/02/03 11:30:39 CET [2024/02/03 5:30:39 ET]
Table '3710562414 1' 3-max Seat #2 is the button
Seat 1: Mahu2021 (980 in chips) 
Seat 2: MartialAutist (520 in chips) 
MartialAutist: posts small blind 50
Mahu2021: posts big blind 100
*** HOLE CARDS ***
Dealt to Mahu2021 [Jh 7s]
MartialAutist: calls 50
Mahu2021: checks 
*** FLOP *** [Qs 5c 2h]
Mahu2021: checks 
MartialAutist: bets 100
Mahu2021: folds 
Uncalled bet (100) returned to MartialAutist
MartialAutist collected 200 from pot
MartialAutist: doesn't show hand 
*** SUMMARY ***
Total pot 200 | Rake 0 
Board [Qs 5c 2h]
Seat 1: Mahu2021 (big blind) folded on the Flop
Seat 2: MartialAutist (button) (small blind) collected (200)



PokerStars Hand #248657989246: Tournament #3710562414, $1.84+$0.16 USD Hold'em No Limit - Level VI (50/100) - 2024/02/03 11:30:51 CET [2024/02/03 5:30:51 ET]
Table '3710562414 1' 3-max Seat #1 is the button
Seat 1: Mahu2021 (880 in chips) 
Seat 2: MartialAutist (620 in chips) 
Mahu2021: posts small blind 50
MartialAutist: posts big blind 100
*** HOLE CARDS ***
Dealt to Mahu2021 [4s Ks]
Mahu2021: raises 100 to 200
MartialAutist: raises 420 to 620 and is all-in
Mahu2021: calls 420
*** FLOP *** [2s Ts 9d]
*** TURN *** [2s Ts 9d] [Kc]
*** RIVER *** [2s Ts 9d Kc] [6c]
*** SHOW DOWN ***
MartialAutist: shows [3s As] (high card Ace)
Mahu2021: shows [4s Ks] (a pair of Kings)
Mahu2021 collected 1240 from pot
MartialAutist finished the tournament in 2nd place
Mahu2021 wins the tournament and receives $4.00 - congratulations!
*** SUMMARY ***
Total pot 1240 | Rake 0 
Board [2s Ts 9d Kc 6c]
Seat 1: Mahu2021 (button) (small blind) showed [4s Ks] and won (1240) with a pair of Kings
Seat 2: MartialAutist (big blind) showed [3s As] and lost with high card Ace



