PokerStars Hand #247083445597: Tournament #3672597842, $1.84+$0.16 USD Hold'em No Limit - Level I (10/20) - 2023/11/13 11:40:23 CET [2023/11/13 5:40:23 ET]
Table '3672597842 1' 3-max Seat #1 is the button
Seat 1: BullyBastard (500 in chips) 
Seat 2: Mahu2021 (500 in chips) 
Seat 3: fakesz01 (500 in chips) 
Mahu2021: posts small blind 10
fakesz01: posts big blind 20
*** HOLE CARDS ***
Dealt to Mahu2021 [7c 4s]
BullyBastard: folds 
Mahu2021: folds 
Uncalled bet (10) returned to fakesz01
fakesz01 collected 20 from pot
*** SUMMARY ***
Total pot 20 | Rake 0 
Seat 1: BullyBastard (button) folded before Flop (didn't bet)
Seat 2: Mahu2021 (small blind) folded before Flop
Seat 3: fakesz01 (big blind) collected (20)



PokerStars Hand #247083446134: Tournament #3672597842, $1.84+$0.16 USD Hold'em No Limit - Level I (10/20) - 2023/11/13 11:40:27 CET [2023/11/13 5:40:27 ET]
Table '3672597842 1' 3-max Seat #2 is the button
Seat 1: BullyBastard (500 in chips) 
Seat 2: Mahu2021 (490 in chips) 
Seat 3: fakesz01 (510 in chips) 
fakesz01: posts small blind 10
BullyBastard: posts big blind 20
*** HOLE CARDS ***
Dealt to Mahu2021 [6s Td]
Mahu2021: folds 
fakesz01: calls 10
BullyBastard: checks 
*** FLOP *** [6c 5s Ac]
fakesz01: bets 20
BullyBastard: calls 20
*** TURN *** [6c 5s Ac] [2d]
fakesz01: bets 20
BullyBastard: calls 20
*** RIVER *** [6c 5s Ac 2d] [6h]
fakesz01: bets 20
BullyBastard: folds 
Uncalled bet (20) returned to fakesz01
fakesz01 collected 120 from pot
*** SUMMARY ***
Total pot 120 | Rake 0 
Board [6c 5s Ac 2d 6h]
Seat 1: BullyBastard (big blind) folded on the River
Seat 2: Mahu2021 (button) folded before Flop (didn't bet)
Seat 3: fakesz01 (small blind) collected (120)



PokerStars Hand #247083448212: Tournament #3672597842, $1.84+$0.16 USD Hold'em No Limit - Level I (10/20) - 2023/11/13 11:40:43 CET [2023/11/13 5:40:43 ET]
Table '3672597842 1' 3-max Seat #3 is the button
Seat 1: BullyBastard (440 in chips) 
Seat 2: Mahu2021 (490 in chips) 
Seat 3: fakesz01 (570 in chips) 
BullyBastard: posts small blind 10
Mahu2021: posts big blind 20
*** HOLE CARDS ***
Dealt to Mahu2021 [3s Qc]
fakesz01: folds 
BullyBastard: folds 
Uncalled bet (10) returned to Mahu2021
Mahu2021 collected 20 from pot
Mahu2021: doesn't show hand 
*** SUMMARY ***
Total pot 20 | Rake 0 
Seat 1: BullyBastard (small blind) folded before Flop
Seat 2: Mahu2021 (big blind) collected (20)
Seat 3: fakesz01 (button) folded before Flop (didn't bet)



PokerStars Hand #247083448901: Tournament #3672597842, $1.84+$0.16 USD Hold'em No Limit - Level I (10/20) - 2023/11/13 11:40:48 CET [2023/11/13 5:40:48 ET]
Table '3672597842 1' 3-max Seat #1 is the button
Seat 1: BullyBastard (430 in chips) 
Seat 2: Mahu2021 (500 in chips) 
Seat 3: fakesz01 (570 in chips) 
Mahu2021: posts small blind 10
fakesz01: posts big blind 20
*** HOLE CARDS ***
Dealt to Mahu2021 [5h 3s]
BullyBastard: folds 
Mahu2021: folds 
Uncalled bet (10) returned to fakesz01
fakesz01 collected 20 from pot
*** SUMMARY ***
Total pot 20 | Rake 0 
Seat 1: BullyBastard (button) folded before Flop (didn't bet)
Seat 2: Mahu2021 (small blind) folded before Flop
Seat 3: fakesz01 (big blind) collected (20)



PokerStars Hand #247083449600: Tournament #3672597842, $1.84+$0.16 USD Hold'em No Limit - Level I (10/20) - 2023/11/13 11:40:54 CET [2023/11/13 5:40:54 ET]
Table '3672597842 1' 3-max Seat #2 is the button
Seat 1: BullyBastard (430 in chips) 
Seat 2: Mahu2021 (490 in chips) 
Seat 3: fakesz01 (580 in chips) 
fakesz01: posts small blind 10
BullyBastard: posts big blind 20
*** HOLE CARDS ***
Dealt to Mahu2021 [Ah 7c]
Mahu2021: raises 20 to 40
fakesz01: raises 100 to 140
BullyBastard: folds 
Mahu2021: folds 
Uncalled bet (100) returned to fakesz01
fakesz01 collected 100 from pot
*** SUMMARY ***
Total pot 100 | Rake 0 
Seat 1: BullyBastard (big blind) folded before Flop
Seat 2: Mahu2021 (button) folded before Flop
Seat 3: fakesz01 (small blind) collected (100)



PokerStars Hand #247083450954: Tournament #3672597842, $1.84+$0.16 USD Hold'em No Limit - Level I (10/20) - 2023/11/13 11:41:05 CET [2023/11/13 5:41:05 ET]
Table '3672597842 1' 3-max Seat #3 is the button
Seat 1: BullyBastard (410 in chips) 
Seat 2: Mahu2021 (450 in chips) 
Seat 3: fakesz01 (640 in chips) 
BullyBastard: posts small blind 10
Mahu2021: posts big blind 20
*** HOLE CARDS ***
Dealt to Mahu2021 [8h 4c]
fakesz01: folds 
BullyBastard: folds 
Uncalled bet (10) returned to Mahu2021
Mahu2021 collected 20 from pot
Mahu2021: doesn't show hand 
*** SUMMARY ***
Total pot 20 | Rake 0 
Seat 1: BullyBastard (small blind) folded before Flop
Seat 2: Mahu2021 (big blind) collected (20)
Seat 3: fakesz01 (button) folded before Flop (didn't bet)



PokerStars Hand #247083451628: Tournament #3672597842, $1.84+$0.16 USD Hold'em No Limit - Level I (10/20) - 2023/11/13 11:41:10 CET [2023/11/13 5:41:10 ET]
Table '3672597842 1' 3-max Seat #1 is the button
Seat 1: BullyBastard (400 in chips) 
Seat 2: Mahu2021 (460 in chips) 
Seat 3: fakesz01 (640 in chips) 
Mahu2021: posts small blind 10
fakesz01: posts big blind 20
*** HOLE CARDS ***
Dealt to Mahu2021 [3d Ah]
BullyBastard: folds 
Mahu2021: raises 20 to 40
fakesz01: calls 20
*** FLOP *** [Js Td 9d]
Mahu2021: checks 
fakesz01: checks 
*** TURN *** [Js Td 9d] [7d]
Mahu2021: bets 40
fakesz01: calls 40
*** RIVER *** [Js Td 9d 7d] [5d]
Mahu2021: bets 380 and is all-in
fakesz01: folds 
Uncalled bet (380) returned to Mahu2021
Mahu2021 collected 160 from pot
Mahu2021: doesn't show hand 
*** SUMMARY ***
Total pot 160 | Rake 0 
Board [Js Td 9d 7d 5d]
Seat 1: BullyBastard (button) folded before Flop (didn't bet)
Seat 2: Mahu2021 (small blind) collected (160)
Seat 3: fakesz01 (big blind) folded on the River



PokerStars Hand #247083454069: Tournament #3672597842, $1.84+$0.16 USD Hold'em No Limit - Level I (10/20) - 2023/11/13 11:41:29 CET [2023/11/13 5:41:29 ET]
Table '3672597842 1' 3-max Seat #2 is the button
Seat 1: BullyBastard (400 in chips) 
Seat 2: Mahu2021 (540 in chips) 
Seat 3: fakesz01 (560 in chips) 
fakesz01: posts small blind 10
BullyBastard: posts big blind 20
*** HOLE CARDS ***
Dealt to Mahu2021 [8c 7s]
Mahu2021: folds 
fakesz01: calls 10
BullyBastard: checks 
*** FLOP *** [8d Qs Tc]
fakesz01: bets 20
BullyBastard: raises 360 to 380 and is all-in
fakesz01: calls 360
*** TURN *** [8d Qs Tc] [Ts]
*** RIVER *** [8d Qs Tc Ts] [5c]
*** SHOW DOWN ***
fakesz01: shows [8s Jc] (two pair, Tens and Eights)
BullyBastard: shows [Qd 9s] (two pair, Queens and Tens)
BullyBastard collected 800 from pot
*** SUMMARY ***
Total pot 800 | Rake 0 
Board [8d Qs Tc Ts 5c]
Seat 1: BullyBastard (big blind) showed [Qd 9s] and won (800) with two pair, Queens and Tens
Seat 2: Mahu2021 (button) folded before Flop (didn't bet)
Seat 3: fakesz01 (small blind) showed [8s Jc] and lost with two pair, Tens and Eights



PokerStars Hand #247083456669: Tournament #3672597842, $1.84+$0.16 USD Hold'em No Limit - Level I (10/20) - 2023/11/13 11:41:49 CET [2023/11/13 5:41:49 ET]
Table '3672597842 1' 3-max Seat #3 is the button
Seat 1: BullyBastard (800 in chips) 
Seat 2: Mahu2021 (540 in chips) 
Seat 3: fakesz01 (160 in chips) 
BullyBastard: posts small blind 10
Mahu2021: posts big blind 20
*** HOLE CARDS ***
Dealt to Mahu2021 [Ad Jc]
fakesz01: raises 140 to 160 and is all-in
BullyBastard: raises 640 to 800 and is all-in
Mahu2021: calls 520 and is all-in
Uncalled bet (260) returned to BullyBastard
*** FLOP *** [8c 9d 7c]
*** TURN *** [8c 9d 7c] [6h]
*** RIVER *** [8c 9d 7c 6h] [6c]
*** SHOW DOWN ***
BullyBastard: shows [Qd Kc] (a pair of Sixes)
Mahu2021: shows [Ad Jc] (a pair of Sixes - Ace kicker)
Mahu2021 collected 760 from side pot
fakesz01: shows [Ah 6d] (three of a kind, Sixes)
fakesz01 collected 480 from main pot
*** SUMMARY ***
Total pot 1240 Main pot 480. Side pot 760. | Rake 0 
Board [8c 9d 7c 6h 6c]
Seat 1: BullyBastard (small blind) showed [Qd Kc] and lost with a pair of Sixes
Seat 2: Mahu2021 (big blind) showed [Ad Jc] and won (760) with a pair of Sixes
Seat 3: fakesz01 (button) showed [Ah 6d] and won (480) with three of a kind, Sixes



PokerStars Hand #247083458944: Tournament #3672597842, $1.84+$0.16 USD Hold'em No Limit - Level I (10/20) - 2023/11/13 11:42:06 CET [2023/11/13 5:42:06 ET]
Table '3672597842 1' 3-max Seat #1 is the button
Seat 1: BullyBastard (260 in chips) 
Seat 2: Mahu2021 (760 in chips) 
Seat 3: fakesz01 (480 in chips) 
Mahu2021: posts small blind 10
fakesz01: posts big blind 20
*** HOLE CARDS ***
Dealt to Mahu2021 [3s Td]
BullyBastard: raises 20 to 40
Mahu2021: folds 
fakesz01: raises 440 to 480 and is all-in
BullyBastard: calls 220 and is all-in
Uncalled bet (220) returned to fakesz01
*** FLOP *** [7s 6s Ks]
*** TURN *** [7s 6s Ks] [Js]
*** RIVER *** [7s 6s Ks Js] [8c]
*** SHOW DOWN ***
fakesz01: shows [Kd Jc] (two pair, Kings and Jacks)
BullyBastard: shows [9c Tc] (a straight, Seven to Jack)
BullyBastard collected 530 from pot
*** SUMMARY ***
Total pot 530 | Rake 0 
Board [7s 6s Ks Js 8c]
Seat 1: BullyBastard (button) showed [9c Tc] and won (530) with a straight, Seven to Jack
Seat 2: Mahu2021 (small blind) folded before Flop
Seat 3: fakesz01 (big blind) showed [Kd Jc] and lost with two pair, Kings and Jacks



PokerStars Hand #247083460767: Tournament #3672597842, $1.84+$0.16 USD Hold'em No Limit - Level I (10/20) - 2023/11/13 11:42:20 CET [2023/11/13 5:42:20 ET]
Table '3672597842 1' 3-max Seat #2 is the button
Seat 1: BullyBastard (530 in chips) 
Seat 2: Mahu2021 (750 in chips) 
Seat 3: fakesz01 (220 in chips) 
fakesz01: posts small blind 10
BullyBastard: posts big blind 20
*** HOLE CARDS ***
Dealt to Mahu2021 [4s 8s]
Mahu2021: folds 
fakesz01: folds 
Uncalled bet (10) returned to BullyBastard
BullyBastard collected 20 from pot
BullyBastard: doesn't show hand 
*** SUMMARY ***
Total pot 20 | Rake 0 
Seat 1: BullyBastard (big blind) collected (20)
Seat 2: Mahu2021 (button) folded before Flop (didn't bet)
Seat 3: fakesz01 (small blind) folded before Flop



PokerStars Hand #247083461749: Tournament #3672597842, $1.84+$0.16 USD Hold'em No Limit - Level II (15/30) - 2023/11/13 11:42:28 CET [2023/11/13 5:42:28 ET]
Table '3672597842 1' 3-max Seat #3 is the button
Seat 1: BullyBastard (540 in chips) 
Seat 2: Mahu2021 (750 in chips) 
Seat 3: fakesz01 (210 in chips) 
BullyBastard: posts small blind 15
Mahu2021: posts big blind 30
*** HOLE CARDS ***
Dealt to Mahu2021 [As 4s]
fakesz01: raises 180 to 210 and is all-in
BullyBastard: folds 
Mahu2021: calls 180
*** FLOP *** [6h Qd 9s]
*** TURN *** [6h Qd 9s] [Kc]
*** RIVER *** [6h Qd 9s Kc] [8d]
*** SHOW DOWN ***
Mahu2021: shows [As 4s] (high card Ace)
fakesz01: shows [Ad Td] (high card Ace - King+Queen+Ten kicker)
fakesz01 collected 435 from pot
*** SUMMARY ***
Total pot 435 | Rake 0 
Board [6h Qd 9s Kc 8d]
Seat 1: BullyBastard (small blind) folded before Flop
Seat 2: Mahu2021 (big blind) showed [As 4s] and lost with high card Ace
Seat 3: fakesz01 (button) showed [Ad Td] and won (435) with high card Ace



PokerStars Hand #247083463409: Tournament #3672597842, $1.84+$0.16 USD Hold'em No Limit - Level II (15/30) - 2023/11/13 11:42:41 CET [2023/11/13 5:42:41 ET]
Table '3672597842 1' 3-max Seat #1 is the button
Seat 1: BullyBastard (525 in chips) 
Seat 2: Mahu2021 (540 in chips) 
Seat 3: fakesz01 (435 in chips) 
Mahu2021: posts small blind 15
fakesz01: posts big blind 30
*** HOLE CARDS ***
Dealt to Mahu2021 [6c Qc]
BullyBastard: folds 
Mahu2021: calls 15
fakesz01: checks 
*** FLOP *** [3s 7h Qs]
Mahu2021: bets 30
fakesz01: folds 
Uncalled bet (30) returned to Mahu2021
Mahu2021 collected 60 from pot
Mahu2021: doesn't show hand 
*** SUMMARY ***
Total pot 60 | Rake 0 
Board [3s 7h Qs]
Seat 1: BullyBastard (button) folded before Flop (didn't bet)
Seat 2: Mahu2021 (small blind) collected (60)
Seat 3: fakesz01 (big blind) folded on the Flop



PokerStars Hand #247083465027: Tournament #3672597842, $1.84+$0.16 USD Hold'em No Limit - Level II (15/30) - 2023/11/13 11:42:53 CET [2023/11/13 5:42:53 ET]
Table '3672597842 1' 3-max Seat #2 is the button
Seat 1: BullyBastard (525 in chips) 
Seat 2: Mahu2021 (570 in chips) 
Seat 3: fakesz01 (405 in chips) 
fakesz01: posts small blind 15
BullyBastard: posts big blind 30
*** HOLE CARDS ***
Dealt to Mahu2021 [Jd 2h]
Mahu2021: folds 
fakesz01: raises 375 to 405 and is all-in
BullyBastard: calls 375
*** FLOP *** [9s Td 9h]
*** TURN *** [9s Td 9h] [8d]
*** RIVER *** [9s Td 9h 8d] [7h]
*** SHOW DOWN ***
fakesz01: shows [2s Ah] (a pair of Nines)
BullyBastard: shows [Qh Kc] (a pair of Nines - lower kicker)
fakesz01 collected 810 from pot
*** SUMMARY ***
Total pot 810 | Rake 0 
Board [9s Td 9h 8d 7h]
Seat 1: BullyBastard (big blind) showed [Qh Kc] and lost with a pair of Nines
Seat 2: Mahu2021 (button) folded before Flop (didn't bet)
Seat 3: fakesz01 (small blind) showed [2s Ah] and won (810) with a pair of Nines



PokerStars Hand #247083466861: Tournament #3672597842, $1.84+$0.16 USD Hold'em No Limit - Level II (15/30) - 2023/11/13 11:43:07 CET [2023/11/13 5:43:07 ET]
Table '3672597842 1' 3-max Seat #3 is the button
Seat 1: BullyBastard (120 in chips) 
Seat 2: Mahu2021 (570 in chips) 
Seat 3: fakesz01 (810 in chips) 
BullyBastard: posts small blind 15
Mahu2021: posts big blind 30
*** HOLE CARDS ***
Dealt to Mahu2021 [9d Qh]
fakesz01: calls 30
BullyBastard: folds 
Mahu2021: checks 
*** FLOP *** [Ks Jd Kc]
Mahu2021: checks 
fakesz01: checks 
*** TURN *** [Ks Jd Kc] [2c]
Mahu2021: bets 30
fakesz01: calls 30
*** RIVER *** [Ks Jd Kc 2c] [Ts]
Mahu2021: bets 135
fakesz01: folds 
Uncalled bet (135) returned to Mahu2021
Mahu2021 collected 135 from pot
Mahu2021: doesn't show hand 
*** SUMMARY ***
Total pot 135 | Rake 0 
Board [Ks Jd Kc 2c Ts]
Seat 1: BullyBastard (small blind) folded before Flop
Seat 2: Mahu2021 (big blind) collected (135)
Seat 3: fakesz01 (button) folded on the River



PokerStars Hand #247083469234: Tournament #3672597842, $1.84+$0.16 USD Hold'em No Limit - Level II (15/30) - 2023/11/13 11:43:26 CET [2023/11/13 5:43:26 ET]
Table '3672597842 1' 3-max Seat #1 is the button
Seat 1: BullyBastard (105 in chips) 
Seat 2: Mahu2021 (645 in chips) 
Seat 3: fakesz01 (750 in chips) 
Mahu2021: posts small blind 15
fakesz01: posts big blind 30
*** HOLE CARDS ***
Dealt to Mahu2021 [8d Kh]
BullyBastard: raises 75 to 105 and is all-in
Mahu2021: calls 90
fakesz01: raises 645 to 750 and is all-in
Mahu2021: folds 
Uncalled bet (645) returned to fakesz01
*** FLOP *** [Qd Qc 9c]
*** TURN *** [Qd Qc 9c] [Ac]
*** RIVER *** [Qd Qc 9c Ac] [3s]
*** SHOW DOWN ***
fakesz01: shows [7h 7c] (two pair, Queens and Sevens)
BullyBastard: shows [Td Jd] (a pair of Queens)
fakesz01 collected 315 from pot
BullyBastard finished the tournament in 3rd place
*** SUMMARY ***
Total pot 315 | Rake 0 
Board [Qd Qc 9c Ac 3s]
Seat 1: BullyBastard (button) showed [Td Jd] and lost with a pair of Queens
Seat 2: Mahu2021 (small blind) folded before Flop
Seat 3: fakesz01 (big blind) showed [7h 7c] and won (315) with two pair, Queens and Sevens



PokerStars Hand #247083471842: Tournament #3672597842, $1.84+$0.16 USD Hold'em No Limit - Level II (15/30) - 2023/11/13 11:43:46 CET [2023/11/13 5:43:46 ET]
Table '3672597842 1' 3-max Seat #3 is the button
Seat 2: Mahu2021 (540 in chips) 
Seat 3: fakesz01 (960 in chips) 
fakesz01: posts small blind 15
Mahu2021: posts big blind 30
*** HOLE CARDS ***
Dealt to Mahu2021 [6h Ah]
fakesz01: raises 60 to 90
Mahu2021: calls 60
*** FLOP *** [5s Th 4d]
Mahu2021: checks 
fakesz01: bets 90
Mahu2021: raises 360 to 450 and is all-in
fakesz01: calls 360
*** TURN *** [5s Th 4d] [9s]
*** RIVER *** [5s Th 4d 9s] [3c]
*** SHOW DOWN ***
Mahu2021: shows [6h Ah] (high card Ace)
fakesz01: shows [Ks Td] (a pair of Tens)
fakesz01 collected 1080 from pot
Mahu2021 finished the tournament in 2nd place
fakesz01 wins the tournament and receives $4.00 - congratulations!
*** SUMMARY ***
Total pot 1080 | Rake 0 
Board [5s Th 4d 9s 3c]
Seat 2: Mahu2021 (big blind) showed [6h Ah] and lost with high card Ace
Seat 3: fakesz01 (button) (small blind) showed [Ks Td] and won (1080) with a pair of Tens



