PokerStars Hand #244029165678: Tournament #3598816269, $0.92+$0.08 USD Hold'em No Limit - Level I (10/20) - 2023/06/01 14:58:17 CET [2023/06/01 8:58:17 ET]
Table '3598816269 1' 3-max Seat #1 is the button
Seat 1: linekk (500 in chips) 
Seat 2: Mahu2021 (500 in chips) 
Seat 3: frajer64 (500 in chips) 
Mahu2021: posts small blind 10
frajer64: posts big blind 20
*** HOLE CARDS ***
Dealt to Mahu2021 [9d 8d]
linekk: calls 20
Mahu2021: calls 10
frajer64: checks 
*** FLOP *** [Ad 9s Ks]
Mahu2021: checks 
frajer64: checks 
linekk: checks 
*** TURN *** [Ad 9s Ks] [Qd]
Mahu2021: bets 20
frajer64: calls 20
linekk: calls 20
*** RIVER *** [Ad 9s Ks Qd] [Kd]
Mahu2021: checks 
frajer64: checks 
linekk: bets 80
Mahu2021: folds 
frajer64: folds 
Uncalled bet (80) returned to linekk
linekk collected 120 from pot
linekk: doesn't show hand 
*** SUMMARY ***
Total pot 120 | Rake 0 
Board [Ad 9s Ks Qd Kd]
Seat 1: linekk (button) collected (120)
Seat 2: Mahu2021 (small blind) folded on the River
Seat 3: frajer64 (big blind) folded on the River



PokerStars Hand #244029169914: Tournament #3598816269, $0.92+$0.08 USD Hold'em No Limit - Level I (10/20) - 2023/06/01 14:58:44 CET [2023/06/01 8:58:44 ET]
Table '3598816269 1' 3-max Seat #2 is the button
Seat 1: linekk (580 in chips) 
Seat 2: Mahu2021 (460 in chips) 
Seat 3: frajer64 (460 in chips) 
frajer64: posts small blind 10
linekk: posts big blind 20
*** HOLE CARDS ***
Dealt to Mahu2021 [Js Jc]
Mahu2021: raises 440 to 460 and is all-in
frajer64: folds 
linekk: folds 
Uncalled bet (440) returned to Mahu2021
Mahu2021 collected 50 from pot
Mahu2021: doesn't show hand 
*** SUMMARY ***
Total pot 50 | Rake 0 
Seat 1: linekk (big blind) folded before Flop
Seat 2: Mahu2021 (button) collected (50)
Seat 3: frajer64 (small blind) folded before Flop



PokerStars Hand #244029171003: Tournament #3598816269, $0.92+$0.08 USD Hold'em No Limit - Level I (10/20) - 2023/06/01 14:58:51 CET [2023/06/01 8:58:51 ET]
Table '3598816269 1' 3-max Seat #3 is the button
Seat 1: linekk (560 in chips) 
Seat 2: Mahu2021 (490 in chips) 
Seat 3: frajer64 (450 in chips) 
linekk: posts small blind 10
Mahu2021: posts big blind 20
*** HOLE CARDS ***
Dealt to Mahu2021 [Tc 8c]
frajer64: calls 20
linekk: folds 
Mahu2021: checks 
*** FLOP *** [Jc 5s Kc]
Mahu2021: checks 
frajer64: bets 20
Mahu2021: calls 20
*** TURN *** [Jc 5s Kc] [8h]
Mahu2021: checks 
frajer64: bets 40
Mahu2021: calls 40
*** RIVER *** [Jc 5s Kc 8h] [Td]
Mahu2021: bets 170
frajer64: calls 170
*** SHOW DOWN ***
Mahu2021: shows [Tc 8c] (two pair, Tens and Eights)
frajer64: mucks hand 
Mahu2021 collected 510 from pot
*** SUMMARY ***
Total pot 510 | Rake 0 
Board [Jc 5s Kc 8h Td]
Seat 1: linekk (small blind) folded before Flop
Seat 2: Mahu2021 (big blind) showed [Tc 8c] and won (510) with two pair, Tens and Eights
Seat 3: frajer64 (button) mucked [Ks 6c]



PokerStars Hand #244029174168: Tournament #3598816269, $0.92+$0.08 USD Hold'em No Limit - Level I (10/20) - 2023/06/01 14:59:11 CET [2023/06/01 8:59:11 ET]
Table '3598816269 1' 3-max Seat #1 is the button
Seat 1: linekk (550 in chips) 
Seat 2: Mahu2021 (750 in chips) 
Seat 3: frajer64 (200 in chips) 
Mahu2021: posts small blind 10
frajer64: posts big blind 20
*** HOLE CARDS ***
Dealt to Mahu2021 [3h Kc]
linekk: folds 
Mahu2021: calls 10
frajer64: raises 180 to 200 and is all-in
Mahu2021: folds 
Uncalled bet (180) returned to frajer64
frajer64 collected 40 from pot
*** SUMMARY ***
Total pot 40 | Rake 0 
Seat 1: linekk (button) folded before Flop (didn't bet)
Seat 2: Mahu2021 (small blind) folded before Flop
Seat 3: frajer64 (big blind) collected (40)



PokerStars Hand #244029175784: Tournament #3598816269, $0.92+$0.08 USD Hold'em No Limit - Level I (10/20) - 2023/06/01 14:59:21 CET [2023/06/01 8:59:21 ET]
Table '3598816269 1' 3-max Seat #2 is the button
Seat 1: linekk (550 in chips) 
Seat 2: Mahu2021 (730 in chips) 
Seat 3: frajer64 (220 in chips) 
frajer64: posts small blind 10
linekk: posts big blind 20
*** HOLE CARDS ***
Dealt to Mahu2021 [3c 6s]
Mahu2021: folds 
frajer64: raises 200 to 220 and is all-in
linekk: calls 200
*** FLOP *** [9s Jh 8h]
*** TURN *** [9s Jh 8h] [4d]
*** RIVER *** [9s Jh 8h 4d] [7c]
*** SHOW DOWN ***
frajer64: shows [2d 2h] (a pair of Deuces)
linekk: shows [Ah Js] (a pair of Jacks)
linekk collected 440 from pot
frajer64 finished the tournament in 3rd place
*** SUMMARY ***
Total pot 440 | Rake 0 
Board [9s Jh 8h 4d 7c]
Seat 1: linekk (big blind) showed [Ah Js] and won (440) with a pair of Jacks
Seat 2: Mahu2021 (button) folded before Flop (didn't bet)
Seat 3: frajer64 (small blind) showed [2d 2h] and lost with a pair of Deuces



PokerStars Hand #244029178429: Tournament #3598816269, $0.92+$0.08 USD Hold'em No Limit - Level I (10/20) - 2023/06/01 14:59:38 CET [2023/06/01 8:59:38 ET]
Table '3598816269 1' 3-max Seat #1 is the button
Seat 1: linekk (770 in chips) 
Seat 2: Mahu2021 (730 in chips) 
linekk: posts small blind 10
Mahu2021: posts big blind 20
*** HOLE CARDS ***
Dealt to Mahu2021 [3c 2h]
linekk: calls 10
Mahu2021: checks 
*** FLOP *** [7d Js Jc]
Mahu2021: checks 
linekk: bets 20
Mahu2021: folds 
Uncalled bet (20) returned to linekk
linekk collected 40 from pot
linekk: doesn't show hand 
*** SUMMARY ***
Total pot 40 | Rake 0 
Board [7d Js Jc]
Seat 1: linekk (button) (small blind) collected (40)
Seat 2: Mahu2021 (big blind) folded on the Flop



PokerStars Hand #244029179874: Tournament #3598816269, $0.92+$0.08 USD Hold'em No Limit - Level I (10/20) - 2023/06/01 14:59:47 CET [2023/06/01 8:59:47 ET]
Table '3598816269 1' 3-max Seat #2 is the button
Seat 1: linekk (790 in chips) 
Seat 2: Mahu2021 (710 in chips) 
Mahu2021: posts small blind 10
linekk: posts big blind 20
*** HOLE CARDS ***
Dealt to Mahu2021 [6h 8s]
Mahu2021: calls 10
linekk: raises 40 to 60
Mahu2021: folds 
Uncalled bet (40) returned to linekk
linekk collected 40 from pot
linekk: doesn't show hand 
*** SUMMARY ***
Total pot 40 | Rake 0 
Seat 1: linekk (big blind) collected (40)
Seat 2: Mahu2021 (button) (small blind) folded before Flop



PokerStars Hand #244029180984: Tournament #3598816269, $0.92+$0.08 USD Hold'em No Limit - Level I (10/20) - 2023/06/01 14:59:54 CET [2023/06/01 8:59:54 ET]
Table '3598816269 1' 3-max Seat #1 is the button
Seat 1: linekk (810 in chips) 
Seat 2: Mahu2021 (690 in chips) 
linekk: posts small blind 10
Mahu2021: posts big blind 20
*** HOLE CARDS ***
Dealt to Mahu2021 [Td Jh]
linekk: folds 
Uncalled bet (10) returned to Mahu2021
Mahu2021 collected 20 from pot
Mahu2021: doesn't show hand 
*** SUMMARY ***
Total pot 20 | Rake 0 
Seat 1: linekk (button) (small blind) folded before Flop
Seat 2: Mahu2021 (big blind) collected (20)



PokerStars Hand #244029182119: Tournament #3598816269, $0.92+$0.08 USD Hold'em No Limit - Level I (10/20) - 2023/06/01 15:00:02 CET [2023/06/01 9:00:02 ET]
Table '3598816269 1' 3-max Seat #2 is the button
Seat 1: linekk (800 in chips) 
Seat 2: Mahu2021 (700 in chips) 
Mahu2021: posts small blind 10
linekk: posts big blind 20
*** HOLE CARDS ***
Dealt to Mahu2021 [9s Th]
Mahu2021: raises 20 to 40
linekk: folds 
Uncalled bet (20) returned to Mahu2021
Mahu2021 collected 40 from pot
Mahu2021: doesn't show hand 
*** SUMMARY ***
Total pot 40 | Rake 0 
Seat 1: linekk (big blind) folded before Flop
Seat 2: Mahu2021 (button) (small blind) collected (40)



PokerStars Hand #244029183008: Tournament #3598816269, $0.92+$0.08 USD Hold'em No Limit - Level I (10/20) - 2023/06/01 15:00:07 CET [2023/06/01 9:00:07 ET]
Table '3598816269 1' 3-max Seat #1 is the button
Seat 1: linekk (780 in chips) 
Seat 2: Mahu2021 (720 in chips) 
linekk: posts small blind 10
Mahu2021: posts big blind 20
*** HOLE CARDS ***
Dealt to Mahu2021 [9h Qc]
linekk: folds 
Uncalled bet (10) returned to Mahu2021
Mahu2021 collected 20 from pot
Mahu2021: doesn't show hand 
*** SUMMARY ***
Total pot 20 | Rake 0 
Seat 1: linekk (button) (small blind) folded before Flop
Seat 2: Mahu2021 (big blind) collected (20)



PokerStars Hand #244029183787: Tournament #3598816269, $0.92+$0.08 USD Hold'em No Limit - Level I (10/20) - 2023/06/01 15:00:12 CET [2023/06/01 9:00:12 ET]
Table '3598816269 1' 3-max Seat #2 is the button
Seat 1: linekk (770 in chips) 
Seat 2: Mahu2021 (730 in chips) 
Mahu2021: posts small blind 10
linekk: posts big blind 20
*** HOLE CARDS ***
Dealt to Mahu2021 [7s 4d]
Mahu2021: folds 
Uncalled bet (10) returned to linekk
linekk collected 20 from pot
linekk: doesn't show hand 
*** SUMMARY ***
Total pot 20 | Rake 0 
Seat 1: linekk (big blind) collected (20)
Seat 2: Mahu2021 (button) (small blind) folded before Flop



PokerStars Hand #244029184446: Tournament #3598816269, $0.92+$0.08 USD Hold'em No Limit - Level I (10/20) - 2023/06/01 15:00:16 CET [2023/06/01 9:00:16 ET]
Table '3598816269 1' 3-max Seat #1 is the button
Seat 1: linekk (780 in chips) 
Seat 2: Mahu2021 (720 in chips) 
linekk: posts small blind 10
Mahu2021: posts big blind 20
*** HOLE CARDS ***
Dealt to Mahu2021 [7h 2h]
linekk: calls 10
Mahu2021: checks 
*** FLOP *** [9d Qh Qd]
Mahu2021: checks 
linekk: checks 
*** TURN *** [9d Qh Qd] [Js]
Mahu2021: checks 
linekk: bets 20
Mahu2021: folds 
Uncalled bet (20) returned to linekk
linekk collected 40 from pot
linekk: doesn't show hand 
*** SUMMARY ***
Total pot 40 | Rake 0 
Board [9d Qh Qd Js]
Seat 1: linekk (button) (small blind) collected (40)
Seat 2: Mahu2021 (big blind) folded on the Turn



PokerStars Hand #244029187066: Tournament #3598816269, $0.92+$0.08 USD Hold'em No Limit - Level II (15/30) - 2023/06/01 15:00:32 CET [2023/06/01 9:00:32 ET]
Table '3598816269 1' 3-max Seat #2 is the button
Seat 1: linekk (800 in chips) 
Seat 2: Mahu2021 (700 in chips) 
Mahu2021: posts small blind 15
linekk: posts big blind 30
*** HOLE CARDS ***
Dealt to Mahu2021 [8c 9c]
Mahu2021: raises 30 to 60
linekk: calls 30
*** FLOP *** [5s Jc Jd]
linekk: checks 
Mahu2021: checks 
*** TURN *** [5s Jc Jd] [Qs]
linekk: checks 
Mahu2021: checks 
*** RIVER *** [5s Jc Jd Qs] [5h]
linekk: checks 
Mahu2021: bets 60
linekk: folds 
Uncalled bet (60) returned to Mahu2021
Mahu2021 collected 120 from pot
Mahu2021: doesn't show hand 
*** SUMMARY ***
Total pot 120 | Rake 0 
Board [5s Jc Jd Qs 5h]
Seat 1: linekk (big blind) folded on the River
Seat 2: Mahu2021 (button) (small blind) collected (120)



PokerStars Hand #244029190204: Tournament #3598816269, $0.92+$0.08 USD Hold'em No Limit - Level II (15/30) - 2023/06/01 15:00:51 CET [2023/06/01 9:00:51 ET]
Table '3598816269 1' 3-max Seat #1 is the button
Seat 1: linekk (740 in chips) 
Seat 2: Mahu2021 (760 in chips) 
linekk: posts small blind 15
Mahu2021: posts big blind 30
*** HOLE CARDS ***
Dealt to Mahu2021 [7c 8c]
linekk: raises 60 to 90
Mahu2021: calls 60
*** FLOP *** [2s 5s Qd]
Mahu2021: checks 
linekk: bets 60
Mahu2021: folds 
Uncalled bet (60) returned to linekk
linekk collected 180 from pot
linekk: doesn't show hand 
*** SUMMARY ***
Total pot 180 | Rake 0 
Board [2s 5s Qd]
Seat 1: linekk (button) (small blind) collected (180)
Seat 2: Mahu2021 (big blind) folded on the Flop



PokerStars Hand #244029192379: Tournament #3598816269, $0.92+$0.08 USD Hold'em No Limit - Level II (15/30) - 2023/06/01 15:01:02 CET [2023/06/01 9:01:02 ET]
Table '3598816269 1' 3-max Seat #2 is the button
Seat 1: linekk (830 in chips) 
Seat 2: Mahu2021 (670 in chips) 
Mahu2021: posts small blind 15
linekk: posts big blind 30
*** HOLE CARDS ***
Dealt to Mahu2021 [2d 4d]
Mahu2021: calls 15
linekk: checks 
*** FLOP *** [Js Ks 2h]
linekk: bets 30
Mahu2021: calls 30
*** TURN *** [Js Ks 2h] [8h]
linekk: bets 60
Mahu2021: calls 60
*** RIVER *** [Js Ks 2h 8h] [Qd]
linekk: bets 60
Mahu2021: folds 
Uncalled bet (60) returned to linekk
linekk collected 240 from pot
linekk: doesn't show hand 
*** SUMMARY ***
Total pot 240 | Rake 0 
Board [Js Ks 2h 8h Qd]
Seat 1: linekk (big blind) collected (240)
Seat 2: Mahu2021 (button) (small blind) folded on the River



PokerStars Hand #244029194866: Tournament #3598816269, $0.92+$0.08 USD Hold'em No Limit - Level II (15/30) - 2023/06/01 15:01:16 CET [2023/06/01 9:01:16 ET]
Table '3598816269 1' 3-max Seat #1 is the button
Seat 1: linekk (950 in chips) 
Seat 2: Mahu2021 (550 in chips) 
linekk: posts small blind 15
Mahu2021: posts big blind 30
*** HOLE CARDS ***
Dealt to Mahu2021 [Qc 7s]
linekk: calls 15
Mahu2021: checks 
*** FLOP *** [Jd Ts 6h]
Mahu2021: checks 
linekk: checks 
*** TURN *** [Jd Ts 6h] [9d]
Mahu2021: checks 
linekk: bets 30
Mahu2021: folds 
Uncalled bet (30) returned to linekk
linekk collected 60 from pot
linekk: doesn't show hand 
*** SUMMARY ***
Total pot 60 | Rake 0 
Board [Jd Ts 6h 9d]
Seat 1: linekk (button) (small blind) collected (60)
Seat 2: Mahu2021 (big blind) folded on the Turn



PokerStars Hand #244029196984: Tournament #3598816269, $0.92+$0.08 USD Hold'em No Limit - Level II (15/30) - 2023/06/01 15:01:28 CET [2023/06/01 9:01:28 ET]
Table '3598816269 1' 3-max Seat #2 is the button
Seat 1: linekk (980 in chips) 
Seat 2: Mahu2021 (520 in chips) 
Mahu2021: posts small blind 15
linekk: posts big blind 30
*** HOLE CARDS ***
Dealt to Mahu2021 [Td Kh]
Mahu2021: raises 30 to 60
linekk: folds 
Uncalled bet (30) returned to Mahu2021
Mahu2021 collected 60 from pot
Mahu2021: doesn't show hand 
*** SUMMARY ***
Total pot 60 | Rake 0 
Seat 1: linekk (big blind) folded before Flop
Seat 2: Mahu2021 (button) (small blind) collected (60)



PokerStars Hand #244029197968: Tournament #3598816269, $0.92+$0.08 USD Hold'em No Limit - Level II (15/30) - 2023/06/01 15:01:33 CET [2023/06/01 9:01:33 ET]
Table '3598816269 1' 3-max Seat #1 is the button
Seat 1: linekk (950 in chips) 
Seat 2: Mahu2021 (550 in chips) 
linekk: posts small blind 15
Mahu2021: posts big blind 30
*** HOLE CARDS ***
Dealt to Mahu2021 [4c Qs]
linekk: calls 15
Mahu2021: checks 
*** FLOP *** [Td 3c 6c]
Mahu2021: checks 
linekk: bets 30
Mahu2021: calls 30
*** TURN *** [Td 3c 6c] [2h]
Mahu2021: checks 
linekk: bets 60
Mahu2021: folds 
Uncalled bet (60) returned to linekk
linekk collected 120 from pot
linekk: doesn't show hand 
*** SUMMARY ***
Total pot 120 | Rake 0 
Board [Td 3c 6c 2h]
Seat 1: linekk (button) (small blind) collected (120)
Seat 2: Mahu2021 (big blind) folded on the Turn



PokerStars Hand #244029200384: Tournament #3598816269, $0.92+$0.08 USD Hold'em No Limit - Level II (15/30) - 2023/06/01 15:01:47 CET [2023/06/01 9:01:47 ET]
Table '3598816269 1' 3-max Seat #2 is the button
Seat 1: linekk (1010 in chips) 
Seat 2: Mahu2021 (490 in chips) 
Mahu2021: posts small blind 15
linekk: posts big blind 30
*** HOLE CARDS ***
Dealt to Mahu2021 [As Qc]
Mahu2021: calls 15
linekk: checks 
*** FLOP *** [Ts 9h Ah]
linekk: bets 30
Mahu2021: calls 30
*** TURN *** [Ts 9h Ah] [5c]
linekk: checks 
Mahu2021: bets 60
linekk: calls 60
*** RIVER *** [Ts 9h Ah 5c] [6s]
linekk: checks 
Mahu2021: bets 60
linekk: calls 60
*** SHOW DOWN ***
Mahu2021: shows [As Qc] (a pair of Aces)
linekk: mucks hand 
Mahu2021 collected 360 from pot
*** SUMMARY ***
Total pot 360 | Rake 0 
Board [Ts 9h Ah 5c 6s]
Seat 1: linekk (big blind) mucked [9s Jh]
Seat 2: Mahu2021 (button) (small blind) showed [As Qc] and won (360) with a pair of Aces



PokerStars Hand #244029203569: Tournament #3598816269, $0.92+$0.08 USD Hold'em No Limit - Level II (15/30) - 2023/06/01 15:02:04 CET [2023/06/01 9:02:04 ET]
Table '3598816269 1' 3-max Seat #1 is the button
Seat 1: linekk (830 in chips) 
Seat 2: Mahu2021 (670 in chips) 
linekk: posts small blind 15
Mahu2021: posts big blind 30
*** HOLE CARDS ***
Dealt to Mahu2021 [8s Kh]
linekk: raises 30 to 60
Mahu2021: calls 30
*** FLOP *** [Qc Jc 9c]
Mahu2021: checks 
linekk: bets 60
Mahu2021: folds 
Uncalled bet (60) returned to linekk
linekk collected 120 from pot
linekk: doesn't show hand 
*** SUMMARY ***
Total pot 120 | Rake 0 
Board [Qc Jc 9c]
Seat 1: linekk (button) (small blind) collected (120)
Seat 2: Mahu2021 (big blind) folded on the Flop



PokerStars Hand #244029207338: Tournament #3598816269, $0.92+$0.08 USD Hold'em No Limit - Level III (20/40) - 2023/06/01 15:02:25 CET [2023/06/01 9:02:25 ET]
Table '3598816269 1' 3-max Seat #2 is the button
Seat 1: linekk (890 in chips) 
Seat 2: Mahu2021 (610 in chips) 
Mahu2021: posts small blind 20
linekk: posts big blind 40
*** HOLE CARDS ***
Dealt to Mahu2021 [5s 4h]
Mahu2021: calls 20
linekk: checks 
*** FLOP *** [2c As Qc]
linekk: bets 40
Mahu2021: folds 
Uncalled bet (40) returned to linekk
linekk collected 80 from pot
linekk: doesn't show hand 
*** SUMMARY ***
Total pot 80 | Rake 0 
Board [2c As Qc]
Seat 1: linekk (big blind) collected (80)
Seat 2: Mahu2021 (button) (small blind) folded on the Flop



PokerStars Hand #244029208987: Tournament #3598816269, $0.92+$0.08 USD Hold'em No Limit - Level III (20/40) - 2023/06/01 15:02:33 CET [2023/06/01 9:02:33 ET]
Table '3598816269 1' 3-max Seat #1 is the button
Seat 1: linekk (930 in chips) 
Seat 2: Mahu2021 (570 in chips) 
linekk: posts small blind 20
Mahu2021: posts big blind 40
*** HOLE CARDS ***
Dealt to Mahu2021 [4h 8c]
linekk: folds 
Uncalled bet (20) returned to Mahu2021
Mahu2021 collected 40 from pot
Mahu2021: doesn't show hand 
*** SUMMARY ***
Total pot 40 | Rake 0 
Seat 1: linekk (button) (small blind) folded before Flop
Seat 2: Mahu2021 (big blind) collected (40)



PokerStars Hand #244029209858: Tournament #3598816269, $0.92+$0.08 USD Hold'em No Limit - Level III (20/40) - 2023/06/01 15:02:38 CET [2023/06/01 9:02:38 ET]
Table '3598816269 1' 3-max Seat #2 is the button
Seat 1: linekk (910 in chips) 
Seat 2: Mahu2021 (590 in chips) 
Mahu2021: posts small blind 20
linekk: posts big blind 40
*** HOLE CARDS ***
Dealt to Mahu2021 [8s Kd]
Mahu2021: raises 40 to 80
linekk: calls 40
*** FLOP *** [Js 5c 3s]
linekk: checks 
Mahu2021: bets 160
linekk: folds 
Uncalled bet (160) returned to Mahu2021
Mahu2021 collected 160 from pot
Mahu2021: doesn't show hand 
*** SUMMARY ***
Total pot 160 | Rake 0 
Board [Js 5c 3s]
Seat 1: linekk (big blind) folded on the Flop
Seat 2: Mahu2021 (button) (small blind) collected (160)



PokerStars Hand #244029212103: Tournament #3598816269, $0.92+$0.08 USD Hold'em No Limit - Level III (20/40) - 2023/06/01 15:02:50 CET [2023/06/01 9:02:50 ET]
Table '3598816269 1' 3-max Seat #1 is the button
Seat 1: linekk (830 in chips) 
Seat 2: Mahu2021 (670 in chips) 
linekk: posts small blind 20
Mahu2021: posts big blind 40
*** HOLE CARDS ***
Dealt to Mahu2021 [3s Jc]
linekk: calls 20
Mahu2021: checks 
*** FLOP *** [Jd 4s 6s]
Mahu2021: checks 
linekk: bets 40
Mahu2021: calls 40
*** TURN *** [Jd 4s 6s] [8c]
Mahu2021: checks 
linekk: bets 40
Mahu2021: calls 40
*** RIVER *** [Jd 4s 6s 8c] [Ac]
Mahu2021: checks 
linekk: checks 
*** SHOW DOWN ***
Mahu2021: shows [3s Jc] (a pair of Jacks)
linekk: mucks hand 
Mahu2021 collected 240 from pot
*** SUMMARY ***
Total pot 240 | Rake 0 
Board [Jd 4s 6s 8c Ac]
Seat 1: linekk (button) (small blind) mucked [6h 3d]
Seat 2: Mahu2021 (big blind) showed [3s Jc] and won (240) with a pair of Jacks



PokerStars Hand #244029215056: Tournament #3598816269, $0.92+$0.08 USD Hold'em No Limit - Level III (20/40) - 2023/06/01 15:03:06 CET [2023/06/01 9:03:06 ET]
Table '3598816269 1' 3-max Seat #2 is the button
Seat 1: linekk (710 in chips) 
Seat 2: Mahu2021 (790 in chips) 
Mahu2021: posts small blind 20
linekk: posts big blind 40
*** HOLE CARDS ***
Dealt to Mahu2021 [2d Tc]
Mahu2021: folds 
Uncalled bet (20) returned to linekk
linekk collected 40 from pot
linekk: doesn't show hand 
*** SUMMARY ***
Total pot 40 | Rake 0 
Seat 1: linekk (big blind) collected (40)
Seat 2: Mahu2021 (button) (small blind) folded before Flop



PokerStars Hand #244029215936: Tournament #3598816269, $0.92+$0.08 USD Hold'em No Limit - Level III (20/40) - 2023/06/01 15:03:10 CET [2023/06/01 9:03:10 ET]
Table '3598816269 1' 3-max Seat #1 is the button
Seat 1: linekk (730 in chips) 
Seat 2: Mahu2021 (770 in chips) 
linekk: posts small blind 20
Mahu2021: posts big blind 40
*** HOLE CARDS ***
Dealt to Mahu2021 [9d Kd]
linekk: raises 40 to 80
Mahu2021: calls 40
*** FLOP *** [9h 7c 3h]
Mahu2021: bets 160
linekk: calls 160
*** TURN *** [9h 7c 3h] [Tc]
Mahu2021: bets 530 and is all-in
linekk: calls 490 and is all-in
Uncalled bet (40) returned to Mahu2021
*** RIVER *** [9h 7c 3h Tc] [2c]
*** SHOW DOWN ***
Mahu2021: shows [9d Kd] (a pair of Nines)
linekk: shows [3s 3c] (three of a kind, Threes)
linekk collected 1460 from pot
*** SUMMARY ***
Total pot 1460 | Rake 0 
Board [9h 7c 3h Tc 2c]
Seat 1: linekk (button) (small blind) showed [3s 3c] and won (1460) with three of a kind, Threes
Seat 2: Mahu2021 (big blind) showed [9d Kd] and lost with a pair of Nines



PokerStars Hand #244029218941: Tournament #3598816269, $0.92+$0.08 USD Hold'em No Limit - Level III (20/40) - 2023/06/01 15:03:27 CET [2023/06/01 9:03:27 ET]
Table '3598816269 1' 3-max Seat #2 is the button
Seat 1: linekk (1460 in chips) 
Seat 2: Mahu2021 (40 in chips) 
Mahu2021: posts small blind 20
linekk: posts big blind 40
*** HOLE CARDS ***
Dealt to Mahu2021 [7d 5h]
Mahu2021: calls 20 and is all-in
*** FLOP *** [4h Jd 5d]
*** TURN *** [4h Jd 5d] [Qs]
*** RIVER *** [4h Jd 5d Qs] [8c]
*** SHOW DOWN ***
linekk: shows [Kh 2d] (high card King)
Mahu2021: shows [7d 5h] (a pair of Fives)
Mahu2021 collected 80 from pot
*** SUMMARY ***
Total pot 80 | Rake 0 
Board [4h Jd 5d Qs 8c]
Seat 1: linekk (big blind) showed [Kh 2d] and lost with high card King
Seat 2: Mahu2021 (button) (small blind) showed [7d 5h] and won (80) with a pair of Fives



PokerStars Hand #244029220848: Tournament #3598816269, $0.92+$0.08 USD Hold'em No Limit - Level III (20/40) - 2023/06/01 15:03:37 CET [2023/06/01 9:03:37 ET]
Table '3598816269 1' 3-max Seat #1 is the button
Seat 1: linekk (1420 in chips) 
Seat 2: Mahu2021 (80 in chips) 
linekk: posts small blind 20
Mahu2021: posts big blind 40
*** HOLE CARDS ***
Dealt to Mahu2021 [9c 9d]
linekk: raises 40 to 80
Mahu2021: calls 40 and is all-in
*** FLOP *** [8c 5h 7s]
*** TURN *** [8c 5h 7s] [Qd]
*** RIVER *** [8c 5h 7s Qd] [9s]
*** SHOW DOWN ***
Mahu2021: shows [9c 9d] (three of a kind, Nines)
linekk: shows [Kh Qh] (a pair of Queens)
Mahu2021 collected 160 from pot
*** SUMMARY ***
Total pot 160 | Rake 0 
Board [8c 5h 7s Qd 9s]
Seat 1: linekk (button) (small blind) showed [Kh Qh] and lost with a pair of Queens
Seat 2: Mahu2021 (big blind) showed [9c 9d] and won (160) with three of a kind, Nines



