PokerStars Hand #244775256274: Tournament #3616116445, $9.30+$0.70 USD Hold'em No Limit - Level I (10/20) - 2023/07/12 21:11:35 CET [2023/07/12 15:11:35 ET]
Table '3616116445 1' 3-max Seat #1 is the button
Seat 1: Schwebbo (500 in chips) 
Seat 2: Mahu2021 (500 in chips) 
Seat 3: tamer75 (500 in chips) 
Mahu2021: posts small blind 10
tamer75: posts big blind 20
*** HOLE CARDS ***
Dealt to Mahu2021 [8s Qd]
Schwebbo: raises 20 to 40
Mahu2021: folds 
tamer75: folds 
Uncalled bet (20) returned to Schwebbo
Schwebbo collected 50 from pot
Schwebbo: doesn't show hand 
*** SUMMARY ***
Total pot 50 | Rake 0 
Seat 1: Schwebbo (button) collected (50)
Seat 2: Mahu2021 (small blind) folded before Flop
Seat 3: tamer75 (big blind) folded before Flop



PokerStars Hand #244775260620: Tournament #3616116445, $9.30+$0.70 USD Hold'em No Limit - Level I (10/20) - 2023/07/12 21:11:48 CET [2023/07/12 15:11:48 ET]
Table '3616116445 1' 3-max Seat #2 is the button
Seat 1: Schwebbo (530 in chips) 
Seat 2: Mahu2021 (490 in chips) 
Seat 3: tamer75 (480 in chips) 
tamer75: posts small blind 10
Schwebbo: posts big blind 20
*** HOLE CARDS ***
Dealt to Mahu2021 [5h Jc]
Mahu2021: folds 
tamer75: calls 10
Schwebbo: raises 20 to 40
tamer75: folds 
Uncalled bet (20) returned to Schwebbo
Schwebbo collected 40 from pot
Schwebbo: doesn't show hand 
*** SUMMARY ***
Total pot 40 | Rake 0 
Seat 1: Schwebbo (big blind) collected (40)
Seat 2: Mahu2021 (button) folded before Flop (didn't bet)
Seat 3: tamer75 (small blind) folded before Flop



PokerStars Hand #244775267341: Tournament #3616116445, $9.30+$0.70 USD Hold'em No Limit - Level I (10/20) - 2023/07/12 21:12:07 CET [2023/07/12 15:12:07 ET]
Table '3616116445 1' 3-max Seat #3 is the button
Seat 1: Schwebbo (550 in chips) 
Seat 2: Mahu2021 (490 in chips) 
Seat 3: tamer75 (460 in chips) 
Schwebbo: posts small blind 10
Mahu2021: posts big blind 20
*** HOLE CARDS ***
Dealt to Mahu2021 [Ah 4s]
tamer75: raises 20 to 40
Schwebbo: calls 30
Mahu2021: calls 20
*** FLOP *** [7d 5h 5c]
Schwebbo: bets 60
Mahu2021: folds 
tamer75: folds 
Uncalled bet (60) returned to Schwebbo
Schwebbo collected 120 from pot
Schwebbo: doesn't show hand 
*** SUMMARY ***
Total pot 120 | Rake 0 
Board [7d 5h 5c]
Seat 1: Schwebbo (small blind) collected (120)
Seat 2: Mahu2021 (big blind) folded on the Flop
Seat 3: tamer75 (button) folded on the Flop



PokerStars Hand #244775274673: Tournament #3616116445, $9.30+$0.70 USD Hold'em No Limit - Level I (10/20) - 2023/07/12 21:12:28 CET [2023/07/12 15:12:28 ET]
Table '3616116445 1' 3-max Seat #1 is the button
Seat 1: Schwebbo (630 in chips) 
Seat 2: Mahu2021 (450 in chips) 
Seat 3: tamer75 (420 in chips) 
Mahu2021: posts small blind 10
tamer75: posts big blind 20
*** HOLE CARDS ***
Dealt to Mahu2021 [5s 7s]
Schwebbo: raises 20 to 40
Mahu2021: calls 30
tamer75: raises 120 to 160
Schwebbo: calls 120
Mahu2021: folds 
*** FLOP *** [Th 4c 3s]
tamer75: bets 180
Schwebbo: raises 180 to 360
tamer75: calls 80 and is all-in
Uncalled bet (100) returned to Schwebbo
*** TURN *** [Th 4c 3s] [3h]
*** RIVER *** [Th 4c 3s 3h] [6c]
*** SHOW DOWN ***
tamer75: shows [Qc Qh] (two pair, Queens and Threes)
Schwebbo: shows [5h 6h] (two pair, Sixes and Threes)
tamer75 collected 880 from pot
*** SUMMARY ***
Total pot 880 | Rake 0 
Board [Th 4c 3s 3h 6c]
Seat 1: Schwebbo (button) showed [5h 6h] and lost with two pair, Sixes and Threes
Seat 2: Mahu2021 (small blind) folded before Flop
Seat 3: tamer75 (big blind) showed [Qc Qh] and won (880) with two pair, Queens and Threes



PokerStars Hand #244775286064: Tournament #3616116445, $9.30+$0.70 USD Hold'em No Limit - Level I (10/20) - 2023/07/12 21:13:00 CET [2023/07/12 15:13:00 ET]
Table '3616116445 1' 3-max Seat #2 is the button
Seat 1: Schwebbo (210 in chips) 
Seat 2: Mahu2021 (410 in chips) 
Seat 3: tamer75 (880 in chips) 
tamer75: posts small blind 10
Schwebbo: posts big blind 20
*** HOLE CARDS ***
Dealt to Mahu2021 [Jc 4h]
Mahu2021: folds 
tamer75: raises 20 to 40
Schwebbo: calls 20
*** FLOP *** [5c 8h 5h]
tamer75: checks 
Schwebbo: bets 170 and is all-in
tamer75: folds 
Uncalled bet (170) returned to Schwebbo
Schwebbo collected 80 from pot
Schwebbo: doesn't show hand 
*** SUMMARY ***
Total pot 80 | Rake 0 
Board [5c 8h 5h]
Seat 1: Schwebbo (big blind) collected (80)
Seat 2: Mahu2021 (button) folded before Flop (didn't bet)
Seat 3: tamer75 (small blind) folded on the Flop



PokerStars Hand #244775298383: Tournament #3616116445, $9.30+$0.70 USD Hold'em No Limit - Level I (10/20) - 2023/07/12 21:13:35 CET [2023/07/12 15:13:35 ET]
Table '3616116445 1' 3-max Seat #3 is the button
Seat 1: Schwebbo (250 in chips) 
Seat 2: Mahu2021 (410 in chips) 
Seat 3: tamer75 (840 in chips) 
Schwebbo: posts small blind 10
Mahu2021: posts big blind 20
*** HOLE CARDS ***
Dealt to Mahu2021 [Kd Th]
tamer75: folds 
Schwebbo: raises 20 to 40
Mahu2021: calls 20
*** FLOP *** [Td Ts 5c]
Schwebbo: bets 40
Mahu2021: calls 40
*** TURN *** [Td Ts 5c] [Ad]
Schwebbo: checks 
Mahu2021: bets 40
Schwebbo: calls 40
*** RIVER *** [Td Ts 5c Ad] [Qc]
Schwebbo: checks 
Mahu2021: bets 40
Schwebbo: calls 40
*** SHOW DOWN ***
Mahu2021: shows [Kd Th] (three of a kind, Tens)
Schwebbo: mucks hand 
Mahu2021 collected 320 from pot
*** SUMMARY ***
Total pot 320 | Rake 0 
Board [Td Ts 5c Ad Qc]
Seat 1: Schwebbo (small blind) mucked [9s Ks]
Seat 2: Mahu2021 (big blind) showed [Kd Th] and won (320) with three of a kind, Tens
Seat 3: tamer75 (button) folded before Flop (didn't bet)



PokerStars Hand #244775315175: Tournament #3616116445, $9.30+$0.70 USD Hold'em No Limit - Level II (15/30) - 2023/07/12 21:14:23 CET [2023/07/12 15:14:23 ET]
Table '3616116445 1' 3-max Seat #1 is the button
Seat 1: Schwebbo (90 in chips) 
Seat 2: Mahu2021 (570 in chips) 
Seat 3: tamer75 (840 in chips) 
Mahu2021: posts small blind 15
tamer75: posts big blind 30
*** HOLE CARDS ***
Dealt to Mahu2021 [Ah 9d]
Schwebbo: raises 60 to 90 and is all-in
Mahu2021: calls 75
tamer75: calls 60
*** FLOP *** [2s 4c 6d]
Mahu2021: checks 
tamer75: checks 
*** TURN *** [2s 4c 6d] [7h]
Mahu2021: checks 
tamer75: checks 
*** RIVER *** [2s 4c 6d 7h] [3c]
Mahu2021: checks 
tamer75: checks 
*** SHOW DOWN ***
Mahu2021: shows [Ah 9d] (high card Ace)
tamer75: shows [3d As] (a pair of Threes)
Schwebbo: shows [7c Kh] (a pair of Sevens)
Schwebbo collected 270 from pot
*** SUMMARY ***
Total pot 270 | Rake 0 
Board [2s 4c 6d 7h 3c]
Seat 1: Schwebbo (button) showed [7c Kh] and won (270) with a pair of Sevens
Seat 2: Mahu2021 (small blind) showed [Ah 9d] and lost with high card Ace
Seat 3: tamer75 (big blind) showed [3d As] and lost with a pair of Threes



PokerStars Hand #244775322611: Tournament #3616116445, $9.30+$0.70 USD Hold'em No Limit - Level II (15/30) - 2023/07/12 21:14:44 CET [2023/07/12 15:14:44 ET]
Table '3616116445 1' 3-max Seat #2 is the button
Seat 1: Schwebbo (270 in chips) 
Seat 2: Mahu2021 (480 in chips) 
Seat 3: tamer75 (750 in chips) 
tamer75: posts small blind 15
Schwebbo: posts big blind 30
*** HOLE CARDS ***
Dealt to Mahu2021 [Ks Qd]
Mahu2021: raises 30 to 60
tamer75: raises 150 to 210
Schwebbo: folds 
Mahu2021: calls 150
*** FLOP *** [Th 6h As]
tamer75: checks 
Mahu2021: bets 30
tamer75: calls 30
*** TURN *** [Th 6h As] [Qs]
tamer75: bets 255
Mahu2021: calls 240 and is all-in
Uncalled bet (15) returned to tamer75
*** RIVER *** [Th 6h As Qs] [3h]
*** SHOW DOWN ***
tamer75: shows [Ad Ts] (two pair, Aces and Tens)
Mahu2021: shows [Ks Qd] (a pair of Queens)
tamer75 collected 990 from pot
Mahu2021 finished the tournament in 3rd place
*** SUMMARY ***
Total pot 990 | Rake 0 
Board [Th 6h As Qs 3h]
Seat 1: Schwebbo (big blind) folded before Flop
Seat 2: Mahu2021 (button) showed [Ks Qd] and lost with a pair of Queens
Seat 3: tamer75 (small blind) showed [Ad Ts] and won (990) with two pair, Aces and Tens



