PokerStars Hand #244510241201: Tournament #3609968549, $0.92+$0.08 USD Hold'em No Limit - Level I (10/20) - 2023/06/28 16:18:20 CET [2023/06/28 10:18:20 ET]
Table '3609968549 1' 3-max Seat #1 is the button
Seat 1: Praenomen S (500 in chips) 
Seat 2: Mahu2021 (500 in chips) 
Seat 3: rmisund (500 in chips) 
Mahu2021: posts small blind 10
rmisund: posts big blind 20
*** HOLE CARDS ***
Dealt to Mahu2021 [Jc 5d]
Praenomen S: folds 
Mahu2021: folds 
Uncalled bet (10) returned to rmisund
rmisund collected 20 from pot
rmisund: doesn't show hand 
*** SUMMARY ***
Total pot 20 | Rake 0 
Seat 1: Praenomen S (button) folded before Flop (didn't bet)
Seat 2: Mahu2021 (small blind) folded before Flop
Seat 3: rmisund (big blind) collected (20)



PokerStars Hand #244510243296: Tournament #3609968549, $0.92+$0.08 USD Hold'em No Limit - Level I (10/20) - 2023/06/28 16:18:30 CET [2023/06/28 10:18:30 ET]
Table '3609968549 1' 3-max Seat #2 is the button
Seat 1: Praenomen S (500 in chips) 
Seat 2: Mahu2021 (490 in chips) 
Seat 3: rmisund (510 in chips) 
rmisund: posts small blind 10
Praenomen S: posts big blind 20
*** HOLE CARDS ***
Dealt to Mahu2021 [9c 3h]
Mahu2021: folds 
rmisund has timed out while disconnected
rmisund: folds 
rmisund is sitting out
Uncalled bet (10) returned to Praenomen S
Praenomen S collected 20 from pot
Praenomen S: doesn't show hand 
*** SUMMARY ***
Total pot 20 | Rake 0 
Seat 1: Praenomen S (big blind) collected (20)
Seat 2: Mahu2021 (button) folded before Flop (didn't bet)
Seat 3: rmisund (small blind) folded before Flop



PokerStars Hand #244510246825: Tournament #3609968549, $0.92+$0.08 USD Hold'em No Limit - Level I (10/20) - 2023/06/28 16:18:46 CET [2023/06/28 10:18:46 ET]
Table '3609968549 1' 3-max Seat #3 is the button
Seat 1: Praenomen S (510 in chips) 
Seat 2: Mahu2021 (490 in chips) 
Seat 3: rmisund (500 in chips) is sitting out
Praenomen S: posts small blind 10
Mahu2021: posts big blind 20
*** HOLE CARDS ***
Dealt to Mahu2021 [4h 9h]
rmisund: folds 
Praenomen S: raises 20 to 40
Mahu2021: calls 20
*** FLOP *** [Jc 7s 2s]
Praenomen S: bets 24
Mahu2021: folds 
Uncalled bet (24) returned to Praenomen S
Praenomen S collected 80 from pot
Praenomen S: doesn't show hand 
*** SUMMARY ***
Total pot 80 | Rake 0 
Board [Jc 7s 2s]
Seat 1: Praenomen S (small blind) collected (80)
Seat 2: Mahu2021 (big blind) folded on the Flop
Seat 3: rmisund (button) folded before Flop (didn't bet)



PokerStars Hand #244510248546: Tournament #3609968549, $0.92+$0.08 USD Hold'em No Limit - Level I (10/20) - 2023/06/28 16:18:54 CET [2023/06/28 10:18:54 ET]
Table '3609968549 1' 3-max Seat #1 is the button
Seat 1: Praenomen S (550 in chips) 
Seat 2: Mahu2021 (450 in chips) 
Seat 3: rmisund (500 in chips) is sitting out
Mahu2021: posts small blind 10
rmisund: posts big blind 20
*** HOLE CARDS ***
Dealt to Mahu2021 [Ah Kd]
Praenomen S: calls 20
rmisund has returned
Mahu2021: raises 430 to 450 and is all-in
rmisund: folds 
Praenomen S: folds 
Uncalled bet (430) returned to Mahu2021
Mahu2021 collected 60 from pot
Mahu2021: doesn't show hand 
*** SUMMARY ***
Total pot 60 | Rake 0 
Seat 1: Praenomen S (button) folded before Flop
Seat 2: Mahu2021 (small blind) collected (60)
Seat 3: rmisund (big blind) folded before Flop



PokerStars Hand #244510250387: Tournament #3609968549, $0.92+$0.08 USD Hold'em No Limit - Level I (10/20) - 2023/06/28 16:19:03 CET [2023/06/28 10:19:03 ET]
Table '3609968549 1' 3-max Seat #2 is the button
Seat 1: Praenomen S (530 in chips) 
Seat 2: Mahu2021 (490 in chips) 
Seat 3: rmisund (480 in chips) 
rmisund: posts small blind 10
Praenomen S: posts big blind 20
*** HOLE CARDS ***
Dealt to Mahu2021 [2h 8d]
Mahu2021: folds 
rmisund: raises 40 to 60
Praenomen S: folds 
Uncalled bet (40) returned to rmisund
rmisund collected 40 from pot
rmisund: doesn't show hand 
*** SUMMARY ***
Total pot 40 | Rake 0 
Seat 1: Praenomen S (big blind) folded before Flop
Seat 2: Mahu2021 (button) folded before Flop (didn't bet)
Seat 3: rmisund (small blind) collected (40)



PokerStars Hand #244510252011: Tournament #3609968549, $0.92+$0.08 USD Hold'em No Limit - Level I (10/20) - 2023/06/28 16:19:11 CET [2023/06/28 10:19:11 ET]
Table '3609968549 1' 3-max Seat #3 is the button
Seat 1: Praenomen S (510 in chips) 
Seat 2: Mahu2021 (490 in chips) 
Seat 3: rmisund (500 in chips) 
Praenomen S: posts small blind 10
Mahu2021: posts big blind 20
*** HOLE CARDS ***
Dealt to Mahu2021 [8c 9d]
rmisund: folds 
Praenomen S: raises 40 to 60
Mahu2021: calls 40
*** FLOP *** [Td 4s 8s]
Praenomen S: bets 30
Mahu2021: calls 30
*** TURN *** [Td 4s 8s] [Qd]
Praenomen S: bets 135
Mahu2021: calls 135
*** RIVER *** [Td 4s 8s Qd] [Kc]
Praenomen S: bets 285 and is all-in
Mahu2021: folds 
Uncalled bet (285) returned to Praenomen S
Praenomen S collected 450 from pot
Praenomen S: doesn't show hand 
*** SUMMARY ***
Total pot 450 | Rake 0 
Board [Td 4s 8s Qd Kc]
Seat 1: Praenomen S (small blind) collected (450)
Seat 2: Mahu2021 (big blind) folded on the River
Seat 3: rmisund (button) folded before Flop (didn't bet)



PokerStars Hand #244510256622: Tournament #3609968549, $0.92+$0.08 USD Hold'em No Limit - Level I (10/20) - 2023/06/28 16:19:32 CET [2023/06/28 10:19:32 ET]
Table '3609968549 1' 3-max Seat #1 is the button
Seat 1: Praenomen S (735 in chips) 
Seat 2: Mahu2021 (265 in chips) 
Seat 3: rmisund (500 in chips) 
Mahu2021: posts small blind 10
rmisund: posts big blind 20
*** HOLE CARDS ***
Dealt to Mahu2021 [3s 5d]
Praenomen S: raises 20 to 40
Mahu2021: folds 
rmisund: calls 20
*** FLOP *** [Jd 7h 3c]
rmisund: checks 
Praenomen S: bets 23
rmisund: calls 23
*** TURN *** [Jd 7h 3c] [Ks]
rmisund: checks 
Praenomen S: bets 102
rmisund: folds 
Uncalled bet (102) returned to Praenomen S
Praenomen S collected 136 from pot
Praenomen S: doesn't show hand 
*** SUMMARY ***
Total pot 136 | Rake 0 
Board [Jd 7h 3c Ks]
Seat 1: Praenomen S (button) collected (136)
Seat 2: Mahu2021 (small blind) folded before Flop
Seat 3: rmisund (big blind) folded on the Turn



PokerStars Hand #244510260572: Tournament #3609968549, $0.92+$0.08 USD Hold'em No Limit - Level I (10/20) - 2023/06/28 16:19:50 CET [2023/06/28 10:19:50 ET]
Table '3609968549 1' 3-max Seat #2 is the button
Seat 1: Praenomen S (808 in chips) 
Seat 2: Mahu2021 (255 in chips) 
Seat 3: rmisund (437 in chips) 
rmisund: posts small blind 10
Praenomen S: posts big blind 20
*** HOLE CARDS ***
Dealt to Mahu2021 [Th 4c]
Mahu2021: folds 
rmisund: folds 
Uncalled bet (10) returned to Praenomen S
Praenomen S collected 20 from pot
Praenomen S: doesn't show hand 
*** SUMMARY ***
Total pot 20 | Rake 0 
Seat 1: Praenomen S (big blind) collected (20)
Seat 2: Mahu2021 (button) folded before Flop (didn't bet)
Seat 3: rmisund (small blind) folded before Flop



PokerStars Hand #244510261641: Tournament #3609968549, $0.92+$0.08 USD Hold'em No Limit - Level I (10/20) - 2023/06/28 16:19:55 CET [2023/06/28 10:19:55 ET]
Table '3609968549 1' 3-max Seat #3 is the button
Seat 1: Praenomen S (818 in chips) 
Seat 2: Mahu2021 (255 in chips) 
Seat 3: rmisund (427 in chips) 
Praenomen S: posts small blind 10
Mahu2021: posts big blind 20
*** HOLE CARDS ***
Dealt to Mahu2021 [Kh Th]
rmisund: folds 
Praenomen S: folds 
Uncalled bet (10) returned to Mahu2021
Mahu2021 collected 20 from pot
Mahu2021: doesn't show hand 
*** SUMMARY ***
Total pot 20 | Rake 0 
Seat 1: Praenomen S (small blind) folded before Flop
Seat 2: Mahu2021 (big blind) collected (20)
Seat 3: rmisund (button) folded before Flop (didn't bet)



PokerStars Hand #244510262724: Tournament #3609968549, $0.92+$0.08 USD Hold'em No Limit - Level I (10/20) - 2023/06/28 16:20:00 CET [2023/06/28 10:20:00 ET]
Table '3609968549 1' 3-max Seat #1 is the button
Seat 1: Praenomen S (808 in chips) 
Seat 2: Mahu2021 (265 in chips) 
Seat 3: rmisund (427 in chips) 
Mahu2021: posts small blind 10
rmisund: posts big blind 20
*** HOLE CARDS ***
Dealt to Mahu2021 [5d 6s]
Praenomen S: folds 
Mahu2021: raises 20 to 40
rmisund: calls 20
*** FLOP *** [As Ad 4s]
Mahu2021: bets 225 and is all-in
rmisund: folds 
Uncalled bet (225) returned to Mahu2021
Mahu2021 collected 80 from pot
Mahu2021: doesn't show hand 
*** SUMMARY ***
Total pot 80 | Rake 0 
Board [As Ad 4s]
Seat 1: Praenomen S (button) folded before Flop (didn't bet)
Seat 2: Mahu2021 (small blind) collected (80)
Seat 3: rmisund (big blind) folded on the Flop



PokerStars Hand #244510264860: Tournament #3609968549, $0.92+$0.08 USD Hold'em No Limit - Level I (10/20) - 2023/06/28 16:20:10 CET [2023/06/28 10:20:10 ET]
Table '3609968549 1' 3-max Seat #2 is the button
Seat 1: Praenomen S (808 in chips) 
Seat 2: Mahu2021 (305 in chips) 
Seat 3: rmisund (387 in chips) 
rmisund: posts small blind 10
Praenomen S: posts big blind 20
*** HOLE CARDS ***
Dealt to Mahu2021 [7h 5s]
Mahu2021: folds 
rmisund: folds 
Uncalled bet (10) returned to Praenomen S
Praenomen S collected 20 from pot
Praenomen S: doesn't show hand 
*** SUMMARY ***
Total pot 20 | Rake 0 
Seat 1: Praenomen S (big blind) collected (20)
Seat 2: Mahu2021 (button) folded before Flop (didn't bet)
Seat 3: rmisund (small blind) folded before Flop



PokerStars Hand #244510265836: Tournament #3609968549, $0.92+$0.08 USD Hold'em No Limit - Level I (10/20) - 2023/06/28 16:20:14 CET [2023/06/28 10:20:14 ET]
Table '3609968549 1' 3-max Seat #3 is the button
Seat 1: Praenomen S (818 in chips) 
Seat 2: Mahu2021 (305 in chips) 
Seat 3: rmisund (377 in chips) 
Praenomen S: posts small blind 10
Mahu2021: posts big blind 20
*** HOLE CARDS ***
Dealt to Mahu2021 [2s Kc]
rmisund: folds 
Praenomen S: raises 20 to 40
Mahu2021: calls 20
*** FLOP *** [Qh 7c Js]
Praenomen S: checks 
Mahu2021: checks 
*** TURN *** [Qh 7c Js] [4d]
Praenomen S: bets 40
Mahu2021: folds 
Uncalled bet (40) returned to Praenomen S
Praenomen S collected 80 from pot
Praenomen S: doesn't show hand 
*** SUMMARY ***
Total pot 80 | Rake 0 
Board [Qh 7c Js 4d]
Seat 1: Praenomen S (small blind) collected (80)
Seat 2: Mahu2021 (big blind) folded on the Turn
Seat 3: rmisund (button) folded before Flop (didn't bet)



PokerStars Hand #244510269196: Tournament #3609968549, $0.92+$0.08 USD Hold'em No Limit - Level I (10/20) - 2023/06/28 16:20:29 CET [2023/06/28 10:20:29 ET]
Table '3609968549 1' 3-max Seat #1 is the button
Seat 1: Praenomen S (858 in chips) 
Seat 2: Mahu2021 (265 in chips) 
Seat 3: rmisund (377 in chips) 
Mahu2021: posts small blind 10
rmisund: posts big blind 20
*** HOLE CARDS ***
Dealt to Mahu2021 [2d 5c]
Praenomen S: raises 20 to 40
Mahu2021: folds 
rmisund: calls 20
*** FLOP *** [4h 7s 7h]
rmisund: checks 
Praenomen S: bets 45
rmisund: calls 45
*** TURN *** [4h 7s 7h] [3d]
rmisund: checks 
Praenomen S: checks 
*** RIVER *** [4h 7s 7h 3d] [2s]
rmisund: bets 180
Praenomen S: folds 
Uncalled bet (180) returned to rmisund
rmisund collected 180 from pot
rmisund: doesn't show hand 
*** SUMMARY ***
Total pot 180 | Rake 0 
Board [4h 7s 7h 3d 2s]
Seat 1: Praenomen S (button) folded on the River
Seat 2: Mahu2021 (small blind) folded before Flop
Seat 3: rmisund (big blind) collected (180)



PokerStars Hand #244510274271: Tournament #3609968549, $0.92+$0.08 USD Hold'em No Limit - Level I (10/20) - 2023/06/28 16:20:53 CET [2023/06/28 10:20:53 ET]
Table '3609968549 1' 3-max Seat #2 is the button
Seat 1: Praenomen S (773 in chips) 
Seat 2: Mahu2021 (255 in chips) 
Seat 3: rmisund (472 in chips) 
rmisund: posts small blind 10
Praenomen S: posts big blind 20
*** HOLE CARDS ***
Dealt to Mahu2021 [9h Jc]
Mahu2021: raises 20 to 40
rmisund: calls 30
Praenomen S: calls 20
*** FLOP *** [9s 5d Qc]
rmisund: bets 120
Praenomen S: folds 
Mahu2021: raises 95 to 215 and is all-in
rmisund: calls 95
*** TURN *** [9s 5d Qc] [3c]
*** RIVER *** [9s 5d Qc 3c] [8c]
*** SHOW DOWN ***
rmisund: shows [4s Qs] (a pair of Queens)
Mahu2021: shows [9h Jc] (a pair of Nines)
rmisund collected 550 from pot
Mahu2021 finished the tournament in 3rd place
*** SUMMARY ***
Total pot 550 | Rake 0 
Board [9s 5d Qc 3c 8c]
Seat 1: Praenomen S (big blind) folded on the Flop
Seat 2: Mahu2021 (button) showed [9h Jc] and lost with a pair of Nines
Seat 3: rmisund (small blind) showed [4s Qs] and won (550) with a pair of Queens



