PokerStars Hand #252857994424: Tournament #3810327093, $1.84+$0.16 USD Hold'em No Limit - Level I (10/20) - 2024/10/10 15:37:18 CET [2024/10/10 9:37:18 ET]
Table '3810327093 1' 3-max Seat #1 is the button
Seat 1: Mahu2021 (500 in chips) 
Seat 2: rudirocket1 (500 in chips) 
Seat 3: Alfayed51 (500 in chips) 
rudirocket1: posts small blind 10
Alfayed51: posts big blind 20
*** HOLE CARDS ***
Dealt to Mahu2021 [Qs Jd]
Mahu2021: raises 20 to 40
rudirocket1: calls 30
Alfayed51: calls 20
*** FLOP *** [4d Ac 8s]
rudirocket1: bets 120
Alfayed51: calls 120
Mahu2021: folds 
*** TURN *** [4d Ac 8s] [5c]
rudirocket1: bets 180
Alfayed51: raises 160 to 340 and is all-in
rudirocket1: calls 160 and is all-in
*** RIVER *** [4d Ac 8s 5c] [Tc]
*** SHOW DOWN ***
rudirocket1: shows [As 3h] (a pair of Aces)
Alfayed51: shows [8c Ah] (two pair, Aces and Eights)
Alfayed51 collected 1040 from pot
rudirocket1 finished the tournament in 3rd place
*** SUMMARY ***
Total pot 1040 | Rake 0 
Board [4d Ac 8s 5c Tc]
Seat 1: Mahu2021 (button) folded on the Flop
Seat 2: rudirocket1 (small blind) showed [As 3h] and lost with a pair of Aces
Seat 3: Alfayed51 (big blind) showed [8c Ah] and won (1040) with two pair, Aces and Eights



PokerStars Hand #252857999095: Tournament #3810327093, $1.84+$0.16 USD Hold'em No Limit - Level I (10/20) - 2024/10/10 15:37:44 CET [2024/10/10 9:37:44 ET]
Table '3810327093 1' 3-max Seat #3 is the button
Seat 1: Mahu2021 (460 in chips) 
Seat 3: Alfayed51 (1040 in chips) 
Alfayed51: posts small blind 10
Mahu2021: posts big blind 20
*** HOLE CARDS ***
Dealt to Mahu2021 [4h Qc]
Alfayed51: calls 10
Mahu2021: checks 
*** FLOP *** [Ah 2d Tc]
Mahu2021: checks 
Alfayed51: checks 
*** TURN *** [Ah 2d Tc] [7c]
Mahu2021: checks 
Alfayed51: checks 
*** RIVER *** [Ah 2d Tc 7c] [Ts]
Mahu2021: checks 
Alfayed51: bets 40
Mahu2021: calls 40
*** SHOW DOWN ***
Alfayed51: shows [5d 5s] (two pair, Tens and Fives)
Mahu2021: mucks hand 
Alfayed51 collected 120 from pot
*** SUMMARY ***
Total pot 120 | Rake 0 
Board [Ah 2d Tc 7c Ts]
Seat 1: Mahu2021 (big blind) mucked [4h Qc]
Seat 3: Alfayed51 (button) (small blind) showed [5d 5s] and won (120) with two pair, Tens and Fives



PokerStars Hand #252858002389: Tournament #3810327093, $1.84+$0.16 USD Hold'em No Limit - Level I (10/20) - 2024/10/10 15:38:03 CET [2024/10/10 9:38:03 ET]
Table '3810327093 1' 3-max Seat #1 is the button
Seat 1: Mahu2021 (400 in chips) 
Seat 3: Alfayed51 (1100 in chips) 
Mahu2021: posts small blind 10
Alfayed51: posts big blind 20
*** HOLE CARDS ***
Dealt to Mahu2021 [4h Qd]
Mahu2021: folds 
Uncalled bet (10) returned to Alfayed51
Alfayed51 collected 20 from pot
Alfayed51: doesn't show hand 
*** SUMMARY ***
Total pot 20 | Rake 0 
Seat 1: Mahu2021 (button) (small blind) folded before Flop
Seat 3: Alfayed51 (big blind) collected (20)



PokerStars Hand #252858003185: Tournament #3810327093, $1.84+$0.16 USD Hold'em No Limit - Level I (10/20) - 2024/10/10 15:38:07 CET [2024/10/10 9:38:07 ET]
Table '3810327093 1' 3-max Seat #3 is the button
Seat 1: Mahu2021 (390 in chips) 
Seat 3: Alfayed51 (1110 in chips) 
Alfayed51: posts small blind 10
Mahu2021: posts big blind 20
*** HOLE CARDS ***
Dealt to Mahu2021 [Jd 8s]
Alfayed51: calls 10
Mahu2021: checks 
*** FLOP *** [7h Qh 2d]
Mahu2021: checks 
Alfayed51: checks 
*** TURN *** [7h Qh 2d] [5d]
Mahu2021: checks 
Alfayed51: checks 
*** RIVER *** [7h Qh 2d 5d] [4h]
Mahu2021: checks 
Alfayed51: checks 
*** SHOW DOWN ***
Mahu2021: shows [Jd 8s] (high card Queen)
Alfayed51: shows [Ah 2c] (a pair of Deuces)
Alfayed51 collected 40 from pot
*** SUMMARY ***
Total pot 40 | Rake 0 
Board [7h Qh 2d 5d 4h]
Seat 1: Mahu2021 (big blind) showed [Jd 8s] and lost with high card Queen
Seat 3: Alfayed51 (button) (small blind) showed [Ah 2c] and won (40) with a pair of Deuces



PokerStars Hand #252858005624: Tournament #3810327093, $1.84+$0.16 USD Hold'em No Limit - Level I (10/20) - 2024/10/10 15:38:20 CET [2024/10/10 9:38:20 ET]
Table '3810327093 1' 3-max Seat #1 is the button
Seat 1: Mahu2021 (370 in chips) 
Seat 3: Alfayed51 (1130 in chips) 
Mahu2021: posts small blind 10
Alfayed51: posts big blind 20
*** HOLE CARDS ***
Dealt to Mahu2021 [9h 8s]
Mahu2021: calls 10
Alfayed51: checks 
*** FLOP *** [6s 6c 9c]
Alfayed51: checks 
Mahu2021: bets 40
Alfayed51: folds 
Uncalled bet (40) returned to Mahu2021
Mahu2021 collected 40 from pot
Mahu2021: doesn't show hand 
*** SUMMARY ***
Total pot 40 | Rake 0 
Board [6s 6c 9c]
Seat 1: Mahu2021 (button) (small blind) collected (40)
Seat 3: Alfayed51 (big blind) folded on the Flop



PokerStars Hand #252858007668: Tournament #3810327093, $1.84+$0.16 USD Hold'em No Limit - Level I (10/20) - 2024/10/10 15:38:32 CET [2024/10/10 9:38:32 ET]
Table '3810327093 1' 3-max Seat #3 is the button
Seat 1: Mahu2021 (390 in chips) 
Seat 3: Alfayed51 (1110 in chips) 
Alfayed51: posts small blind 10
Mahu2021: posts big blind 20
*** HOLE CARDS ***
Dealt to Mahu2021 [6c 7d]
Alfayed51: raises 1090 to 1110 and is all-in
Mahu2021: folds 
Uncalled bet (1090) returned to Alfayed51
Alfayed51 collected 40 from pot
Alfayed51: doesn't show hand 
*** SUMMARY ***
Total pot 40 | Rake 0 
Seat 1: Mahu2021 (big blind) folded before Flop
Seat 3: Alfayed51 (button) (small blind) collected (40)



PokerStars Hand #252858009043: Tournament #3810327093, $1.84+$0.16 USD Hold'em No Limit - Level I (10/20) - 2024/10/10 15:38:39 CET [2024/10/10 9:38:39 ET]
Table '3810327093 1' 3-max Seat #1 is the button
Seat 1: Mahu2021 (370 in chips) 
Seat 3: Alfayed51 (1130 in chips) 
Mahu2021: posts small blind 10
Alfayed51: posts big blind 20
*** HOLE CARDS ***
Dealt to Mahu2021 [Qd Th]
Mahu2021: raises 20 to 40
Alfayed51: raises 1090 to 1130 and is all-in
Mahu2021: folds 
Uncalled bet (1090) returned to Alfayed51
Alfayed51 collected 80 from pot
Alfayed51: doesn't show hand 
*** SUMMARY ***
Total pot 80 | Rake 0 
Seat 1: Mahu2021 (button) (small blind) folded before Flop
Seat 3: Alfayed51 (big blind) collected (80)



PokerStars Hand #252858010460: Tournament #3810327093, $1.84+$0.16 USD Hold'em No Limit - Level I (10/20) - 2024/10/10 15:38:47 CET [2024/10/10 9:38:47 ET]
Table '3810327093 1' 3-max Seat #3 is the button
Seat 1: Mahu2021 (330 in chips) 
Seat 3: Alfayed51 (1170 in chips) 
Alfayed51: posts small blind 10
Mahu2021: posts big blind 20
*** HOLE CARDS ***
Dealt to Mahu2021 [9c 6h]
Alfayed51: folds 
Uncalled bet (10) returned to Mahu2021
Mahu2021 collected 20 from pot
Mahu2021: doesn't show hand 
*** SUMMARY ***
Total pot 20 | Rake 0 
Seat 1: Mahu2021 (big blind) collected (20)
Seat 3: Alfayed51 (button) (small blind) folded before Flop



PokerStars Hand #252858011383: Tournament #3810327093, $1.84+$0.16 USD Hold'em No Limit - Level I (10/20) - 2024/10/10 15:38:52 CET [2024/10/10 9:38:52 ET]
Table '3810327093 1' 3-max Seat #1 is the button
Seat 1: Mahu2021 (340 in chips) 
Seat 3: Alfayed51 (1160 in chips) 
Mahu2021: posts small blind 10
Alfayed51: posts big blind 20
*** HOLE CARDS ***
Dealt to Mahu2021 [Qh Ad]
Mahu2021: raises 20 to 40
Alfayed51: raises 1120 to 1160 and is all-in
Mahu2021: calls 300 and is all-in
Uncalled bet (820) returned to Alfayed51
*** FLOP *** [4s 5d 2d]
*** TURN *** [4s 5d 2d] [6d]
*** RIVER *** [4s 5d 2d 6d] [Jc]
*** SHOW DOWN ***
Alfayed51: shows [Ac 8c] (high card Ace)
Mahu2021: shows [Qh Ad] (high card Ace - Queen kicker)
Mahu2021 collected 680 from pot
*** SUMMARY ***
Total pot 680 | Rake 0 
Board [4s 5d 2d 6d Jc]
Seat 1: Mahu2021 (button) (small blind) showed [Qh Ad] and won (680) with high card Ace
Seat 3: Alfayed51 (big blind) showed [Ac 8c] and lost with high card Ace



PokerStars Hand #252858013993: Tournament #3810327093, $1.84+$0.16 USD Hold'em No Limit - Level I (10/20) - 2024/10/10 15:39:07 CET [2024/10/10 9:39:07 ET]
Table '3810327093 1' 3-max Seat #3 is the button
Seat 1: Mahu2021 (680 in chips) 
Seat 3: Alfayed51 (820 in chips) 
Alfayed51: posts small blind 10
Mahu2021: posts big blind 20
*** HOLE CARDS ***
Dealt to Mahu2021 [Qs Td]
Alfayed51: calls 10
Mahu2021: checks 
*** FLOP *** [3d Qc Th]
Mahu2021: checks 
Alfayed51: bets 40
Mahu2021: calls 40
*** TURN *** [3d Qc Th] [6c]
Mahu2021: checks 
Alfayed51: bets 120
Mahu2021: raises 120 to 240
Alfayed51: calls 120
*** RIVER *** [3d Qc Th 6c] [2s]
Mahu2021: bets 380 and is all-in
Alfayed51: calls 380
*** SHOW DOWN ***
Mahu2021: shows [Qs Td] (two pair, Queens and Tens)
Alfayed51: shows [Ts 9s] (a pair of Tens)
Mahu2021 collected 1360 from pot
*** SUMMARY ***
Total pot 1360 | Rake 0 
Board [3d Qc Th 6c 2s]
Seat 1: Mahu2021 (big blind) showed [Qs Td] and won (1360) with two pair, Queens and Tens
Seat 3: Alfayed51 (button) (small blind) showed [Ts 9s] and lost with a pair of Tens



PokerStars Hand #252858018557: Tournament #3810327093, $1.84+$0.16 USD Hold'em No Limit - Level I (10/20) - 2024/10/10 15:39:32 CET [2024/10/10 9:39:32 ET]
Table '3810327093 1' 3-max Seat #1 is the button
Seat 1: Mahu2021 (1360 in chips) 
Seat 3: Alfayed51 (140 in chips) 
Mahu2021: posts small blind 10
Alfayed51: posts big blind 20
*** HOLE CARDS ***
Dealt to Mahu2021 [3d Qc]
Mahu2021: folds 
Uncalled bet (10) returned to Alfayed51
Alfayed51 collected 20 from pot
Alfayed51: doesn't show hand 
*** SUMMARY ***
Total pot 20 | Rake 0 
Seat 1: Mahu2021 (button) (small blind) folded before Flop
Seat 3: Alfayed51 (big blind) collected (20)



PokerStars Hand #252858019551: Tournament #3810327093, $1.84+$0.16 USD Hold'em No Limit - Level I (10/20) - 2024/10/10 15:39:38 CET [2024/10/10 9:39:38 ET]
Table '3810327093 1' 3-max Seat #3 is the button
Seat 1: Mahu2021 (1350 in chips) 
Seat 3: Alfayed51 (150 in chips) 
Alfayed51: posts small blind 10
Mahu2021: posts big blind 20
*** HOLE CARDS ***
Dealt to Mahu2021 [5s 6d]
Alfayed51: folds 
Uncalled bet (10) returned to Mahu2021
Mahu2021 collected 20 from pot
Mahu2021: doesn't show hand 
*** SUMMARY ***
Total pot 20 | Rake 0 
Seat 1: Mahu2021 (big blind) collected (20)
Seat 3: Alfayed51 (button) (small blind) folded before Flop



PokerStars Hand #252858020455: Tournament #3810327093, $1.84+$0.16 USD Hold'em No Limit - Level I (10/20) - 2024/10/10 15:39:43 CET [2024/10/10 9:39:43 ET]
Table '3810327093 1' 3-max Seat #1 is the button
Seat 1: Mahu2021 (1360 in chips) 
Seat 3: Alfayed51 (140 in chips) 
Mahu2021: posts small blind 10
Alfayed51: posts big blind 20
*** HOLE CARDS ***
Dealt to Mahu2021 [6s Qd]
Mahu2021: raises 1340 to 1360 and is all-in
Alfayed51: calls 120 and is all-in
Uncalled bet (1220) returned to Mahu2021
*** FLOP *** [Jc Qs Kd]
*** TURN *** [Jc Qs Kd] [5c]
*** RIVER *** [Jc Qs Kd 5c] [Ad]
*** SHOW DOWN ***
Alfayed51: shows [9h Ac] (a pair of Aces)
Mahu2021: shows [6s Qd] (a pair of Queens)
Alfayed51 collected 280 from pot
*** SUMMARY ***
Total pot 280 | Rake 0 
Board [Jc Qs Kd 5c Ad]
Seat 1: Mahu2021 (button) (small blind) showed [6s Qd] and lost with a pair of Queens
Seat 3: Alfayed51 (big blind) showed [9h Ac] and won (280) with a pair of Aces



PokerStars Hand #252858023017: Tournament #3810327093, $1.84+$0.16 USD Hold'em No Limit - Level I (10/20) - 2024/10/10 15:39:57 CET [2024/10/10 9:39:57 ET]
Table '3810327093 1' 3-max Seat #3 is the button
Seat 1: Mahu2021 (1220 in chips) 
Seat 3: Alfayed51 (280 in chips) 
Alfayed51: posts small blind 10
Mahu2021: posts big blind 20
*** HOLE CARDS ***
Dealt to Mahu2021 [2s 9h]
Alfayed51: calls 10
Mahu2021: checks 
*** FLOP *** [Qs 2h Th]
Mahu2021: checks 
Alfayed51: checks 
*** TURN *** [Qs 2h Th] [Kd]
Mahu2021: checks 
Alfayed51: bets 260 and is all-in
Mahu2021: folds 
Uncalled bet (260) returned to Alfayed51
Alfayed51 collected 40 from pot
Alfayed51: doesn't show hand 
*** SUMMARY ***
Total pot 40 | Rake 0 
Board [Qs 2h Th Kd]
Seat 1: Mahu2021 (big blind) folded on the Turn
Seat 3: Alfayed51 (button) (small blind) collected (40)



PokerStars Hand #252858025551: Tournament #3810327093, $1.84+$0.16 USD Hold'em No Limit - Level I (10/20) - 2024/10/10 15:40:12 CET [2024/10/10 9:40:12 ET]
Table '3810327093 1' 3-max Seat #1 is the button
Seat 1: Mahu2021 (1200 in chips) 
Seat 3: Alfayed51 (300 in chips) 
Mahu2021: posts small blind 10
Alfayed51: posts big blind 20
*** HOLE CARDS ***
Dealt to Mahu2021 [5c 3d]
Mahu2021: folds 
Uncalled bet (10) returned to Alfayed51
Alfayed51 collected 20 from pot
Alfayed51: doesn't show hand 
*** SUMMARY ***
Total pot 20 | Rake 0 
Seat 1: Mahu2021 (button) (small blind) folded before Flop
Seat 3: Alfayed51 (big blind) collected (20)



PokerStars Hand #252858026297: Tournament #3810327093, $1.84+$0.16 USD Hold'em No Limit - Level I (10/20) - 2024/10/10 15:40:16 CET [2024/10/10 9:40:16 ET]
Table '3810327093 1' 3-max Seat #3 is the button
Seat 1: Mahu2021 (1190 in chips) 
Seat 3: Alfayed51 (310 in chips) 
Alfayed51: posts small blind 10
Mahu2021: posts big blind 20
*** HOLE CARDS ***
Dealt to Mahu2021 [Ad 6h]
Alfayed51: raises 290 to 310 and is all-in
Mahu2021: calls 290
*** FLOP *** [2s Kd 9d]
*** TURN *** [2s Kd 9d] [7d]
*** RIVER *** [2s Kd 9d 7d] [5d]
*** SHOW DOWN ***
Mahu2021: shows [Ad 6h] (a flush, Ace high)
Alfayed51: shows [Kc 9h] (two pair, Kings and Nines)
Mahu2021 collected 620 from pot
Alfayed51 finished the tournament in 2nd place
Mahu2021 wins the tournament and receives $6.00 - congratulations!
*** SUMMARY ***
Total pot 620 | Rake 0 
Board [2s Kd 9d 7d 5d]
Seat 1: Mahu2021 (big blind) showed [Ad 6h] and won (620) with a flush, Ace high
Seat 3: Alfayed51 (button) (small blind) showed [Kc 9h] and lost with two pair, Kings and Nines



