PokerStars Hand #253472666320: Tournament #3825103968, $1.84+$0.16 USD Hold'em No Limit - Level I (10/20) - 2024/11/19 7:37:33 CET [2024/11/19 1:37:33 ET]
Table '3825103968 1' 3-max Seat #1 is the button
Seat 1: Mahu2021 (500 in chips) 
Seat 2: M@DISON537 (500 in chips) 
Seat 3: shaigi (500 in chips) 
M@DISON537: posts small blind 10
shaigi: posts big blind 20
*** HOLE CARDS ***
Dealt to Mahu2021 [Ah Ad]
Mahu2021: raises 20 to 40
M@DISON537: raises 460 to 500 and is all-in
shaigi: calls 480 and is all-in
Mahu2021: calls 460 and is all-in
*** FLOP *** [7c 4d Kd]
*** TURN *** [7c 4d Kd] [Ks]
*** RIVER *** [7c 4d Kd Ks] [Kh]
*** SHOW DOWN ***
M@DISON537: shows [2h 2d] (a full house, Kings full of Deuces)
shaigi: shows [8s 8d] (a full house, Kings full of Eights)
Mahu2021: shows [Ah Ad] (a full house, Kings full of Aces)
Mahu2021 collected 1500 from pot
M@DISON537 finished the tournament in 2nd place
shaigi finished the tournament in 2nd place
Mahu2021 wins the tournament and receives $4.00 - congratulations!
*** SUMMARY ***
Total pot 1500 | Rake 0 
Board [7c 4d Kd Ks Kh]
Seat 1: Mahu2021 (button) showed [Ah Ad] and won (1500) with a full house, Kings full of Aces
Seat 2: M@DISON537 (small blind) showed [2h 2d] and lost with a full house, Kings full of Deuces
Seat 3: shaigi (big blind) showed [8s 8d] and lost with a full house, Kings full of Eights



