PokerStars Hand #249673618921: Tournament #3734788902, $1.84+$0.16 USD Hold'em No Limit - Level I (10/20) - 2024/03/28 21:53:14 CET [2024/03/28 16:53:14 ET]
Table '3734788902 1' 3-max Seat #1 is the button
Seat 1: Mahu2021 (500 in chips) 
Seat 2: calsbet (500 in chips) 
Seat 3: RicaBJ (500 in chips) 
calsbet: posts small blind 10
RicaBJ: posts big blind 20
*** HOLE CARDS ***
Dealt to Mahu2021 [2s Kd]
Mahu2021: folds 
calsbet: calls 10
RicaBJ: checks 
*** FLOP *** [4d Jh As]
calsbet: bets 100
RicaBJ: folds 
Uncalled bet (100) returned to calsbet
calsbet collected 40 from pot
*** SUMMARY ***
Total pot 40 | Rake 0 
Board [4d Jh As]
Seat 1: Mahu2021 (button) folded before Flop (didn't bet)
Seat 2: calsbet (small blind) collected (40)
Seat 3: RicaBJ (big blind) folded on the Flop



PokerStars Hand #249673628071: Tournament #3734788902, $1.84+$0.16 USD Hold'em No Limit - Level I (10/20) - 2024/03/28 21:53:40 CET [2024/03/28 16:53:40 ET]
Table '3734788902 1' 3-max Seat #2 is the button
Seat 1: Mahu2021 (500 in chips) 
Seat 2: calsbet (520 in chips) 
Seat 3: RicaBJ (480 in chips) 
RicaBJ: posts small blind 10
Mahu2021: posts big blind 20
*** HOLE CARDS ***
Dealt to Mahu2021 [4h 3c]
calsbet: calls 20
RicaBJ: calls 10
Mahu2021: checks 
*** FLOP *** [Ts Th Kd]
RicaBJ: checks 
Mahu2021: checks 
calsbet: checks 
*** TURN *** [Ts Th Kd] [Ah]
RicaBJ: checks 
Mahu2021: checks 
calsbet: checks 
*** RIVER *** [Ts Th Kd Ah] [9d]
RicaBJ: bets 40
Mahu2021: folds 
calsbet: folds 
Uncalled bet (40) returned to RicaBJ
RicaBJ collected 60 from pot
RicaBJ: doesn't show hand 
*** SUMMARY ***
Total pot 60 | Rake 0 
Board [Ts Th Kd Ah 9d]
Seat 1: Mahu2021 (big blind) folded on the River
Seat 2: calsbet (button) folded on the River
Seat 3: RicaBJ (small blind) collected (60)



PokerStars Hand #249673643398: Tournament #3734788902, $1.84+$0.16 USD Hold'em No Limit - Level I (10/20) - 2024/03/28 21:54:24 CET [2024/03/28 16:54:24 ET]
Table '3734788902 1' 3-max Seat #3 is the button
Seat 1: Mahu2021 (480 in chips) 
Seat 2: calsbet (500 in chips) 
Seat 3: RicaBJ (520 in chips) 
Mahu2021: posts small blind 10
calsbet: posts big blind 20
*** HOLE CARDS ***
Dealt to Mahu2021 [4c Td]
RicaBJ: folds 
Mahu2021: folds 
Uncalled bet (10) returned to calsbet
calsbet collected 20 from pot
*** SUMMARY ***
Total pot 20 | Rake 0 
Seat 1: Mahu2021 (small blind) folded before Flop
Seat 2: calsbet (big blind) collected (20)
Seat 3: RicaBJ (button) folded before Flop (didn't bet)



PokerStars Hand #249673646580: Tournament #3734788902, $1.84+$0.16 USD Hold'em No Limit - Level I (10/20) - 2024/03/28 21:54:33 CET [2024/03/28 16:54:33 ET]
Table '3734788902 1' 3-max Seat #1 is the button
Seat 1: Mahu2021 (470 in chips) 
Seat 2: calsbet (510 in chips) 
Seat 3: RicaBJ (520 in chips) 
calsbet: posts small blind 10
RicaBJ: posts big blind 20
*** HOLE CARDS ***
Dealt to Mahu2021 [6h Kc]
Mahu2021: folds 
calsbet: raises 20 to 40
RicaBJ: folds 
Uncalled bet (20) returned to calsbet
calsbet collected 40 from pot
*** SUMMARY ***
Total pot 40 | Rake 0 
Seat 1: Mahu2021 (button) folded before Flop (didn't bet)
Seat 2: calsbet (small blind) collected (40)
Seat 3: RicaBJ (big blind) folded before Flop



PokerStars Hand #249673650327: Tournament #3734788902, $1.84+$0.16 USD Hold'em No Limit - Level I (10/20) - 2024/03/28 21:54:44 CET [2024/03/28 16:54:44 ET]
Table '3734788902 1' 3-max Seat #2 is the button
Seat 1: Mahu2021 (470 in chips) 
Seat 2: calsbet (530 in chips) 
Seat 3: RicaBJ (500 in chips) 
RicaBJ: posts small blind 10
Mahu2021: posts big blind 20
*** HOLE CARDS ***
Dealt to Mahu2021 [5h 6h]
calsbet: calls 20
RicaBJ: calls 10
Mahu2021: checks 
*** FLOP *** [5s 3d 8d]
RicaBJ: checks 
Mahu2021: bets 40
calsbet: calls 40
RicaBJ: folds 
*** TURN *** [5s 3d 8d] [Ad]
Mahu2021: checks 
calsbet: checks 
*** RIVER *** [5s 3d 8d Ad] [2c]
Mahu2021: checks 
calsbet: bets 120
Mahu2021: folds 
Uncalled bet (120) returned to calsbet
calsbet collected 140 from pot
*** SUMMARY ***
Total pot 140 | Rake 0 
Board [5s 3d 8d Ad 2c]
Seat 1: Mahu2021 (big blind) folded on the River
Seat 2: calsbet (button) collected (140)
Seat 3: RicaBJ (small blind) folded on the Flop



PokerStars Hand #249673660498: Tournament #3734788902, $1.84+$0.16 USD Hold'em No Limit - Level I (10/20) - 2024/03/28 21:55:13 CET [2024/03/28 16:55:13 ET]
Table '3734788902 1' 3-max Seat #3 is the button
Seat 1: Mahu2021 (410 in chips) 
Seat 2: calsbet (610 in chips) 
Seat 3: RicaBJ (480 in chips) 
Mahu2021: posts small blind 10
calsbet: posts big blind 20
*** HOLE CARDS ***
Dealt to Mahu2021 [Qd 3c]
RicaBJ: raises 20 to 40
Mahu2021: folds 
calsbet: calls 20
*** FLOP *** [9h 2h 9s]
calsbet: checks 
RicaBJ: bets 30
calsbet: calls 30
*** TURN *** [9h 2h 9s] [Ah]
calsbet: checks 
RicaBJ: bets 50
calsbet: folds 
Uncalled bet (50) returned to RicaBJ
RicaBJ collected 150 from pot
RicaBJ: doesn't show hand 
*** SUMMARY ***
Total pot 150 | Rake 0 
Board [9h 2h 9s Ah]
Seat 1: Mahu2021 (small blind) folded before Flop
Seat 2: calsbet (big blind) folded on the Turn
Seat 3: RicaBJ (button) collected (150)



PokerStars Hand #249673667364: Tournament #3734788902, $1.84+$0.16 USD Hold'em No Limit - Level I (10/20) - 2024/03/28 21:55:41 CET [2024/03/28 16:55:41 ET]
Table '3734788902 1' 3-max Seat #1 is the button
Seat 1: Mahu2021 (400 in chips) 
Seat 2: calsbet (540 in chips) 
Seat 3: RicaBJ (560 in chips) 
calsbet: posts small blind 10
RicaBJ: posts big blind 20
*** HOLE CARDS ***
Dealt to Mahu2021 [9s 4s]
Mahu2021: folds 
calsbet: calls 10
RicaBJ: raises 40 to 60
calsbet: calls 40
*** FLOP *** [Jh Th 2h]
calsbet: checks 
RicaBJ: bets 40
calsbet: calls 40
*** TURN *** [Jh Th 2h] [Ac]
calsbet: checks 
RicaBJ: bets 133
calsbet: raises 133 to 266
RicaBJ: folds 
Uncalled bet (133) returned to calsbet
calsbet collected 466 from pot
*** SUMMARY ***
Total pot 466 | Rake 0 
Board [Jh Th 2h Ac]
Seat 1: Mahu2021 (button) folded before Flop (didn't bet)
Seat 2: calsbet (small blind) collected (466)
Seat 3: RicaBJ (big blind) folded on the Turn



PokerStars Hand #249673681182: Tournament #3734788902, $1.84+$0.16 USD Hold'em No Limit - Level II (15/30) - 2024/03/28 21:56:35 CET [2024/03/28 16:56:35 ET]
Table '3734788902 1' 3-max Seat #2 is the button
Seat 1: Mahu2021 (400 in chips) 
Seat 2: calsbet (773 in chips) 
Seat 3: RicaBJ (327 in chips) 
RicaBJ: posts small blind 15
Mahu2021: posts big blind 30
*** HOLE CARDS ***
Dealt to Mahu2021 [8c 9d]
calsbet: calls 30
RicaBJ: folds 
Mahu2021: checks 
*** FLOP *** [Ts 4d 7d]
Mahu2021: bets 75
calsbet: folds 
Uncalled bet (75) returned to Mahu2021
Mahu2021 collected 75 from pot
Mahu2021: doesn't show hand 
*** SUMMARY ***
Total pot 75 | Rake 0 
Board [Ts 4d 7d]
Seat 1: Mahu2021 (big blind) collected (75)
Seat 2: calsbet (button) folded on the Flop
Seat 3: RicaBJ (small blind) folded before Flop



PokerStars Hand #249673686119: Tournament #3734788902, $1.84+$0.16 USD Hold'em No Limit - Level II (15/30) - 2024/03/28 21:56:55 CET [2024/03/28 16:56:55 ET]
Table '3734788902 1' 3-max Seat #3 is the button
Seat 1: Mahu2021 (445 in chips) 
Seat 2: calsbet (743 in chips) 
Seat 3: RicaBJ (312 in chips) 
Mahu2021: posts small blind 15
calsbet: posts big blind 30
*** HOLE CARDS ***
Dealt to Mahu2021 [5s Qd]
RicaBJ: raises 30 to 60
Mahu2021: folds 
calsbet: calls 30
*** FLOP *** [Qs 2s 6h]
calsbet: checks 
RicaBJ: bets 45
calsbet: calls 45
*** TURN *** [Qs 2s 6h] [3d]
calsbet: checks 
RicaBJ: checks 
*** RIVER *** [Qs 2s 6h 3d] [6d]
calsbet: checks 
RicaBJ: checks 
*** SHOW DOWN ***
calsbet: shows [2d Jh] (two pair, Sixes and Deuces)
RicaBJ: mucks hand 
calsbet collected 225 from pot
*** SUMMARY ***
Total pot 225 | Rake 0 
Board [Qs 2s 6h 3d 6d]
Seat 1: Mahu2021 (small blind) folded before Flop
Seat 2: calsbet (big blind) showed [2d Jh] and won (225) with two pair, Sixes and Deuces
Seat 3: RicaBJ (button) mucked [Jd Th]



PokerStars Hand #249673695772: Tournament #3734788902, $1.84+$0.16 USD Hold'em No Limit - Level II (15/30) - 2024/03/28 21:57:34 CET [2024/03/28 16:57:34 ET]
Table '3734788902 1' 3-max Seat #1 is the button
Seat 1: Mahu2021 (430 in chips) 
Seat 2: calsbet (863 in chips) 
Seat 3: RicaBJ (207 in chips) 
calsbet: posts small blind 15
RicaBJ: posts big blind 30
*** HOLE CARDS ***
Dealt to Mahu2021 [9d Js]
Mahu2021: folds 
calsbet: calls 15
RicaBJ: raises 177 to 207 and is all-in
calsbet: calls 177
*** FLOP *** [Td 2h 8s]
*** TURN *** [Td 2h 8s] [3d]
*** RIVER *** [Td 2h 8s 3d] [Th]
*** SHOW DOWN ***
calsbet: shows [7d 8d] (two pair, Tens and Eights)
RicaBJ: shows [Ah Qs] (a pair of Tens)
calsbet collected 414 from pot
RicaBJ finished the tournament in 3rd place
*** SUMMARY ***
Total pot 414 | Rake 0 
Board [Td 2h 8s 3d Th]
Seat 1: Mahu2021 (button) folded before Flop (didn't bet)
Seat 2: calsbet (small blind) showed [7d 8d] and won (414) with two pair, Tens and Eights
Seat 3: RicaBJ (big blind) showed [Ah Qs] and lost with a pair of Tens



PokerStars Hand #249673701091: Tournament #3734788902, $1.84+$0.16 USD Hold'em No Limit - Level II (15/30) - 2024/03/28 21:57:54 CET [2024/03/28 16:57:54 ET]
Table '3734788902 1' 3-max Seat #2 is the button
Seat 1: Mahu2021 (430 in chips) 
Seat 2: calsbet (1070 in chips) 
calsbet: posts small blind 15
Mahu2021: posts big blind 30
*** HOLE CARDS ***
Dealt to Mahu2021 [Kh 4s]
calsbet: calls 15
Mahu2021: checks 
*** FLOP *** [9c 6d 8h]
Mahu2021: checks 
calsbet: checks 
*** TURN *** [9c 6d 8h] [Qs]
Mahu2021: checks 
calsbet: checks 
*** RIVER *** [9c 6d 8h Qs] [Tc]
Mahu2021: checks 
calsbet: checks 
*** SHOW DOWN ***
Mahu2021: shows [Kh 4s] (high card King)
calsbet: shows [6c Jc] (a straight, Eight to Queen)
calsbet collected 60 from pot
*** SUMMARY ***
Total pot 60 | Rake 0 
Board [9c 6d 8h Qs Tc]
Seat 1: Mahu2021 (big blind) showed [Kh 4s] and lost with high card King
Seat 2: calsbet (button) (small blind) showed [6c Jc] and won (60) with a straight, Eight to Queen



PokerStars Hand #249673704082: Tournament #3734788902, $1.84+$0.16 USD Hold'em No Limit - Level II (15/30) - 2024/03/28 21:58:06 CET [2024/03/28 16:58:06 ET]
Table '3734788902 1' 3-max Seat #1 is the button
Seat 1: Mahu2021 (400 in chips) 
Seat 2: calsbet (1100 in chips) 
Mahu2021: posts small blind 15
calsbet: posts big blind 30
*** HOLE CARDS ***
Dealt to Mahu2021 [3d Jc]
Mahu2021: folds 
Uncalled bet (15) returned to calsbet
calsbet collected 30 from pot
*** SUMMARY ***
Total pot 30 | Rake 0 
Seat 1: Mahu2021 (button) (small blind) folded before Flop
Seat 2: calsbet (big blind) collected (30)



