PokerStars Hand #254533981964: Tournament #3851173077, $4.60+$0.40 USD Hold'em No Limit - Level I (10/20) - 2025/01/24 21:02:44 CET [2025/01/24 15:02:44 ET]
Table '3851173077 1' 3-max Seat #1 is the button
Seat 1: HEE MAN!!24 (500 in chips) 
Seat 2: 19vityok91 (500 in chips) 
Seat 3: Mahu2021 (500 in chips) 
19vityok91: posts small blind 10
Mahu2021: posts big blind 20
*** HOLE CARDS ***
Dealt to Mahu2021 [Kd Qs]
HEE MAN!!24: raises 20 to 40
19vityok91: folds 
Mahu2021: calls 20
*** FLOP *** [Qd 7s 5s]
Mahu2021: checks 
HEE MAN!!24: checks 
*** TURN *** [Qd 7s 5s] [Kc]
Mahu2021: bets 40
HEE MAN!!24: raises 40 to 80
Mahu2021: raises 380 to 460 and is all-in
HEE MAN!!24: calls 380 and is all-in
*** RIVER *** [Qd 7s 5s Kc] [Ts]
*** SHOW DOWN ***
Mahu2021: shows [Kd Qs] (two pair, Kings and Queens)
HEE MAN!!24: shows [Qh 7h] (two pair, Queens and Sevens)
Mahu2021 collected 1010 from pot
HEE MAN!!24 finished the tournament in 3rd place
*** SUMMARY ***
Total pot 1010 | Rake 0 
Board [Qd 7s 5s Kc Ts]
Seat 1: HEE MAN!!24 (button) showed [Qh 7h] and lost with two pair, Queens and Sevens
Seat 2: 19vityok91 (small blind) folded before Flop
Seat 3: Mahu2021 (big blind) showed [Kd Qs] and won (1010) with two pair, Kings and Queens



PokerStars Hand #254533990906: Tournament #3851173077, $4.60+$0.40 USD Hold'em No Limit - Level I (10/20) - 2025/01/24 21:03:15 CET [2025/01/24 15:03:15 ET]
Table '3851173077 1' 3-max Seat #3 is the button
Seat 2: 19vityok91 (490 in chips) 
Seat 3: Mahu2021 (1010 in chips) 
Mahu2021: posts small blind 10
19vityok91: posts big blind 20
*** HOLE CARDS ***
Dealt to Mahu2021 [7d 4c]
Mahu2021: folds 
Uncalled bet (10) returned to 19vityok91
19vityok91 collected 20 from pot
*** SUMMARY ***
Total pot 20 | Rake 0 
Seat 2: 19vityok91 (big blind) collected (20)
Seat 3: Mahu2021 (button) (small blind) folded before Flop



PokerStars Hand #254533992166: Tournament #3851173077, $4.60+$0.40 USD Hold'em No Limit - Level I (10/20) - 2025/01/24 21:03:19 CET [2025/01/24 15:03:19 ET]
Table '3851173077 1' 3-max Seat #2 is the button
Seat 2: 19vityok91 (500 in chips) 
Seat 3: Mahu2021 (1000 in chips) 
19vityok91: posts small blind 10
Mahu2021: posts big blind 20
*** HOLE CARDS ***
Dealt to Mahu2021 [Qc 2h]
19vityok91: calls 10
Mahu2021: checks 
*** FLOP *** [Ks Ah 4s]
Mahu2021: checks 
19vityok91: bets 20
Mahu2021: folds 
Uncalled bet (20) returned to 19vityok91
19vityok91 collected 40 from pot
*** SUMMARY ***
Total pot 40 | Rake 0 
Board [Ks Ah 4s]
Seat 2: 19vityok91 (button) (small blind) collected (40)
Seat 3: Mahu2021 (big blind) folded on the Flop



PokerStars Hand #254533994787: Tournament #3851173077, $4.60+$0.40 USD Hold'em No Limit - Level I (10/20) - 2025/01/24 21:03:29 CET [2025/01/24 15:03:29 ET]
Table '3851173077 1' 3-max Seat #3 is the button
Seat 2: 19vityok91 (520 in chips) 
Seat 3: Mahu2021 (980 in chips) 
Mahu2021: posts small blind 10
19vityok91: posts big blind 20
*** HOLE CARDS ***
Dealt to Mahu2021 [8d 3h]
Mahu2021: folds 
Uncalled bet (10) returned to 19vityok91
19vityok91 collected 20 from pot
*** SUMMARY ***
Total pot 20 | Rake 0 
Seat 2: 19vityok91 (big blind) collected (20)
Seat 3: Mahu2021 (button) (small blind) folded before Flop



PokerStars Hand #254533996159: Tournament #3851173077, $4.60+$0.40 USD Hold'em No Limit - Level I (10/20) - 2025/01/24 21:03:33 CET [2025/01/24 15:03:33 ET]
Table '3851173077 1' 3-max Seat #2 is the button
Seat 2: 19vityok91 (530 in chips) 
Seat 3: Mahu2021 (970 in chips) 
19vityok91: posts small blind 10
Mahu2021: posts big blind 20
*** HOLE CARDS ***
Dealt to Mahu2021 [3h Js]
19vityok91: raises 20 to 40
Mahu2021: calls 20
*** FLOP *** [7c Qd 2d]
Mahu2021: checks 
19vityok91: checks 
*** TURN *** [7c Qd 2d] [Jc]
Mahu2021: checks 
19vityok91: checks 
*** RIVER *** [7c Qd 2d Jc] [Kd]
Mahu2021: checks 
19vityok91: bets 80
Mahu2021: calls 80
*** SHOW DOWN ***
19vityok91: shows [Ah Ts] (a straight, Ten to Ace)
Mahu2021: mucks hand 
19vityok91 collected 240 from pot
*** SUMMARY ***
Total pot 240 | Rake 0 
Board [7c Qd 2d Jc Kd]
Seat 2: 19vityok91 (button) (small blind) showed [Ah Ts] and won (240) with a straight, Ten to Ace
Seat 3: Mahu2021 (big blind) mucked [3h Js]



PokerStars Hand #254534004092: Tournament #3851173077, $4.60+$0.40 USD Hold'em No Limit - Level I (10/20) - 2025/01/24 21:04:00 CET [2025/01/24 15:04:00 ET]
Table '3851173077 1' 3-max Seat #3 is the button
Seat 2: 19vityok91 (650 in chips) 
Seat 3: Mahu2021 (850 in chips) 
Mahu2021: posts small blind 10
19vityok91: posts big blind 20
*** HOLE CARDS ***
Dealt to Mahu2021 [Jc 4d]
Mahu2021: folds 
Uncalled bet (10) returned to 19vityok91
19vityok91 collected 20 from pot
*** SUMMARY ***
Total pot 20 | Rake 0 
Seat 2: 19vityok91 (big blind) collected (20)
Seat 3: Mahu2021 (button) (small blind) folded before Flop



PokerStars Hand #254534006037: Tournament #3851173077, $4.60+$0.40 USD Hold'em No Limit - Level I (10/20) - 2025/01/24 21:04:07 CET [2025/01/24 15:04:07 ET]
Table '3851173077 1' 3-max Seat #2 is the button
Seat 2: 19vityok91 (660 in chips) 
Seat 3: Mahu2021 (840 in chips) 
19vityok91: posts small blind 10
Mahu2021: posts big blind 20
*** HOLE CARDS ***
Dealt to Mahu2021 [6d 6h]
19vityok91: raises 20 to 40
Mahu2021: raises 800 to 840 and is all-in
19vityok91: folds 
Uncalled bet (800) returned to Mahu2021
Mahu2021 collected 80 from pot
Mahu2021: doesn't show hand 
*** SUMMARY ***
Total pot 80 | Rake 0 
Seat 2: 19vityok91 (button) (small blind) folded before Flop
Seat 3: Mahu2021 (big blind) collected (80)



PokerStars Hand #254534009100: Tournament #3851173077, $4.60+$0.40 USD Hold'em No Limit - Level I (10/20) - 2025/01/24 21:04:17 CET [2025/01/24 15:04:17 ET]
Table '3851173077 1' 3-max Seat #3 is the button
Seat 2: 19vityok91 (620 in chips) 
Seat 3: Mahu2021 (880 in chips) 
Mahu2021: posts small blind 10
19vityok91: posts big blind 20
*** HOLE CARDS ***
Dealt to Mahu2021 [6s Kd]
Mahu2021: raises 20 to 40
19vityok91: folds 
Uncalled bet (20) returned to Mahu2021
Mahu2021 collected 40 from pot
Mahu2021: doesn't show hand 
*** SUMMARY ***
Total pot 40 | Rake 0 
Seat 2: 19vityok91 (big blind) folded before Flop
Seat 3: Mahu2021 (button) (small blind) collected (40)



PokerStars Hand #254534011584: Tournament #3851173077, $4.60+$0.40 USD Hold'em No Limit - Level I (10/20) - 2025/01/24 21:04:26 CET [2025/01/24 15:04:26 ET]
Table '3851173077 1' 3-max Seat #2 is the button
Seat 2: 19vityok91 (600 in chips) 
Seat 3: Mahu2021 (900 in chips) 
19vityok91: posts small blind 10
Mahu2021: posts big blind 20
*** HOLE CARDS ***
Dealt to Mahu2021 [6d Qd]
19vityok91: calls 10
Mahu2021: checks 
*** FLOP *** [Qs Jh 5h]
Mahu2021: checks 
19vityok91: checks 
*** TURN *** [Qs Jh 5h] [Kd]
Mahu2021: checks 
19vityok91: checks 
*** RIVER *** [Qs Jh 5h Kd] [7c]
Mahu2021: bets 40
19vityok91: folds 
Uncalled bet (40) returned to Mahu2021
Mahu2021 collected 40 from pot
Mahu2021: doesn't show hand 
*** SUMMARY ***
Total pot 40 | Rake 0 
Board [Qs Jh 5h Kd 7c]
Seat 2: 19vityok91 (button) (small blind) folded on the River
Seat 3: Mahu2021 (big blind) collected (40)



PokerStars Hand #254534018033: Tournament #3851173077, $4.60+$0.40 USD Hold'em No Limit - Level I (10/20) - 2025/01/24 21:04:48 CET [2025/01/24 15:04:48 ET]
Table '3851173077 1' 3-max Seat #3 is the button
Seat 2: 19vityok91 (580 in chips) 
Seat 3: Mahu2021 (920 in chips) 
Mahu2021: posts small blind 10
19vityok91: posts big blind 20
*** HOLE CARDS ***
Dealt to Mahu2021 [Qh Jh]
Mahu2021: raises 20 to 40
19vityok91: calls 20
*** FLOP *** [9h Tc 6h]
19vityok91: checks 
Mahu2021: bets 40
19vityok91: calls 40
*** TURN *** [9h Tc 6h] [As]
19vityok91: checks 
Mahu2021: bets 160
19vityok91: folds 
Uncalled bet (160) returned to Mahu2021
Mahu2021 collected 160 from pot
Mahu2021: doesn't show hand 
*** SUMMARY ***
Total pot 160 | Rake 0 
Board [9h Tc 6h As]
Seat 2: 19vityok91 (big blind) folded on the Turn
Seat 3: Mahu2021 (button) (small blind) collected (160)



PokerStars Hand #254534027190: Tournament #3851173077, $4.60+$0.40 USD Hold'em No Limit - Level I (10/20) - 2025/01/24 21:05:17 CET [2025/01/24 15:05:17 ET]
Table '3851173077 1' 3-max Seat #2 is the button
Seat 2: 19vityok91 (500 in chips) 
Seat 3: Mahu2021 (1000 in chips) 
19vityok91: posts small blind 10
Mahu2021: posts big blind 20
*** HOLE CARDS ***
Dealt to Mahu2021 [Ts 7c]
19vityok91: raises 20 to 40
Mahu2021: folds 
Uncalled bet (20) returned to 19vityok91
19vityok91 collected 40 from pot
*** SUMMARY ***
Total pot 40 | Rake 0 
Seat 2: 19vityok91 (button) (small blind) collected (40)
Seat 3: Mahu2021 (big blind) folded before Flop



PokerStars Hand #254534029614: Tournament #3851173077, $4.60+$0.40 USD Hold'em No Limit - Level I (10/20) - 2025/01/24 21:05:26 CET [2025/01/24 15:05:26 ET]
Table '3851173077 1' 3-max Seat #3 is the button
Seat 2: 19vityok91 (520 in chips) 
Seat 3: Mahu2021 (980 in chips) 
Mahu2021: posts small blind 10
19vityok91: posts big blind 20
*** HOLE CARDS ***
Dealt to Mahu2021 [5s 8d]
Mahu2021: folds 
Uncalled bet (10) returned to 19vityok91
19vityok91 collected 20 from pot
*** SUMMARY ***
Total pot 20 | Rake 0 
Seat 2: 19vityok91 (big blind) collected (20)
Seat 3: Mahu2021 (button) (small blind) folded before Flop



PokerStars Hand #254534030982: Tournament #3851173077, $4.60+$0.40 USD Hold'em No Limit - Level I (10/20) - 2025/01/24 21:05:30 CET [2025/01/24 15:05:30 ET]
Table '3851173077 1' 3-max Seat #2 is the button
Seat 2: 19vityok91 (530 in chips) 
Seat 3: Mahu2021 (970 in chips) 
19vityok91: posts small blind 10
Mahu2021: posts big blind 20
*** HOLE CARDS ***
Dealt to Mahu2021 [5d Kd]
19vityok91: raises 20 to 40
Mahu2021: calls 20
*** FLOP *** [2h Qd 5h]
Mahu2021: checks 
19vityok91: bets 20
Mahu2021: calls 20
*** TURN *** [2h Qd 5h] [Th]
Mahu2021: checks 
19vityok91: checks 
*** RIVER *** [2h Qd 5h Th] [6d]
Mahu2021: checks 
19vityok91: bets 90
Mahu2021: folds 
Uncalled bet (90) returned to 19vityok91
19vityok91 collected 120 from pot
*** SUMMARY ***
Total pot 120 | Rake 0 
Board [2h Qd 5h Th 6d]
Seat 2: 19vityok91 (button) (small blind) collected (120)
Seat 3: Mahu2021 (big blind) folded on the River



PokerStars Hand #254534041371: Tournament #3851173077, $4.60+$0.40 USD Hold'em No Limit - Level II (15/30) - 2025/01/24 21:06:05 CET [2025/01/24 15:06:05 ET]
Table '3851173077 1' 3-max Seat #3 is the button
Seat 2: 19vityok91 (590 in chips) 
Seat 3: Mahu2021 (910 in chips) 
Mahu2021: posts small blind 15
19vityok91: posts big blind 30
*** HOLE CARDS ***
Dealt to Mahu2021 [Qh Tc]
Mahu2021: raises 30 to 60
19vityok91: calls 30
*** FLOP *** [Kd Ah 4h]
19vityok91: checks 
Mahu2021: bets 60
19vityok91: folds 
Uncalled bet (60) returned to Mahu2021
Mahu2021 collected 120 from pot
Mahu2021: doesn't show hand 
*** SUMMARY ***
Total pot 120 | Rake 0 
Board [Kd Ah 4h]
Seat 2: 19vityok91 (big blind) folded on the Flop
Seat 3: Mahu2021 (button) (small blind) collected (120)



PokerStars Hand #254534046534: Tournament #3851173077, $4.60+$0.40 USD Hold'em No Limit - Level II (15/30) - 2025/01/24 21:06:22 CET [2025/01/24 15:06:22 ET]
Table '3851173077 1' 3-max Seat #2 is the button
Seat 2: 19vityok91 (530 in chips) 
Seat 3: Mahu2021 (970 in chips) 
19vityok91: posts small blind 15
Mahu2021: posts big blind 30
*** HOLE CARDS ***
Dealt to Mahu2021 [4s 4d]
19vityok91: calls 15
Mahu2021: checks 
*** FLOP *** [Tc 3h 5s]
Mahu2021: checks 
19vityok91: checks 
*** TURN *** [Tc 3h 5s] [8c]
Mahu2021: bets 60
19vityok91: folds 
Uncalled bet (60) returned to Mahu2021
Mahu2021 collected 60 from pot
Mahu2021: doesn't show hand 
*** SUMMARY ***
Total pot 60 | Rake 0 
Board [Tc 3h 5s 8c]
Seat 2: 19vityok91 (button) (small blind) folded on the Turn
Seat 3: Mahu2021 (big blind) collected (60)



PokerStars Hand #254534054957: Tournament #3851173077, $4.60+$0.40 USD Hold'em No Limit - Level II (15/30) - 2025/01/24 21:06:49 CET [2025/01/24 15:06:49 ET]
Table '3851173077 1' 3-max Seat #3 is the button
Seat 2: 19vityok91 (500 in chips) 
Seat 3: Mahu2021 (1000 in chips) 
Mahu2021: posts small blind 15
19vityok91: posts big blind 30
*** HOLE CARDS ***
Dealt to Mahu2021 [8c Jh]
Mahu2021: calls 15
19vityok91: checks 
*** FLOP *** [Jd Qs As]
19vityok91: checks 
Mahu2021: bets 30
19vityok91: calls 30
*** TURN *** [Jd Qs As] [6h]
19vityok91: checks 
Mahu2021: bets 30
19vityok91: calls 30
*** RIVER *** [Jd Qs As 6h] [4c]
19vityok91: checks 
Mahu2021: checks 
*** SHOW DOWN ***
19vityok91: shows [Kc 8s] (high card Ace)
Mahu2021: shows [8c Jh] (a pair of Jacks)
Mahu2021 collected 180 from pot
*** SUMMARY ***
Total pot 180 | Rake 0 
Board [Jd Qs As 6h 4c]
Seat 2: 19vityok91 (big blind) showed [Kc 8s] and lost with high card Ace
Seat 3: Mahu2021 (button) (small blind) showed [8c Jh] and won (180) with a pair of Jacks



PokerStars Hand #254534064199: Tournament #3851173077, $4.60+$0.40 USD Hold'em No Limit - Level II (15/30) - 2025/01/24 21:07:20 CET [2025/01/24 15:07:20 ET]
Table '3851173077 1' 3-max Seat #2 is the button
Seat 2: 19vityok91 (410 in chips) 
Seat 3: Mahu2021 (1090 in chips) 
19vityok91: posts small blind 15
Mahu2021: posts big blind 30
*** HOLE CARDS ***
Dealt to Mahu2021 [Td 6c]
19vityok91: raises 380 to 410 and is all-in
Mahu2021: folds 
Uncalled bet (380) returned to 19vityok91
19vityok91 collected 60 from pot
*** SUMMARY ***
Total pot 60 | Rake 0 
Seat 2: 19vityok91 (button) (small blind) collected (60)
Seat 3: Mahu2021 (big blind) folded before Flop



PokerStars Hand #254534066215: Tournament #3851173077, $4.60+$0.40 USD Hold'em No Limit - Level II (15/30) - 2025/01/24 21:07:26 CET [2025/01/24 15:07:26 ET]
Table '3851173077 1' 3-max Seat #3 is the button
Seat 2: 19vityok91 (440 in chips) 
Seat 3: Mahu2021 (1060 in chips) 
Mahu2021: posts small blind 15
19vityok91: posts big blind 30
*** HOLE CARDS ***
Dealt to Mahu2021 [8c 3s]
Mahu2021: folds 
Uncalled bet (15) returned to 19vityok91
19vityok91 collected 30 from pot
*** SUMMARY ***
Total pot 30 | Rake 0 
Seat 2: 19vityok91 (big blind) collected (30)
Seat 3: Mahu2021 (button) (small blind) folded before Flop



PokerStars Hand #254534067586: Tournament #3851173077, $4.60+$0.40 USD Hold'em No Limit - Level II (15/30) - 2025/01/24 21:07:31 CET [2025/01/24 15:07:31 ET]
Table '3851173077 1' 3-max Seat #2 is the button
Seat 2: 19vityok91 (455 in chips) 
Seat 3: Mahu2021 (1045 in chips) 
19vityok91: posts small blind 15
Mahu2021: posts big blind 30
*** HOLE CARDS ***
Dealt to Mahu2021 [Jd 4s]
19vityok91: calls 15
Mahu2021: checks 
*** FLOP *** [Qd 7c 9s]
Mahu2021: checks 
19vityok91: bets 30
Mahu2021: folds 
Uncalled bet (30) returned to 19vityok91
19vityok91 collected 60 from pot
*** SUMMARY ***
Total pot 60 | Rake 0 
Board [Qd 7c 9s]
Seat 2: 19vityok91 (button) (small blind) collected (60)
Seat 3: Mahu2021 (big blind) folded on the Flop



PokerStars Hand #254534072474: Tournament #3851173077, $4.60+$0.40 USD Hold'em No Limit - Level II (15/30) - 2025/01/24 21:07:47 CET [2025/01/24 15:07:47 ET]
Table '3851173077 1' 3-max Seat #3 is the button
Seat 2: 19vityok91 (485 in chips) 
Seat 3: Mahu2021 (1015 in chips) 
Mahu2021: posts small blind 15
19vityok91: posts big blind 30
*** HOLE CARDS ***
Dealt to Mahu2021 [9c Ts]
Mahu2021: raises 30 to 60
19vityok91: raises 425 to 485 and is all-in
Mahu2021: folds 
Uncalled bet (425) returned to 19vityok91
19vityok91 collected 120 from pot
*** SUMMARY ***
Total pot 120 | Rake 0 
Seat 2: 19vityok91 (big blind) collected (120)
Seat 3: Mahu2021 (button) (small blind) folded before Flop



PokerStars Hand #254534077375: Tournament #3851173077, $4.60+$0.40 USD Hold'em No Limit - Level II (15/30) - 2025/01/24 21:08:03 CET [2025/01/24 15:08:03 ET]
Table '3851173077 1' 3-max Seat #2 is the button
Seat 2: 19vityok91 (545 in chips) 
Seat 3: Mahu2021 (955 in chips) 
19vityok91: posts small blind 15
Mahu2021: posts big blind 30
*** HOLE CARDS ***
Dealt to Mahu2021 [5h 8h]
19vityok91: calls 15
Mahu2021: checks 
*** FLOP *** [Ac 3c 5d]
Mahu2021: checks 
19vityok91: bets 30
Mahu2021: calls 30
*** TURN *** [Ac 3c 5d] [6d]
Mahu2021: checks 
19vityok91: checks 
*** RIVER *** [Ac 3c 5d 6d] [2h]
Mahu2021: checks 
19vityok91: bets 90
Mahu2021: folds 
Uncalled bet (90) returned to 19vityok91
19vityok91 collected 120 from pot
*** SUMMARY ***
Total pot 120 | Rake 0 
Board [Ac 3c 5d 6d 2h]
Seat 2: 19vityok91 (button) (small blind) collected (120)
Seat 3: Mahu2021 (big blind) folded on the River



PokerStars Hand #254534088059: Tournament #3851173077, $4.60+$0.40 USD Hold'em No Limit - Level II (15/30) - 2025/01/24 21:08:38 CET [2025/01/24 15:08:38 ET]
Table '3851173077 1' 3-max Seat #3 is the button
Seat 2: 19vityok91 (605 in chips) 
Seat 3: Mahu2021 (895 in chips) 
Mahu2021: posts small blind 15
19vityok91: posts big blind 30
*** HOLE CARDS ***
Dealt to Mahu2021 [9c 7c]
Mahu2021: calls 15
19vityok91: raises 60 to 90
Mahu2021: calls 60
*** FLOP *** [3c Qd 6c]
19vityok91: bets 45
Mahu2021: raises 760 to 805 and is all-in
19vityok91: folds 
Uncalled bet (760) returned to Mahu2021
Mahu2021 collected 270 from pot
Mahu2021: doesn't show hand 
*** SUMMARY ***
Total pot 270 | Rake 0 
Board [3c Qd 6c]
Seat 2: 19vityok91 (big blind) folded on the Flop
Seat 3: Mahu2021 (button) (small blind) collected (270)



PokerStars Hand #254534095007: Tournament #3851173077, $4.60+$0.40 USD Hold'em No Limit - Level III (20/40) - 2025/01/24 21:09:00 CET [2025/01/24 15:09:00 ET]
Table '3851173077 1' 3-max Seat #2 is the button
Seat 2: 19vityok91 (470 in chips) 
Seat 3: Mahu2021 (1030 in chips) 
19vityok91: posts small blind 20
Mahu2021: posts big blind 40
*** HOLE CARDS ***
Dealt to Mahu2021 [5d 9s]
19vityok91: calls 20
Mahu2021: checks 
*** FLOP *** [2h 3s 7s]
Mahu2021: checks 
19vityok91: checks 
*** TURN *** [2h 3s 7s] [9d]
Mahu2021: bets 80
19vityok91: folds 
Uncalled bet (80) returned to Mahu2021
Mahu2021 collected 80 from pot
Mahu2021: doesn't show hand 
*** SUMMARY ***
Total pot 80 | Rake 0 
Board [2h 3s 7s 9d]
Seat 2: 19vityok91 (button) (small blind) folded on the Turn
Seat 3: Mahu2021 (big blind) collected (80)



PokerStars Hand #254534100232: Tournament #3851173077, $4.60+$0.40 USD Hold'em No Limit - Level III (20/40) - 2025/01/24 21:09:18 CET [2025/01/24 15:09:18 ET]
Table '3851173077 1' 3-max Seat #3 is the button
Seat 2: 19vityok91 (430 in chips) 
Seat 3: Mahu2021 (1070 in chips) 
Mahu2021: posts small blind 20
19vityok91: posts big blind 40
*** HOLE CARDS ***
Dealt to Mahu2021 [Qh 3c]
Mahu2021: calls 20
19vityok91: raises 390 to 430 and is all-in
Mahu2021: folds 
Uncalled bet (390) returned to 19vityok91
19vityok91 collected 80 from pot
*** SUMMARY ***
Total pot 80 | Rake 0 
Seat 2: 19vityok91 (big blind) collected (80)
Seat 3: Mahu2021 (button) (small blind) folded before Flop



PokerStars Hand #254534102946: Tournament #3851173077, $4.60+$0.40 USD Hold'em No Limit - Level III (20/40) - 2025/01/24 21:09:26 CET [2025/01/24 15:09:26 ET]
Table '3851173077 1' 3-max Seat #2 is the button
Seat 2: 19vityok91 (470 in chips) 
Seat 3: Mahu2021 (1030 in chips) 
19vityok91: posts small blind 20
Mahu2021: posts big blind 40
*** HOLE CARDS ***
Dealt to Mahu2021 [4s Qs]
19vityok91: calls 20
Mahu2021: checks 
*** FLOP *** [3d 6d Jc]
Mahu2021: checks 
19vityok91: bets 40
Mahu2021: folds 
Uncalled bet (40) returned to 19vityok91
19vityok91 collected 80 from pot
*** SUMMARY ***
Total pot 80 | Rake 0 
Board [3d 6d Jc]
Seat 2: 19vityok91 (button) (small blind) collected (80)
Seat 3: Mahu2021 (big blind) folded on the Flop



PokerStars Hand #254534107315: Tournament #3851173077, $4.60+$0.40 USD Hold'em No Limit - Level III (20/40) - 2025/01/24 21:09:41 CET [2025/01/24 15:09:41 ET]
Table '3851173077 1' 3-max Seat #3 is the button
Seat 2: 19vityok91 (510 in chips) 
Seat 3: Mahu2021 (990 in chips) 
Mahu2021: posts small blind 20
19vityok91: posts big blind 40
*** HOLE CARDS ***
Dealt to Mahu2021 [Jd 7h]
Mahu2021: calls 20
19vityok91: checks 
*** FLOP *** [5s Ks Qd]
19vityok91: checks 
Mahu2021: bets 40
19vityok91: calls 40
*** TURN *** [5s Ks Qd] [Jc]
19vityok91: checks 
Mahu2021: bets 80
19vityok91: folds 
Uncalled bet (80) returned to Mahu2021
Mahu2021 collected 160 from pot
Mahu2021: doesn't show hand 
*** SUMMARY ***
Total pot 160 | Rake 0 
Board [5s Ks Qd Jc]
Seat 2: 19vityok91 (big blind) folded on the Turn
Seat 3: Mahu2021 (button) (small blind) collected (160)



PokerStars Hand #254534116326: Tournament #3851173077, $4.60+$0.40 USD Hold'em No Limit - Level III (20/40) - 2025/01/24 21:10:10 CET [2025/01/24 15:10:10 ET]
Table '3851173077 1' 3-max Seat #2 is the button
Seat 2: 19vityok91 (430 in chips) 
Seat 3: Mahu2021 (1070 in chips) 
19vityok91: posts small blind 20
Mahu2021: posts big blind 40
*** HOLE CARDS ***
Dealt to Mahu2021 [Kd 4s]
19vityok91: raises 390 to 430 and is all-in
Mahu2021: folds 
Uncalled bet (390) returned to 19vityok91
19vityok91 collected 80 from pot
*** SUMMARY ***
Total pot 80 | Rake 0 
Seat 2: 19vityok91 (button) (small blind) collected (80)
Seat 3: Mahu2021 (big blind) folded before Flop



PokerStars Hand #254534118532: Tournament #3851173077, $4.60+$0.40 USD Hold'em No Limit - Level III (20/40) - 2025/01/24 21:10:17 CET [2025/01/24 15:10:17 ET]
Table '3851173077 1' 3-max Seat #3 is the button
Seat 2: 19vityok91 (470 in chips) 
Seat 3: Mahu2021 (1030 in chips) 
Mahu2021: posts small blind 20
19vityok91: posts big blind 40
*** HOLE CARDS ***
Dealt to Mahu2021 [Ks 4d]
Mahu2021: raises 40 to 80
19vityok91: raises 390 to 470 and is all-in
Mahu2021: folds 
Uncalled bet (390) returned to 19vityok91
19vityok91 collected 160 from pot
*** SUMMARY ***
Total pot 160 | Rake 0 
Seat 2: 19vityok91 (big blind) collected (160)
Seat 3: Mahu2021 (button) (small blind) folded before Flop



PokerStars Hand #254534121123: Tournament #3851173077, $4.60+$0.40 USD Hold'em No Limit - Level III (20/40) - 2025/01/24 21:10:26 CET [2025/01/24 15:10:26 ET]
Table '3851173077 1' 3-max Seat #2 is the button
Seat 2: 19vityok91 (550 in chips) 
Seat 3: Mahu2021 (950 in chips) 
19vityok91: posts small blind 20
Mahu2021: posts big blind 40
*** HOLE CARDS ***
Dealt to Mahu2021 [Kd Kh]
19vityok91: calls 20
Mahu2021: raises 120 to 160
19vityok91: folds 
Uncalled bet (120) returned to Mahu2021
Mahu2021 collected 80 from pot
Mahu2021: doesn't show hand 
*** SUMMARY ***
Total pot 80 | Rake 0 
Seat 2: 19vityok91 (button) (small blind) folded before Flop
Seat 3: Mahu2021 (big blind) collected (80)



PokerStars Hand #254534124481: Tournament #3851173077, $4.60+$0.40 USD Hold'em No Limit - Level III (20/40) - 2025/01/24 21:10:37 CET [2025/01/24 15:10:37 ET]
Table '3851173077 1' 3-max Seat #3 is the button
Seat 2: 19vityok91 (510 in chips) 
Seat 3: Mahu2021 (990 in chips) 
Mahu2021: posts small blind 20
19vityok91: posts big blind 40
*** HOLE CARDS ***
Dealt to Mahu2021 [7h Kc]
Mahu2021: raises 40 to 80
19vityok91: calls 40
*** FLOP *** [Qh Qc 5s]
19vityok91: checks 
Mahu2021: checks 
*** TURN *** [Qh Qc 5s] [9d]
19vityok91: checks 
Mahu2021: bets 80
19vityok91: folds 
Uncalled bet (80) returned to Mahu2021
Mahu2021 collected 160 from pot
Mahu2021: doesn't show hand 
*** SUMMARY ***
Total pot 160 | Rake 0 
Board [Qh Qc 5s 9d]
Seat 2: 19vityok91 (big blind) folded on the Turn
Seat 3: Mahu2021 (button) (small blind) collected (160)



PokerStars Hand #254534132403: Tournament #3851173077, $4.60+$0.40 USD Hold'em No Limit - Level III (20/40) - 2025/01/24 21:11:02 CET [2025/01/24 15:11:02 ET]
Table '3851173077 1' 3-max Seat #2 is the button
Seat 2: 19vityok91 (430 in chips) 
Seat 3: Mahu2021 (1070 in chips) 
19vityok91: posts small blind 20
Mahu2021: posts big blind 40
*** HOLE CARDS ***
Dealt to Mahu2021 [7s Kd]
19vityok91: calls 20
Mahu2021: raises 1030 to 1070 and is all-in
19vityok91: calls 390 and is all-in
Uncalled bet (640) returned to Mahu2021
*** FLOP *** [Ah 4h Jc]
*** TURN *** [Ah 4h Jc] [3s]
*** RIVER *** [Ah 4h Jc 3s] [Th]
*** SHOW DOWN ***
Mahu2021: shows [7s Kd] (high card Ace)
19vityok91: shows [Qd Qh] (a pair of Queens)
19vityok91 collected 860 from pot
*** SUMMARY ***
Total pot 860 | Rake 0 
Board [Ah 4h Jc 3s Th]
Seat 2: 19vityok91 (button) (small blind) showed [Qd Qh] and won (860) with a pair of Queens
Seat 3: Mahu2021 (big blind) showed [7s Kd] and lost with high card Ace



PokerStars Hand #254534136983: Tournament #3851173077, $4.60+$0.40 USD Hold'em No Limit - Level III (20/40) - 2025/01/24 21:11:17 CET [2025/01/24 15:11:17 ET]
Table '3851173077 1' 3-max Seat #3 is the button
Seat 2: 19vityok91 (860 in chips) 
Seat 3: Mahu2021 (640 in chips) 
Mahu2021: posts small blind 20
19vityok91: posts big blind 40
*** HOLE CARDS ***
Dealt to Mahu2021 [9h Jh]
Mahu2021: calls 20
19vityok91: checks 
*** FLOP *** [Jd Ah 4h]
19vityok91: checks 
Mahu2021: checks 
*** TURN *** [Jd Ah 4h] [6s]
19vityok91: checks 
Mahu2021: checks 
*** RIVER *** [Jd Ah 4h 6s] [Th]
19vityok91: bets 60
Mahu2021: raises 140 to 200
19vityok91: folds 
Uncalled bet (140) returned to Mahu2021
Mahu2021 collected 200 from pot
Mahu2021: doesn't show hand 
*** SUMMARY ***
Total pot 200 | Rake 0 
Board [Jd Ah 4h 6s Th]
Seat 2: 19vityok91 (big blind) folded on the River
Seat 3: Mahu2021 (button) (small blind) collected (200)



PokerStars Hand #254534144973: Tournament #3851173077, $4.60+$0.40 USD Hold'em No Limit - Level III (20/40) - 2025/01/24 21:11:43 CET [2025/01/24 15:11:43 ET]
Table '3851173077 1' 3-max Seat #2 is the button
Seat 2: 19vityok91 (760 in chips) 
Seat 3: Mahu2021 (740 in chips) 
19vityok91: posts small blind 20
Mahu2021: posts big blind 40
*** HOLE CARDS ***
Dealt to Mahu2021 [5c Kh]
19vityok91: calls 20
Mahu2021: checks 
*** FLOP *** [7c Tc Qd]
Mahu2021: checks 
19vityok91: bets 40
Mahu2021: folds 
Uncalled bet (40) returned to 19vityok91
19vityok91 collected 80 from pot
*** SUMMARY ***
Total pot 80 | Rake 0 
Board [7c Tc Qd]
Seat 2: 19vityok91 (button) (small blind) collected (80)
Seat 3: Mahu2021 (big blind) folded on the Flop



PokerStars Hand #254534148606: Tournament #3851173077, $4.60+$0.40 USD Hold'em No Limit - Level IV (30/60) - 2025/01/24 21:11:55 CET [2025/01/24 15:11:55 ET]
Table '3851173077 1' 3-max Seat #3 is the button
Seat 2: 19vityok91 (800 in chips) 
Seat 3: Mahu2021 (700 in chips) 
Mahu2021: posts small blind 30
19vityok91: posts big blind 60
*** HOLE CARDS ***
Dealt to Mahu2021 [4h 9s]
Mahu2021: folds 
Uncalled bet (30) returned to 19vityok91
19vityok91 collected 60 from pot
*** SUMMARY ***
Total pot 60 | Rake 0 
Seat 2: 19vityok91 (big blind) collected (60)
Seat 3: Mahu2021 (button) (small blind) folded before Flop



PokerStars Hand #254534149912: Tournament #3851173077, $4.60+$0.40 USD Hold'em No Limit - Level IV (30/60) - 2025/01/24 21:11:59 CET [2025/01/24 15:11:59 ET]
Table '3851173077 1' 3-max Seat #2 is the button
Seat 2: 19vityok91 (830 in chips) 
Seat 3: Mahu2021 (670 in chips) 
19vityok91: posts small blind 30
Mahu2021: posts big blind 60
*** HOLE CARDS ***
Dealt to Mahu2021 [Ad 8s]
19vityok91: calls 30
Mahu2021: raises 610 to 670 and is all-in
19vityok91: folds 
Uncalled bet (610) returned to Mahu2021
Mahu2021 collected 120 from pot
Mahu2021: doesn't show hand 
*** SUMMARY ***
Total pot 120 | Rake 0 
Seat 2: 19vityok91 (button) (small blind) folded before Flop
Seat 3: Mahu2021 (big blind) collected (120)



PokerStars Hand #254534153641: Tournament #3851173077, $4.60+$0.40 USD Hold'em No Limit - Level IV (30/60) - 2025/01/24 21:12:12 CET [2025/01/24 15:12:12 ET]
Table '3851173077 1' 3-max Seat #3 is the button
Seat 2: 19vityok91 (770 in chips) 
Seat 3: Mahu2021 (730 in chips) 
Mahu2021: posts small blind 30
19vityok91: posts big blind 60
*** HOLE CARDS ***
Dealt to Mahu2021 [8c Js]
Mahu2021: calls 30
19vityok91: checks 
*** FLOP *** [Ks Ac 2c]
19vityok91: checks 
Mahu2021: bets 60
19vityok91: folds 
Uncalled bet (60) returned to Mahu2021
Mahu2021 collected 120 from pot
Mahu2021: doesn't show hand 
*** SUMMARY ***
Total pot 120 | Rake 0 
Board [Ks Ac 2c]
Seat 2: 19vityok91 (big blind) folded on the Flop
Seat 3: Mahu2021 (button) (small blind) collected (120)



PokerStars Hand #254534157062: Tournament #3851173077, $4.60+$0.40 USD Hold'em No Limit - Level IV (30/60) - 2025/01/24 21:12:23 CET [2025/01/24 15:12:23 ET]
Table '3851173077 1' 3-max Seat #2 is the button
Seat 2: 19vityok91 (710 in chips) 
Seat 3: Mahu2021 (790 in chips) 
19vityok91: posts small blind 30
Mahu2021: posts big blind 60
*** HOLE CARDS ***
Dealt to Mahu2021 [7d 6d]
19vityok91: calls 30
Mahu2021: checks 
*** FLOP *** [Qs 2s 2d]
Mahu2021: checks 
19vityok91: checks 
*** TURN *** [Qs 2s 2d] [3c]
Mahu2021: checks 
19vityok91: checks 
*** RIVER *** [Qs 2s 2d 3c] [6h]
Mahu2021: bets 60
19vityok91: calls 60
*** SHOW DOWN ***
Mahu2021: shows [7d 6d] (two pair, Sixes and Deuces)
19vityok91: mucks hand 
Mahu2021 collected 240 from pot
*** SUMMARY ***
Total pot 240 | Rake 0 
Board [Qs 2s 2d 3c 6h]
Seat 2: 19vityok91 (button) (small blind) mucked [Kc 9d]
Seat 3: Mahu2021 (big blind) showed [7d 6d] and won (240) with two pair, Sixes and Deuces



PokerStars Hand #254534161553: Tournament #3851173077, $4.60+$0.40 USD Hold'em No Limit - Level IV (30/60) - 2025/01/24 21:12:37 CET [2025/01/24 15:12:37 ET]
Table '3851173077 1' 3-max Seat #3 is the button
Seat 2: 19vityok91 (590 in chips) 
Seat 3: Mahu2021 (910 in chips) 
Mahu2021: posts small blind 30
19vityok91: posts big blind 60
*** HOLE CARDS ***
Dealt to Mahu2021 [Qc 6c]
Mahu2021: calls 30
19vityok91: raises 530 to 590 and is all-in
Mahu2021: folds 
Uncalled bet (530) returned to 19vityok91
19vityok91 collected 120 from pot
*** SUMMARY ***
Total pot 120 | Rake 0 
Seat 2: 19vityok91 (big blind) collected (120)
Seat 3: Mahu2021 (button) (small blind) folded before Flop



PokerStars Hand #254534164199: Tournament #3851173077, $4.60+$0.40 USD Hold'em No Limit - Level IV (30/60) - 2025/01/24 21:12:46 CET [2025/01/24 15:12:46 ET]
Table '3851173077 1' 3-max Seat #2 is the button
Seat 2: 19vityok91 (650 in chips) 
Seat 3: Mahu2021 (850 in chips) 
19vityok91: posts small blind 30
Mahu2021: posts big blind 60
*** HOLE CARDS ***
Dealt to Mahu2021 [Qs 4c]
19vityok91: raises 590 to 650 and is all-in
Mahu2021: folds 
Uncalled bet (590) returned to 19vityok91
19vityok91 collected 120 from pot
*** SUMMARY ***
Total pot 120 | Rake 0 
Seat 2: 19vityok91 (button) (small blind) collected (120)
Seat 3: Mahu2021 (big blind) folded before Flop



PokerStars Hand #254534166692: Tournament #3851173077, $4.60+$0.40 USD Hold'em No Limit - Level IV (30/60) - 2025/01/24 21:12:54 CET [2025/01/24 15:12:54 ET]
Table '3851173077 1' 3-max Seat #3 is the button
Seat 2: 19vityok91 (710 in chips) 
Seat 3: Mahu2021 (790 in chips) 
Mahu2021: posts small blind 30
19vityok91: posts big blind 60
*** HOLE CARDS ***
Dealt to Mahu2021 [6h Js]
Mahu2021: calls 30
19vityok91: checks 
*** FLOP *** [Qh Qd 3h]
19vityok91: checks 
Mahu2021: checks 
*** TURN *** [Qh Qd 3h] [7s]
19vityok91: checks 
Mahu2021: checks 
*** RIVER *** [Qh Qd 3h 7s] [Jd]
19vityok91: checks 
Mahu2021: bets 60
19vityok91: folds 
Uncalled bet (60) returned to Mahu2021
Mahu2021 collected 120 from pot
Mahu2021: doesn't show hand 
*** SUMMARY ***
Total pot 120 | Rake 0 
Board [Qh Qd 3h 7s Jd]
Seat 2: 19vityok91 (big blind) folded on the River
Seat 3: Mahu2021 (button) (small blind) collected (120)



PokerStars Hand #254534173003: Tournament #3851173077, $4.60+$0.40 USD Hold'em No Limit - Level IV (30/60) - 2025/01/24 21:13:14 CET [2025/01/24 15:13:14 ET]
Table '3851173077 1' 3-max Seat #2 is the button
Seat 2: 19vityok91 (650 in chips) 
Seat 3: Mahu2021 (850 in chips) 
19vityok91: posts small blind 30
Mahu2021: posts big blind 60
*** HOLE CARDS ***
Dealt to Mahu2021 [Ah Td]
19vityok91: calls 30
Mahu2021: raises 790 to 850 and is all-in
19vityok91: folds 
Uncalled bet (790) returned to Mahu2021
Mahu2021 collected 120 from pot
Mahu2021: doesn't show hand 
*** SUMMARY ***
Total pot 120 | Rake 0 
Seat 2: 19vityok91 (button) (small blind) folded before Flop
Seat 3: Mahu2021 (big blind) collected (120)



PokerStars Hand #254534175517: Tournament #3851173077, $4.60+$0.40 USD Hold'em No Limit - Level IV (30/60) - 2025/01/24 21:13:23 CET [2025/01/24 15:13:23 ET]
Table '3851173077 1' 3-max Seat #3 is the button
Seat 2: 19vityok91 (590 in chips) 
Seat 3: Mahu2021 (910 in chips) 
Mahu2021: posts small blind 30
19vityok91: posts big blind 60
*** HOLE CARDS ***
Dealt to Mahu2021 [Qd Tc]
Mahu2021: calls 30
19vityok91: raises 530 to 590 and is all-in
Mahu2021: folds 
Uncalled bet (530) returned to 19vityok91
19vityok91 collected 120 from pot
*** SUMMARY ***
Total pot 120 | Rake 0 
Seat 2: 19vityok91 (big blind) collected (120)
Seat 3: Mahu2021 (button) (small blind) folded before Flop



PokerStars Hand #254534178179: Tournament #3851173077, $4.60+$0.40 USD Hold'em No Limit - Level IV (30/60) - 2025/01/24 21:13:31 CET [2025/01/24 15:13:31 ET]
Table '3851173077 1' 3-max Seat #2 is the button
Seat 2: 19vityok91 (650 in chips) 
Seat 3: Mahu2021 (850 in chips) 
19vityok91: posts small blind 30
Mahu2021: posts big blind 60
*** HOLE CARDS ***
Dealt to Mahu2021 [3s 2h]
19vityok91: calls 30
Mahu2021: checks 
*** FLOP *** [8c 7s 3d]
Mahu2021: checks 
19vityok91: bets 60
Mahu2021: calls 60
*** TURN *** [8c 7s 3d] [2d]
Mahu2021: checks 
19vityok91: checks 
*** RIVER *** [8c 7s 3d 2d] [7d]
Mahu2021: bets 240
19vityok91: folds 
Uncalled bet (240) returned to Mahu2021
Mahu2021 collected 240 from pot
Mahu2021: doesn't show hand 
*** SUMMARY ***
Total pot 240 | Rake 0 
Board [8c 7s 3d 2d 7d]
Seat 2: 19vityok91 (button) (small blind) folded on the River
Seat 3: Mahu2021 (big blind) collected (240)



PokerStars Hand #254534184168: Tournament #3851173077, $4.60+$0.40 USD Hold'em No Limit - Level IV (30/60) - 2025/01/24 21:13:51 CET [2025/01/24 15:13:51 ET]
Table '3851173077 1' 3-max Seat #3 is the button
Seat 2: 19vityok91 (530 in chips) 
Seat 3: Mahu2021 (970 in chips) 
Mahu2021: posts small blind 30
19vityok91: posts big blind 60
*** HOLE CARDS ***
Dealt to Mahu2021 [6c 6s]
Mahu2021: calls 30
19vityok91: checks 
*** FLOP *** [Qh 4c Ad]
19vityok91: checks 
Mahu2021: bets 60
19vityok91: folds 
Uncalled bet (60) returned to Mahu2021
Mahu2021 collected 120 from pot
Mahu2021: doesn't show hand 
*** SUMMARY ***
Total pot 120 | Rake 0 
Board [Qh 4c Ad]
Seat 2: 19vityok91 (big blind) folded on the Flop
Seat 3: Mahu2021 (button) (small blind) collected (120)



PokerStars Hand #254534187517: Tournament #3851173077, $4.60+$0.40 USD Hold'em No Limit - Level IV (30/60) - 2025/01/24 21:14:02 CET [2025/01/24 15:14:02 ET]
Table '3851173077 1' 3-max Seat #2 is the button
Seat 2: 19vityok91 (470 in chips) 
Seat 3: Mahu2021 (1030 in chips) 
19vityok91: posts small blind 30
Mahu2021: posts big blind 60
*** HOLE CARDS ***
Dealt to Mahu2021 [Ts 9s]
19vityok91: folds 
Uncalled bet (30) returned to Mahu2021
Mahu2021 collected 60 from pot
Mahu2021: doesn't show hand 
*** SUMMARY ***
Total pot 60 | Rake 0 
Seat 2: 19vityok91 (button) (small blind) folded before Flop
Seat 3: Mahu2021 (big blind) collected (60)



PokerStars Hand #254534188609: Tournament #3851173077, $4.60+$0.40 USD Hold'em No Limit - Level IV (30/60) - 2025/01/24 21:14:05 CET [2025/01/24 15:14:05 ET]
Table '3851173077 1' 3-max Seat #3 is the button
Seat 2: 19vityok91 (440 in chips) 
Seat 3: Mahu2021 (1060 in chips) 
Mahu2021: posts small blind 30
19vityok91: posts big blind 60
*** HOLE CARDS ***
Dealt to Mahu2021 [Td 5d]
Mahu2021: calls 30
19vityok91: raises 380 to 440 and is all-in
Mahu2021: folds 
Uncalled bet (380) returned to 19vityok91
19vityok91 collected 120 from pot
*** SUMMARY ***
Total pot 120 | Rake 0 
Seat 2: 19vityok91 (big blind) collected (120)
Seat 3: Mahu2021 (button) (small blind) folded before Flop



PokerStars Hand #254534191634: Tournament #3851173077, $4.60+$0.40 USD Hold'em No Limit - Level IV (30/60) - 2025/01/24 21:14:15 CET [2025/01/24 15:14:15 ET]
Table '3851173077 1' 3-max Seat #2 is the button
Seat 2: 19vityok91 (500 in chips) 
Seat 3: Mahu2021 (1000 in chips) 
19vityok91: posts small blind 30
Mahu2021: posts big blind 60
*** HOLE CARDS ***
Dealt to Mahu2021 [3s 6c]
19vityok91: raises 440 to 500 and is all-in
Mahu2021: folds 
Uncalled bet (440) returned to 19vityok91
19vityok91 collected 120 from pot
*** SUMMARY ***
Total pot 120 | Rake 0 
Seat 2: 19vityok91 (button) (small blind) collected (120)
Seat 3: Mahu2021 (big blind) folded before Flop



PokerStars Hand #254534193113: Tournament #3851173077, $4.60+$0.40 USD Hold'em No Limit - Level IV (30/60) - 2025/01/24 21:14:20 CET [2025/01/24 15:14:20 ET]
Table '3851173077 1' 3-max Seat #3 is the button
Seat 2: 19vityok91 (560 in chips) 
Seat 3: Mahu2021 (940 in chips) 
Mahu2021: posts small blind 30
19vityok91: posts big blind 60
*** HOLE CARDS ***
Dealt to Mahu2021 [Tc Qh]
Mahu2021: calls 30
19vityok91: checks 
*** FLOP *** [Ah 7c 6h]
19vityok91: checks 
Mahu2021: bets 60
19vityok91: raises 90 to 150
Mahu2021: folds 
Uncalled bet (90) returned to 19vityok91
19vityok91 collected 240 from pot
*** SUMMARY ***
Total pot 240 | Rake 0 
Board [Ah 7c 6h]
Seat 2: 19vityok91 (big blind) collected (240)
Seat 3: Mahu2021 (button) (small blind) folded on the Flop



PokerStars Hand #254534197966: Tournament #3851173077, $4.60+$0.40 USD Hold'em No Limit - Level IV (30/60) - 2025/01/24 21:14:35 CET [2025/01/24 15:14:35 ET]
Table '3851173077 1' 3-max Seat #2 is the button
Seat 2: 19vityok91 (680 in chips) 
Seat 3: Mahu2021 (820 in chips) 
19vityok91: posts small blind 30
Mahu2021: posts big blind 60
*** HOLE CARDS ***
Dealt to Mahu2021 [Jh 3h]
19vityok91: calls 30
Mahu2021: raises 760 to 820 and is all-in
19vityok91: folds 
Uncalled bet (760) returned to Mahu2021
Mahu2021 collected 120 from pot
Mahu2021: doesn't show hand 
*** SUMMARY ***
Total pot 120 | Rake 0 
Seat 2: 19vityok91 (button) (small blind) folded before Flop
Seat 3: Mahu2021 (big blind) collected (120)



PokerStars Hand #254534200151: Tournament #3851173077, $4.60+$0.40 USD Hold'em No Limit - Level IV (30/60) - 2025/01/24 21:14:42 CET [2025/01/24 15:14:42 ET]
Table '3851173077 1' 3-max Seat #3 is the button
Seat 2: 19vityok91 (620 in chips) 
Seat 3: Mahu2021 (880 in chips) 
Mahu2021: posts small blind 30
19vityok91: posts big blind 60
*** HOLE CARDS ***
Dealt to Mahu2021 [6c 8h]
Mahu2021: folds 
Uncalled bet (30) returned to 19vityok91
19vityok91 collected 60 from pot
*** SUMMARY ***
Total pot 60 | Rake 0 
Seat 2: 19vityok91 (big blind) collected (60)
Seat 3: Mahu2021 (button) (small blind) folded before Flop



PokerStars Hand #254534202534: Tournament #3851173077, $4.60+$0.40 USD Hold'em No Limit - Level V (40/80) - 2025/01/24 21:14:50 CET [2025/01/24 15:14:50 ET]
Table '3851173077 1' 3-max Seat #2 is the button
Seat 2: 19vityok91 (650 in chips) 
Seat 3: Mahu2021 (850 in chips) 
19vityok91: posts small blind 40
Mahu2021: posts big blind 80
*** HOLE CARDS ***
Dealt to Mahu2021 [Jc Ah]
19vityok91: raises 570 to 650 and is all-in
Mahu2021: calls 570
*** FLOP *** [5c 6c Kc]
*** TURN *** [5c 6c Kc] [8h]
*** RIVER *** [5c 6c Kc 8h] [Td]
*** SHOW DOWN ***
Mahu2021: shows [Jc Ah] (high card Ace)
19vityok91: shows [Kh 9s] (a pair of Kings)
19vityok91 collected 1300 from pot
*** SUMMARY ***
Total pot 1300 | Rake 0 
Board [5c 6c Kc 8h Td]
Seat 2: 19vityok91 (button) (small blind) showed [Kh 9s] and won (1300) with a pair of Kings
Seat 3: Mahu2021 (big blind) showed [Jc Ah] and lost with high card Ace



PokerStars Hand #254534206188: Tournament #3851173077, $4.60+$0.40 USD Hold'em No Limit - Level V (40/80) - 2025/01/24 21:15:02 CET [2025/01/24 15:15:02 ET]
Table '3851173077 1' 3-max Seat #3 is the button
Seat 2: 19vityok91 (1300 in chips) 
Seat 3: Mahu2021 (200 in chips) 
Mahu2021: posts small blind 40
19vityok91: posts big blind 80
*** HOLE CARDS ***
Dealt to Mahu2021 [As Qd]
Mahu2021: raises 120 to 200 and is all-in
19vityok91: calls 120
*** FLOP *** [4d 6c 4c]
*** TURN *** [4d 6c 4c] [5d]
*** RIVER *** [4d 6c 4c 5d] [3c]
*** SHOW DOWN ***
19vityok91: shows [Th Ad] (a pair of Fours)
Mahu2021: shows [As Qd] (a pair of Fours - Ace+Queen kicker)
Mahu2021 collected 400 from pot
*** SUMMARY ***
Total pot 400 | Rake 0 
Board [4d 6c 4c 5d 3c]
Seat 2: 19vityok91 (big blind) showed [Th Ad] and lost with a pair of Fours
Seat 3: Mahu2021 (button) (small blind) showed [As Qd] and won (400) with a pair of Fours



PokerStars Hand #254534210648: Tournament #3851173077, $4.60+$0.40 USD Hold'em No Limit - Level V (40/80) - 2025/01/24 21:15:16 CET [2025/01/24 15:15:16 ET]
Table '3851173077 1' 3-max Seat #2 is the button
Seat 2: 19vityok91 (1100 in chips) 
Seat 3: Mahu2021 (400 in chips) 
19vityok91: posts small blind 40
Mahu2021: posts big blind 80
*** HOLE CARDS ***
Dealt to Mahu2021 [Js 8d]
19vityok91: folds 
Uncalled bet (40) returned to Mahu2021
Mahu2021 collected 80 from pot
Mahu2021: doesn't show hand 
*** SUMMARY ***
Total pot 80 | Rake 0 
Seat 2: 19vityok91 (button) (small blind) folded before Flop
Seat 3: Mahu2021 (big blind) collected (80)



PokerStars Hand #254534211595: Tournament #3851173077, $4.60+$0.40 USD Hold'em No Limit - Level V (40/80) - 2025/01/24 21:15:19 CET [2025/01/24 15:15:19 ET]
Table '3851173077 1' 3-max Seat #3 is the button
Seat 2: 19vityok91 (1060 in chips) 
Seat 3: Mahu2021 (440 in chips) 
Mahu2021: posts small blind 40
19vityok91: posts big blind 80
*** HOLE CARDS ***
Dealt to Mahu2021 [4h 4c]
Mahu2021: raises 360 to 440 and is all-in
19vityok91: folds 
Uncalled bet (360) returned to Mahu2021
Mahu2021 collected 160 from pot
Mahu2021: doesn't show hand 
*** SUMMARY ***
Total pot 160 | Rake 0 
Seat 2: 19vityok91 (big blind) folded before Flop
Seat 3: Mahu2021 (button) (small blind) collected (160)



PokerStars Hand #254534215004: Tournament #3851173077, $4.60+$0.40 USD Hold'em No Limit - Level V (40/80) - 2025/01/24 21:15:30 CET [2025/01/24 15:15:30 ET]
Table '3851173077 1' 3-max Seat #2 is the button
Seat 2: 19vityok91 (980 in chips) 
Seat 3: Mahu2021 (520 in chips) 
19vityok91: posts small blind 40
Mahu2021: posts big blind 80
*** HOLE CARDS ***
Dealt to Mahu2021 [Ad Qc]
19vityok91: folds 
Uncalled bet (40) returned to Mahu2021
Mahu2021 collected 80 from pot
Mahu2021: doesn't show hand 
*** SUMMARY ***
Total pot 80 | Rake 0 
Seat 2: 19vityok91 (button) (small blind) folded before Flop
Seat 3: Mahu2021 (big blind) collected (80)



PokerStars Hand #254534216347: Tournament #3851173077, $4.60+$0.40 USD Hold'em No Limit - Level V (40/80) - 2025/01/24 21:15:35 CET [2025/01/24 15:15:35 ET]
Table '3851173077 1' 3-max Seat #3 is the button
Seat 2: 19vityok91 (940 in chips) 
Seat 3: Mahu2021 (560 in chips) 
Mahu2021: posts small blind 40
19vityok91: posts big blind 80
*** HOLE CARDS ***
Dealt to Mahu2021 [Kc Kd]
Mahu2021: raises 480 to 560 and is all-in
19vityok91: folds 
Uncalled bet (480) returned to Mahu2021
Mahu2021 collected 160 from pot
Mahu2021: doesn't show hand 
*** SUMMARY ***
Total pot 160 | Rake 0 
Seat 2: 19vityok91 (big blind) folded before Flop
Seat 3: Mahu2021 (button) (small blind) collected (160)



PokerStars Hand #254534220273: Tournament #3851173077, $4.60+$0.40 USD Hold'em No Limit - Level V (40/80) - 2025/01/24 21:15:47 CET [2025/01/24 15:15:47 ET]
Table '3851173077 1' 3-max Seat #2 is the button
Seat 2: 19vityok91 (860 in chips) 
Seat 3: Mahu2021 (640 in chips) 
19vityok91: posts small blind 40
Mahu2021: posts big blind 80
*** HOLE CARDS ***
Dealt to Mahu2021 [Ah Qh]
19vityok91: folds 
Uncalled bet (40) returned to Mahu2021
Mahu2021 collected 80 from pot
Mahu2021: doesn't show hand 
*** SUMMARY ***
Total pot 80 | Rake 0 
Seat 2: 19vityok91 (button) (small blind) folded before Flop
Seat 3: Mahu2021 (big blind) collected (80)



PokerStars Hand #254534221370: Tournament #3851173077, $4.60+$0.40 USD Hold'em No Limit - Level V (40/80) - 2025/01/24 21:15:51 CET [2025/01/24 15:15:51 ET]
Table '3851173077 1' 3-max Seat #3 is the button
Seat 2: 19vityok91 (820 in chips) 
Seat 3: Mahu2021 (680 in chips) 
Mahu2021: posts small blind 40
19vityok91: posts big blind 80
*** HOLE CARDS ***
Dealt to Mahu2021 [2d Th]
Mahu2021: folds 
Uncalled bet (40) returned to 19vityok91
19vityok91 collected 80 from pot
*** SUMMARY ***
Total pot 80 | Rake 0 
Seat 2: 19vityok91 (big blind) collected (80)
Seat 3: Mahu2021 (button) (small blind) folded before Flop



PokerStars Hand #254534222749: Tournament #3851173077, $4.60+$0.40 USD Hold'em No Limit - Level V (40/80) - 2025/01/24 21:15:55 CET [2025/01/24 15:15:55 ET]
Table '3851173077 1' 3-max Seat #2 is the button
Seat 2: 19vityok91 (860 in chips) 
Seat 3: Mahu2021 (640 in chips) 
19vityok91: posts small blind 40
Mahu2021: posts big blind 80
*** HOLE CARDS ***
Dealt to Mahu2021 [9c 5d]
19vityok91: folds 
Uncalled bet (40) returned to Mahu2021
Mahu2021 collected 80 from pot
Mahu2021: doesn't show hand 
*** SUMMARY ***
Total pot 80 | Rake 0 
Seat 2: 19vityok91 (button) (small blind) folded before Flop
Seat 3: Mahu2021 (big blind) collected (80)



PokerStars Hand #254534223707: Tournament #3851173077, $4.60+$0.40 USD Hold'em No Limit - Level V (40/80) - 2025/01/24 21:15:59 CET [2025/01/24 15:15:59 ET]
Table '3851173077 1' 3-max Seat #3 is the button
Seat 2: 19vityok91 (820 in chips) 
Seat 3: Mahu2021 (680 in chips) 
Mahu2021: posts small blind 40
19vityok91: posts big blind 80
*** HOLE CARDS ***
Dealt to Mahu2021 [4d 3h]
Mahu2021: folds 
Uncalled bet (40) returned to 19vityok91
19vityok91 collected 80 from pot
*** SUMMARY ***
Total pot 80 | Rake 0 
Seat 2: 19vityok91 (big blind) collected (80)
Seat 3: Mahu2021 (button) (small blind) folded before Flop



PokerStars Hand #254534225316: Tournament #3851173077, $4.60+$0.40 USD Hold'em No Limit - Level V (40/80) - 2025/01/24 21:16:04 CET [2025/01/24 15:16:04 ET]
Table '3851173077 1' 3-max Seat #2 is the button
Seat 2: 19vityok91 (860 in chips) 
Seat 3: Mahu2021 (640 in chips) 
19vityok91: posts small blind 40
Mahu2021: posts big blind 80
*** HOLE CARDS ***
Dealt to Mahu2021 [4s 7h]
19vityok91: raises 780 to 860 and is all-in
Mahu2021: folds 
Uncalled bet (780) returned to 19vityok91
19vityok91 collected 160 from pot
*** SUMMARY ***
Total pot 160 | Rake 0 
Seat 2: 19vityok91 (button) (small blind) collected (160)
Seat 3: Mahu2021 (big blind) folded before Flop



PokerStars Hand #254534227124: Tournament #3851173077, $4.60+$0.40 USD Hold'em No Limit - Level V (40/80) - 2025/01/24 21:16:09 CET [2025/01/24 15:16:09 ET]
Table '3851173077 1' 3-max Seat #3 is the button
Seat 2: 19vityok91 (940 in chips) 
Seat 3: Mahu2021 (560 in chips) 
Mahu2021: posts small blind 40
19vityok91: posts big blind 80
*** HOLE CARDS ***
Dealt to Mahu2021 [3c 2d]
Mahu2021: folds 
Uncalled bet (40) returned to 19vityok91
19vityok91 collected 80 from pot
*** SUMMARY ***
Total pot 80 | Rake 0 
Seat 2: 19vityok91 (big blind) collected (80)
Seat 3: Mahu2021 (button) (small blind) folded before Flop



PokerStars Hand #254534228405: Tournament #3851173077, $4.60+$0.40 USD Hold'em No Limit - Level V (40/80) - 2025/01/24 21:16:14 CET [2025/01/24 15:16:14 ET]
Table '3851173077 1' 3-max Seat #2 is the button
Seat 2: 19vityok91 (980 in chips) 
Seat 3: Mahu2021 (520 in chips) 
19vityok91: posts small blind 40
Mahu2021: posts big blind 80
*** HOLE CARDS ***
Dealt to Mahu2021 [Qd Qc]
19vityok91: folds 
Uncalled bet (40) returned to Mahu2021
Mahu2021 collected 80 from pot
Mahu2021: doesn't show hand 
*** SUMMARY ***
Total pot 80 | Rake 0 
Seat 2: 19vityok91 (button) (small blind) folded before Flop
Seat 3: Mahu2021 (big blind) collected (80)



PokerStars Hand #254534229332: Tournament #3851173077, $4.60+$0.40 USD Hold'em No Limit - Level V (40/80) - 2025/01/24 21:16:17 CET [2025/01/24 15:16:17 ET]
Table '3851173077 1' 3-max Seat #3 is the button
Seat 2: 19vityok91 (940 in chips) 
Seat 3: Mahu2021 (560 in chips) 
Mahu2021: posts small blind 40
19vityok91: posts big blind 80
*** HOLE CARDS ***
Dealt to Mahu2021 [2d 8d]
Mahu2021: folds 
Uncalled bet (40) returned to 19vityok91
19vityok91 collected 80 from pot
*** SUMMARY ***
Total pot 80 | Rake 0 
Seat 2: 19vityok91 (big blind) collected (80)
Seat 3: Mahu2021 (button) (small blind) folded before Flop



PokerStars Hand #254534230760: Tournament #3851173077, $4.60+$0.40 USD Hold'em No Limit - Level V (40/80) - 2025/01/24 21:16:22 CET [2025/01/24 15:16:22 ET]
Table '3851173077 1' 3-max Seat #2 is the button
Seat 2: 19vityok91 (980 in chips) 
Seat 3: Mahu2021 (520 in chips) 
19vityok91: posts small blind 40
Mahu2021: posts big blind 80
*** HOLE CARDS ***
Dealt to Mahu2021 [9d Ac]
19vityok91: raises 900 to 980 and is all-in
Mahu2021: calls 440 and is all-in
Uncalled bet (460) returned to 19vityok91
*** FLOP *** [5h Tc 9h]
*** TURN *** [5h Tc 9h] [2s]
*** RIVER *** [5h Tc 9h 2s] [Jc]
*** SHOW DOWN ***
Mahu2021: shows [9d Ac] (a pair of Nines)
19vityok91: shows [Kd 6c] (high card King)
Mahu2021 collected 1040 from pot
*** SUMMARY ***
Total pot 1040 | Rake 0 
Board [5h Tc 9h 2s Jc]
Seat 2: 19vityok91 (button) (small blind) showed [Kd 6c] and lost with high card King
Seat 3: Mahu2021 (big blind) showed [9d Ac] and won (1040) with a pair of Nines



PokerStars Hand #254534234639: Tournament #3851173077, $4.60+$0.40 USD Hold'em No Limit - Level V (40/80) - 2025/01/24 21:16:34 CET [2025/01/24 15:16:34 ET]
Table '3851173077 1' 3-max Seat #3 is the button
Seat 2: 19vityok91 (460 in chips) 
Seat 3: Mahu2021 (1040 in chips) 
Mahu2021: posts small blind 40
19vityok91: posts big blind 80
*** HOLE CARDS ***
Dealt to Mahu2021 [Qh 9s]
Mahu2021: calls 40
19vityok91: checks 
*** FLOP *** [5c 4s 2s]
19vityok91: checks 
Mahu2021: checks 
*** TURN *** [5c 4s 2s] [4h]
19vityok91: checks 
Mahu2021: bets 80
19vityok91: raises 300 to 380 and is all-in
Mahu2021: folds 
Uncalled bet (300) returned to 19vityok91
19vityok91 collected 320 from pot
*** SUMMARY ***
Total pot 320 | Rake 0 
Board [5c 4s 2s 4h]
Seat 2: 19vityok91 (big blind) collected (320)
Seat 3: Mahu2021 (button) (small blind) folded on the Turn



PokerStars Hand #254534240050: Tournament #3851173077, $4.60+$0.40 USD Hold'em No Limit - Level V (40/80) - 2025/01/24 21:16:51 CET [2025/01/24 15:16:51 ET]
Table '3851173077 1' 3-max Seat #2 is the button
Seat 2: 19vityok91 (620 in chips) 
Seat 3: Mahu2021 (880 in chips) 
19vityok91: posts small blind 40
Mahu2021: posts big blind 80
*** HOLE CARDS ***
Dealt to Mahu2021 [2s 8h]
19vityok91: folds 
Uncalled bet (40) returned to Mahu2021
Mahu2021 collected 80 from pot
Mahu2021: doesn't show hand 
*** SUMMARY ***
Total pot 80 | Rake 0 
Seat 2: 19vityok91 (button) (small blind) folded before Flop
Seat 3: Mahu2021 (big blind) collected (80)



PokerStars Hand #254534240951: Tournament #3851173077, $4.60+$0.40 USD Hold'em No Limit - Level V (40/80) - 2025/01/24 21:16:54 CET [2025/01/24 15:16:54 ET]
Table '3851173077 1' 3-max Seat #3 is the button
Seat 2: 19vityok91 (580 in chips) 
Seat 3: Mahu2021 (920 in chips) 
Mahu2021: posts small blind 40
19vityok91: posts big blind 80
*** HOLE CARDS ***
Dealt to Mahu2021 [6s Jc]
Mahu2021: calls 40
19vityok91: raises 500 to 580 and is all-in
Mahu2021: folds 
Uncalled bet (500) returned to 19vityok91
19vityok91 collected 160 from pot
*** SUMMARY ***
Total pot 160 | Rake 0 
Seat 2: 19vityok91 (big blind) collected (160)
Seat 3: Mahu2021 (button) (small blind) folded before Flop



PokerStars Hand #254534243272: Tournament #3851173077, $4.60+$0.40 USD Hold'em No Limit - Level V (40/80) - 2025/01/24 21:17:02 CET [2025/01/24 15:17:02 ET]
Table '3851173077 1' 3-max Seat #2 is the button
Seat 2: 19vityok91 (660 in chips) 
Seat 3: Mahu2021 (840 in chips) 
19vityok91: posts small blind 40
Mahu2021: posts big blind 80
*** HOLE CARDS ***
Dealt to Mahu2021 [As 2s]
19vityok91: calls 40
Mahu2021: raises 760 to 840 and is all-in
19vityok91: folds 
Uncalled bet (760) returned to Mahu2021
Mahu2021 collected 160 from pot
Mahu2021: doesn't show hand 
*** SUMMARY ***
Total pot 160 | Rake 0 
Seat 2: 19vityok91 (button) (small blind) folded before Flop
Seat 3: Mahu2021 (big blind) collected (160)



PokerStars Hand #254534245466: Tournament #3851173077, $4.60+$0.40 USD Hold'em No Limit - Level V (40/80) - 2025/01/24 21:17:09 CET [2025/01/24 15:17:09 ET]
Table '3851173077 1' 3-max Seat #3 is the button
Seat 2: 19vityok91 (580 in chips) 
Seat 3: Mahu2021 (920 in chips) 
Mahu2021: posts small blind 40
19vityok91: posts big blind 80
*** HOLE CARDS ***
Dealt to Mahu2021 [2s 5s]
Mahu2021: calls 40
19vityok91: raises 500 to 580 and is all-in
Mahu2021: folds 
Uncalled bet (500) returned to 19vityok91
19vityok91 collected 160 from pot
*** SUMMARY ***
Total pot 160 | Rake 0 
Seat 2: 19vityok91 (big blind) collected (160)
Seat 3: Mahu2021 (button) (small blind) folded before Flop



PokerStars Hand #254534247751: Tournament #3851173077, $4.60+$0.40 USD Hold'em No Limit - Level V (40/80) - 2025/01/24 21:17:17 CET [2025/01/24 15:17:17 ET]
Table '3851173077 1' 3-max Seat #2 is the button
Seat 2: 19vityok91 (660 in chips) 
Seat 3: Mahu2021 (840 in chips) 
19vityok91: posts small blind 40
Mahu2021: posts big blind 80
*** HOLE CARDS ***
Dealt to Mahu2021 [4c 3c]
19vityok91: calls 40
Mahu2021: checks 
*** FLOP *** [2c 3d 6c]
Mahu2021: bets 760 and is all-in
19vityok91: folds 
Uncalled bet (760) returned to Mahu2021
Mahu2021 collected 160 from pot
Mahu2021: doesn't show hand 
*** SUMMARY ***
Total pot 160 | Rake 0 
Board [2c 3d 6c]
Seat 2: 19vityok91 (button) (small blind) folded on the Flop
Seat 3: Mahu2021 (big blind) collected (160)



PokerStars Hand #254534251508: Tournament #3851173077, $4.60+$0.40 USD Hold'em No Limit - Level V (40/80) - 2025/01/24 21:17:29 CET [2025/01/24 15:17:29 ET]
Table '3851173077 1' 3-max Seat #3 is the button
Seat 2: 19vityok91 (580 in chips) 
Seat 3: Mahu2021 (920 in chips) 
Mahu2021: posts small blind 40
19vityok91: posts big blind 80
*** HOLE CARDS ***
Dealt to Mahu2021 [As 4h]
Mahu2021: raises 840 to 920 and is all-in
19vityok91: folds 
Uncalled bet (840) returned to Mahu2021
Mahu2021 collected 160 from pot
Mahu2021: doesn't show hand 
*** SUMMARY ***
Total pot 160 | Rake 0 
Seat 2: 19vityok91 (big blind) folded before Flop
Seat 3: Mahu2021 (button) (small blind) collected (160)



PokerStars Hand #254534254450: Tournament #3851173077, $4.60+$0.40 USD Hold'em No Limit - Level V (40/80) - 2025/01/24 21:17:39 CET [2025/01/24 15:17:39 ET]
Table '3851173077 1' 3-max Seat #2 is the button
Seat 2: 19vityok91 (500 in chips) 
Seat 3: Mahu2021 (1000 in chips) 
19vityok91: posts small blind 40
Mahu2021: posts big blind 80
*** HOLE CARDS ***
Dealt to Mahu2021 [Qh 9s]
19vityok91: raises 420 to 500 and is all-in
Mahu2021: folds 
Uncalled bet (420) returned to 19vityok91
19vityok91 collected 160 from pot
*** SUMMARY ***
Total pot 160 | Rake 0 
Seat 2: 19vityok91 (button) (small blind) collected (160)
Seat 3: Mahu2021 (big blind) folded before Flop



PokerStars Hand #254534258639: Tournament #3851173077, $4.60+$0.40 USD Hold'em No Limit - Level VI (50/100) - 2025/01/24 21:17:52 CET [2025/01/24 15:17:52 ET]
Table '3851173077 1' 3-max Seat #3 is the button
Seat 2: 19vityok91 (580 in chips) 
Seat 3: Mahu2021 (920 in chips) 
Mahu2021: posts small blind 50
19vityok91: posts big blind 100
*** HOLE CARDS ***
Dealt to Mahu2021 [Ad 3d]
Mahu2021: raises 820 to 920 and is all-in
19vityok91: calls 480 and is all-in
Uncalled bet (340) returned to Mahu2021
*** FLOP *** [Kc Th 6h]
*** TURN *** [Kc Th 6h] [7d]
*** RIVER *** [Kc Th 6h 7d] [8c]
*** SHOW DOWN ***
19vityok91: shows [As 2c] (high card Ace)
Mahu2021: shows [Ad 3d] (high card Ace)
19vityok91 collected 580 from pot
Mahu2021 collected 580 from pot
*** SUMMARY ***
Total pot 1160 | Rake 0 
Board [Kc Th 6h 7d 8c]
Seat 2: 19vityok91 (big blind) showed [As 2c] and won (580) with high card Ace
Seat 3: Mahu2021 (button) (small blind) showed [Ad 3d] and won (580) with high card Ace



PokerStars Hand #254534262519: Tournament #3851173077, $4.60+$0.40 USD Hold'em No Limit - Level VI (50/100) - 2025/01/24 21:18:04 CET [2025/01/24 15:18:04 ET]
Table '3851173077 1' 3-max Seat #2 is the button
Seat 2: 19vityok91 (580 in chips) 
Seat 3: Mahu2021 (920 in chips) 
19vityok91: posts small blind 50
Mahu2021: posts big blind 100
*** HOLE CARDS ***
Dealt to Mahu2021 [Qh Jh]
19vityok91: raises 480 to 580 and is all-in
Mahu2021: calls 480
*** FLOP *** [Td Ac 3d]
*** TURN *** [Td Ac 3d] [9c]
*** RIVER *** [Td Ac 3d 9c] [2s]
*** SHOW DOWN ***
Mahu2021: shows [Qh Jh] (high card Ace)
19vityok91: shows [Tc 9s] (two pair, Tens and Nines)
19vityok91 collected 1160 from pot
*** SUMMARY ***
Total pot 1160 | Rake 0 
Board [Td Ac 3d 9c 2s]
Seat 2: 19vityok91 (button) (small blind) showed [Tc 9s] and won (1160) with two pair, Tens and Nines
Seat 3: Mahu2021 (big blind) showed [Qh Jh] and lost with high card Ace



PokerStars Hand #254534266593: Tournament #3851173077, $4.60+$0.40 USD Hold'em No Limit - Level VI (50/100) - 2025/01/24 21:18:18 CET [2025/01/24 15:18:18 ET]
Table '3851173077 1' 3-max Seat #3 is the button
Seat 2: 19vityok91 (1160 in chips) 
Seat 3: Mahu2021 (340 in chips) 
Mahu2021: posts small blind 50
19vityok91: posts big blind 100
*** HOLE CARDS ***
Dealt to Mahu2021 [4c 7c]
Mahu2021: raises 240 to 340 and is all-in
19vityok91: calls 240
*** FLOP *** [Jc Th 2h]
*** TURN *** [Jc Th 2h] [Kc]
*** RIVER *** [Jc Th 2h Kc] [3s]
*** SHOW DOWN ***
19vityok91: shows [Jh Jd] (three of a kind, Jacks)
Mahu2021: shows [4c 7c] (high card King)
19vityok91 collected 680 from pot
Mahu2021 finished the tournament in 2nd place
19vityok91 wins the tournament and receives $25.00 - congratulations!
*** SUMMARY ***
Total pot 680 | Rake 0 
Board [Jc Th 2h Kc 3s]
Seat 2: 19vityok91 (big blind) showed [Jh Jd] and won (680) with three of a kind, Jacks
Seat 3: Mahu2021 (button) (small blind) showed [4c 7c] and lost with high card King



