PokerStars Hand #254731235847: Tournament #3855789467, $4.60+$0.40 USD Hold'em No Limit - Level I (10/20) - 2025/02/06 10:08:15 CET [2025/02/06 4:08:15 ET]
Table '3855789467 1' 3-max Seat #1 is the button
Seat 1: Mahu2021 (500 in chips) 
Seat 2: alex_m_b89 (500 in chips) 
Seat 3: alco36 (500 in chips) 
alex_m_b89: posts small blind 10
alco36: posts big blind 20
*** HOLE CARDS ***
Dealt to Mahu2021 [5c 5s]
Mahu2021: raises 20 to 40
alex_m_b89: folds 
alco36: folds 
Uncalled bet (20) returned to Mahu2021
Mahu2021 collected 50 from pot
Mahu2021: doesn't show hand 
*** SUMMARY ***
Total pot 50 | Rake 0 
Seat 1: Mahu2021 (button) collected (50)
Seat 2: alex_m_b89 (small blind) folded before Flop
Seat 3: alco36 (big blind) folded before Flop



PokerStars Hand #254731236366: Tournament #3855789467, $4.60+$0.40 USD Hold'em No Limit - Level I (10/20) - 2025/02/06 10:08:21 CET [2025/02/06 4:08:21 ET]
Table '3855789467 1' 3-max Seat #2 is the button
Seat 1: Mahu2021 (530 in chips) 
Seat 2: alex_m_b89 (490 in chips) 
Seat 3: alco36 (480 in chips) 
alco36: posts small blind 10
Mahu2021: posts big blind 20
*** HOLE CARDS ***
Dealt to Mahu2021 [3c 7s]
alex_m_b89: raises 20 to 40
alco36: raises 440 to 480 and is all-in
Mahu2021: folds 
alex_m_b89: calls 440
*** FLOP *** [5d Qc 9c]
*** TURN *** [5d Qc 9c] [Kd]
*** RIVER *** [5d Qc 9c Kd] [9h]
*** SHOW DOWN ***
alco36: shows [6d Ac] (a pair of Nines)
alex_m_b89: shows [8d 8h] (two pair, Nines and Eights)
alex_m_b89 collected 980 from pot
alco36 finished the tournament in 3rd place
*** SUMMARY ***
Total pot 980 | Rake 0 
Board [5d Qc 9c Kd 9h]
Seat 1: Mahu2021 (big blind) folded before Flop
Seat 2: alex_m_b89 (button) showed [8d 8h] and won (980) with two pair, Nines and Eights
Seat 3: alco36 (small blind) showed [6d Ac] and lost with a pair of Nines



PokerStars Hand #254731238204: Tournament #3855789467, $4.60+$0.40 USD Hold'em No Limit - Level I (10/20) - 2025/02/06 10:08:43 CET [2025/02/06 4:08:43 ET]
Table '3855789467 1' 3-max Seat #1 is the button
Seat 1: Mahu2021 (510 in chips) 
Seat 2: alex_m_b89 (990 in chips) 
Mahu2021: posts small blind 10
alex_m_b89: posts big blind 20
*** HOLE CARDS ***
Dealt to Mahu2021 [Js 4c]
Mahu2021: folds 
Uncalled bet (10) returned to alex_m_b89
alex_m_b89 collected 20 from pot
alex_m_b89: doesn't show hand 
*** SUMMARY ***
Total pot 20 | Rake 0 
Seat 1: Mahu2021 (button) (small blind) folded before Flop
Seat 2: alex_m_b89 (big blind) collected (20)



PokerStars Hand #254731238562: Tournament #3855789467, $4.60+$0.40 USD Hold'em No Limit - Level I (10/20) - 2025/02/06 10:08:47 CET [2025/02/06 4:08:47 ET]
Table '3855789467 1' 3-max Seat #2 is the button
Seat 1: Mahu2021 (500 in chips) 
Seat 2: alex_m_b89 (1000 in chips) 
alex_m_b89: posts small blind 10
Mahu2021: posts big blind 20
*** HOLE CARDS ***
Dealt to Mahu2021 [Th Jd]
alex_m_b89: folds 
Uncalled bet (10) returned to Mahu2021
Mahu2021 collected 20 from pot
Mahu2021: doesn't show hand 
*** SUMMARY ***
Total pot 20 | Rake 0 
Seat 1: Mahu2021 (big blind) collected (20)
Seat 2: alex_m_b89 (button) (small blind) folded before Flop



PokerStars Hand #254731239247: Tournament #3855789467, $4.60+$0.40 USD Hold'em No Limit - Level I (10/20) - 2025/02/06 10:08:55 CET [2025/02/06 4:08:55 ET]
Table '3855789467 1' 3-max Seat #1 is the button
Seat 1: Mahu2021 (510 in chips) 
Seat 2: alex_m_b89 (990 in chips) 
Mahu2021: posts small blind 10
alex_m_b89: posts big blind 20
*** HOLE CARDS ***
Dealt to Mahu2021 [6c As]
Mahu2021: raises 20 to 40
alex_m_b89: calls 20
*** FLOP *** [Tc Qs Jd]
alex_m_b89: checks 
Mahu2021: checks 
*** TURN *** [Tc Qs Jd] [Kd]
alex_m_b89: checks 
Mahu2021: bets 80
alex_m_b89: folds 
Uncalled bet (80) returned to Mahu2021
Mahu2021 collected 80 from pot
Mahu2021: doesn't show hand 
*** SUMMARY ***
Total pot 80 | Rake 0 
Board [Tc Qs Jd Kd]
Seat 1: Mahu2021 (button) (small blind) collected (80)
Seat 2: alex_m_b89 (big blind) folded on the Turn



PokerStars Hand #254731241325: Tournament #3855789467, $4.60+$0.40 USD Hold'em No Limit - Level I (10/20) - 2025/02/06 10:09:19 CET [2025/02/06 4:09:19 ET]
Table '3855789467 1' 3-max Seat #2 is the button
Seat 1: Mahu2021 (550 in chips) 
Seat 2: alex_m_b89 (950 in chips) 
alex_m_b89: posts small blind 10
Mahu2021: posts big blind 20
*** HOLE CARDS ***
Dealt to Mahu2021 [As Kd]
alex_m_b89: raises 20 to 40
Mahu2021: raises 510 to 550 and is all-in
alex_m_b89: folds 
Uncalled bet (510) returned to Mahu2021
Mahu2021 collected 80 from pot
Mahu2021: doesn't show hand 
*** SUMMARY ***
Total pot 80 | Rake 0 
Seat 1: Mahu2021 (big blind) collected (80)
Seat 2: alex_m_b89 (button) (small blind) folded before Flop



PokerStars Hand #254731242229: Tournament #3855789467, $4.60+$0.40 USD Hold'em No Limit - Level I (10/20) - 2025/02/06 10:09:29 CET [2025/02/06 4:09:29 ET]
Table '3855789467 1' 3-max Seat #1 is the button
Seat 1: Mahu2021 (590 in chips) 
Seat 2: alex_m_b89 (910 in chips) 
Mahu2021: posts small blind 10
alex_m_b89: posts big blind 20
*** HOLE CARDS ***
Dealt to Mahu2021 [7c Jc]
Mahu2021: raises 20 to 40
alex_m_b89: calls 20
*** FLOP *** [4c Qc 5d]
alex_m_b89: checks 
Mahu2021: checks 
*** TURN *** [4c Qc 5d] [7d]
alex_m_b89: bets 40
Mahu2021: calls 40
*** RIVER *** [4c Qc 5d 7d] [Td]
alex_m_b89: bets 134
Mahu2021: folds 
Uncalled bet (134) returned to alex_m_b89
alex_m_b89 collected 160 from pot
alex_m_b89: doesn't show hand 
*** SUMMARY ***
Total pot 160 | Rake 0 
Board [4c Qc 5d 7d Td]
Seat 1: Mahu2021 (button) (small blind) folded on the River
Seat 2: alex_m_b89 (big blind) collected (160)



PokerStars Hand #254731244235: Tournament #3855789467, $4.60+$0.40 USD Hold'em No Limit - Level I (10/20) - 2025/02/06 10:09:52 CET [2025/02/06 4:09:52 ET]
Table '3855789467 1' 3-max Seat #2 is the button
Seat 1: Mahu2021 (510 in chips) 
Seat 2: alex_m_b89 (990 in chips) 
alex_m_b89: posts small blind 10
Mahu2021: posts big blind 20
*** HOLE CARDS ***
Dealt to Mahu2021 [4d 2h]
alex_m_b89: raises 20 to 40
Mahu2021: folds 
Uncalled bet (20) returned to alex_m_b89
alex_m_b89 collected 40 from pot
alex_m_b89: doesn't show hand 
*** SUMMARY ***
Total pot 40 | Rake 0 
Seat 1: Mahu2021 (big blind) folded before Flop
Seat 2: alex_m_b89 (button) (small blind) collected (40)



PokerStars Hand #254731244737: Tournament #3855789467, $4.60+$0.40 USD Hold'em No Limit - Level I (10/20) - 2025/02/06 10:09:59 CET [2025/02/06 4:09:59 ET]
Table '3855789467 1' 3-max Seat #1 is the button
Seat 1: Mahu2021 (490 in chips) 
Seat 2: alex_m_b89 (1010 in chips) 
Mahu2021: posts small blind 10
alex_m_b89: posts big blind 20
*** HOLE CARDS ***
Dealt to Mahu2021 [9c Kc]
Mahu2021: raises 20 to 40
alex_m_b89: raises 970 to 1010 and is all-in
Mahu2021: folds 
Uncalled bet (970) returned to alex_m_b89
alex_m_b89 collected 80 from pot
alex_m_b89: doesn't show hand 
*** SUMMARY ***
Total pot 80 | Rake 0 
Seat 1: Mahu2021 (button) (small blind) folded before Flop
Seat 2: alex_m_b89 (big blind) collected (80)



PokerStars Hand #254731245483: Tournament #3855789467, $4.60+$0.40 USD Hold'em No Limit - Level I (10/20) - 2025/02/06 10:10:07 CET [2025/02/06 4:10:07 ET]
Table '3855789467 1' 3-max Seat #2 is the button
Seat 1: Mahu2021 (450 in chips) 
Seat 2: alex_m_b89 (1050 in chips) 
alex_m_b89: posts small blind 10
Mahu2021: posts big blind 20
*** HOLE CARDS ***
Dealt to Mahu2021 [2d 8h]
alex_m_b89: raises 20 to 40
Mahu2021: folds 
Uncalled bet (20) returned to alex_m_b89
alex_m_b89 collected 40 from pot
alex_m_b89: doesn't show hand 
*** SUMMARY ***
Total pot 40 | Rake 0 
Seat 1: Mahu2021 (big blind) folded before Flop
Seat 2: alex_m_b89 (button) (small blind) collected (40)



PokerStars Hand #254731246151: Tournament #3855789467, $4.60+$0.40 USD Hold'em No Limit - Level I (10/20) - 2025/02/06 10:10:15 CET [2025/02/06 4:10:15 ET]
Table '3855789467 1' 3-max Seat #1 is the button
Seat 1: Mahu2021 (430 in chips) 
Seat 2: alex_m_b89 (1070 in chips) 
Mahu2021: posts small blind 10
alex_m_b89: posts big blind 20
*** HOLE CARDS ***
Dealt to Mahu2021 [8s Ad]
Mahu2021: raises 20 to 40
alex_m_b89: calls 20
*** FLOP *** [7h Jc 4c]
alex_m_b89: checks 
Mahu2021: bets 40
alex_m_b89: calls 40
*** TURN *** [7h Jc 4c] [4h]
alex_m_b89: checks 
Mahu2021: checks 
*** RIVER *** [7h Jc 4c 4h] [Qc]
alex_m_b89: checks 
Mahu2021: checks 
*** SHOW DOWN ***
alex_m_b89: shows [8c 7s] (two pair, Sevens and Fours)
Mahu2021: mucks hand 
alex_m_b89 collected 160 from pot
*** SUMMARY ***
Total pot 160 | Rake 0 
Board [7h Jc 4c 4h Qc]
Seat 1: Mahu2021 (button) (small blind) mucked [8s Ad]
Seat 2: alex_m_b89 (big blind) showed [8c 7s] and won (160) with two pair, Sevens and Fours



PokerStars Hand #254731248844: Tournament #3855789467, $4.60+$0.40 USD Hold'em No Limit - Level II (15/30) - 2025/02/06 10:10:45 CET [2025/02/06 4:10:45 ET]
Table '3855789467 1' 3-max Seat #2 is the button
Seat 1: Mahu2021 (350 in chips) 
Seat 2: alex_m_b89 (1150 in chips) 
alex_m_b89: posts small blind 15
Mahu2021: posts big blind 30
*** HOLE CARDS ***
Dealt to Mahu2021 [8d Ac]
alex_m_b89: folds 
Uncalled bet (15) returned to Mahu2021
Mahu2021 collected 30 from pot
Mahu2021: doesn't show hand 
*** SUMMARY ***
Total pot 30 | Rake 0 
Seat 1: Mahu2021 (big blind) collected (30)
Seat 2: alex_m_b89 (button) (small blind) folded before Flop



PokerStars Hand #254731249199: Tournament #3855789467, $4.60+$0.40 USD Hold'em No Limit - Level II (15/30) - 2025/02/06 10:10:49 CET [2025/02/06 4:10:49 ET]
Table '3855789467 1' 3-max Seat #1 is the button
Seat 1: Mahu2021 (365 in chips) 
Seat 2: alex_m_b89 (1135 in chips) 
Mahu2021: posts small blind 15
alex_m_b89: posts big blind 30
*** HOLE CARDS ***
Dealt to Mahu2021 [2s Kc]
Mahu2021: calls 15
alex_m_b89: checks 
*** FLOP *** [6s 3h 7s]
alex_m_b89: checks 
Mahu2021: checks 
*** TURN *** [6s 3h 7s] [Qd]
alex_m_b89: checks 
Mahu2021: checks 
*** RIVER *** [6s 3h 7s Qd] [9c]
alex_m_b89: checks 
Mahu2021: checks 
*** SHOW DOWN ***
alex_m_b89: shows [5s 3d] (a pair of Threes)
Mahu2021: mucks hand 
alex_m_b89 collected 60 from pot
*** SUMMARY ***
Total pot 60 | Rake 0 
Board [6s 3h 7s Qd 9c]
Seat 1: Mahu2021 (button) (small blind) mucked [2s Kc]
Seat 2: alex_m_b89 (big blind) showed [5s 3d] and won (60) with a pair of Threes



PokerStars Hand #254731251908: Tournament #3855789467, $4.60+$0.40 USD Hold'em No Limit - Level II (15/30) - 2025/02/06 10:11:20 CET [2025/02/06 4:11:20 ET]
Table '3855789467 1' 3-max Seat #2 is the button
Seat 1: Mahu2021 (335 in chips) 
Seat 2: alex_m_b89 (1165 in chips) 
alex_m_b89: posts small blind 15
Mahu2021: posts big blind 30
*** HOLE CARDS ***
Dealt to Mahu2021 [Kd Qs]
alex_m_b89: calls 15
Mahu2021: raises 90 to 120
alex_m_b89: folds 
Uncalled bet (90) returned to Mahu2021
Mahu2021 collected 60 from pot
Mahu2021: doesn't show hand 
*** SUMMARY ***
Total pot 60 | Rake 0 
Seat 1: Mahu2021 (big blind) collected (60)
Seat 2: alex_m_b89 (button) (small blind) folded before Flop



PokerStars Hand #254731253049: Tournament #3855789467, $4.60+$0.40 USD Hold'em No Limit - Level II (15/30) - 2025/02/06 10:11:33 CET [2025/02/06 4:11:33 ET]
Table '3855789467 1' 3-max Seat #1 is the button
Seat 1: Mahu2021 (365 in chips) 
Seat 2: alex_m_b89 (1135 in chips) 
Mahu2021: posts small blind 15
alex_m_b89: posts big blind 30
*** HOLE CARDS ***
Dealt to Mahu2021 [Jd Jc]
Mahu2021: raises 335 to 365 and is all-in
alex_m_b89: folds 
Uncalled bet (335) returned to Mahu2021
Mahu2021 collected 60 from pot
Mahu2021: doesn't show hand 
*** SUMMARY ***
Total pot 60 | Rake 0 
Seat 1: Mahu2021 (button) (small blind) collected (60)
Seat 2: alex_m_b89 (big blind) folded before Flop



PokerStars Hand #254731253715: Tournament #3855789467, $4.60+$0.40 USD Hold'em No Limit - Level II (15/30) - 2025/02/06 10:11:41 CET [2025/02/06 4:11:41 ET]
Table '3855789467 1' 3-max Seat #2 is the button
Seat 1: Mahu2021 (395 in chips) 
Seat 2: alex_m_b89 (1105 in chips) 
alex_m_b89: posts small blind 15
Mahu2021: posts big blind 30
*** HOLE CARDS ***
Dealt to Mahu2021 [3c 2h]
alex_m_b89: calls 15
Mahu2021: checks 
*** FLOP *** [2s 6c 6d]
Mahu2021: checks 
alex_m_b89: bets 30
Mahu2021: calls 30
*** TURN *** [2s 6c 6d] [Ah]
Mahu2021: checks 
alex_m_b89: checks 
*** RIVER *** [2s 6c 6d Ah] [8h]
Mahu2021: checks 
alex_m_b89: checks 
*** SHOW DOWN ***
Mahu2021: shows [3c 2h] (two pair, Sixes and Deuces)
alex_m_b89: mucks hand 
Mahu2021 collected 120 from pot
*** SUMMARY ***
Total pot 120 | Rake 0 
Board [2s 6c 6d Ah 8h]
Seat 1: Mahu2021 (big blind) showed [3c 2h] and won (120) with two pair, Sixes and Deuces
Seat 2: alex_m_b89 (button) (small blind) mucked [Js 3s]



PokerStars Hand #254731255777: Tournament #3855789467, $4.60+$0.40 USD Hold'em No Limit - Level II (15/30) - 2025/02/06 10:12:04 CET [2025/02/06 4:12:04 ET]
Table '3855789467 1' 3-max Seat #1 is the button
Seat 1: Mahu2021 (455 in chips) 
Seat 2: alex_m_b89 (1045 in chips) 
Mahu2021: posts small blind 15
alex_m_b89: posts big blind 30
*** HOLE CARDS ***
Dealt to Mahu2021 [Ah 8s]
Mahu2021: raises 30 to 60
alex_m_b89: calls 30
*** FLOP *** [4h Jh 5s]
alex_m_b89: checks 
Mahu2021: checks 
*** TURN *** [4h Jh 5s] [9h]
alex_m_b89: bets 101
Mahu2021: calls 101
*** RIVER *** [4h Jh 5s 9h] [7h]
alex_m_b89: checks 
Mahu2021: bets 90
alex_m_b89: folds 
Uncalled bet (90) returned to Mahu2021
Mahu2021 collected 322 from pot
Mahu2021: doesn't show hand 
*** SUMMARY ***
Total pot 322 | Rake 0 
Board [4h Jh 5s 9h 7h]
Seat 1: Mahu2021 (button) (small blind) collected (322)
Seat 2: alex_m_b89 (big blind) folded on the River



PokerStars Hand #254731258617: Tournament #3855789467, $4.60+$0.40 USD Hold'em No Limit - Level III (20/40) - 2025/02/06 10:12:37 CET [2025/02/06 4:12:37 ET]
Table '3855789467 1' 3-max Seat #2 is the button
Seat 1: Mahu2021 (616 in chips) 
Seat 2: alex_m_b89 (884 in chips) 
alex_m_b89: posts small blind 20
Mahu2021: posts big blind 40
*** HOLE CARDS ***
Dealt to Mahu2021 [Td 6h]
alex_m_b89: calls 20
Mahu2021: checks 
*** FLOP *** [Ad 6c 9s]
Mahu2021: checks 
alex_m_b89: bets 40
Mahu2021: calls 40
*** TURN *** [Ad 6c 9s] [Kd]
Mahu2021: checks 
alex_m_b89: checks 
*** RIVER *** [Ad 6c 9s Kd] [5d]
Mahu2021: bets 80
alex_m_b89: folds 
Uncalled bet (80) returned to Mahu2021
Mahu2021 collected 160 from pot
Mahu2021: doesn't show hand 
*** SUMMARY ***
Total pot 160 | Rake 0 
Board [Ad 6c 9s Kd 5d]
Seat 1: Mahu2021 (big blind) collected (160)
Seat 2: alex_m_b89 (button) (small blind) folded on the River



PokerStars Hand #254731260977: Tournament #3855789467, $4.60+$0.40 USD Hold'em No Limit - Level III (20/40) - 2025/02/06 10:13:04 CET [2025/02/06 4:13:04 ET]
Table '3855789467 1' 3-max Seat #1 is the button
Seat 1: Mahu2021 (696 in chips) 
Seat 2: alex_m_b89 (804 in chips) 
Mahu2021: posts small blind 20
alex_m_b89: posts big blind 40
*** HOLE CARDS ***
Dealt to Mahu2021 [Ad 9c]
Mahu2021: calls 20
alex_m_b89: checks 
*** FLOP *** [7s 4h 6d]
alex_m_b89: checks 
Mahu2021: checks 
*** TURN *** [7s 4h 6d] [Kh]
alex_m_b89: bets 67
Mahu2021: folds 
Uncalled bet (67) returned to alex_m_b89
alex_m_b89 collected 80 from pot
alex_m_b89: doesn't show hand 
*** SUMMARY ***
Total pot 80 | Rake 0 
Board [7s 4h 6d Kh]
Seat 1: Mahu2021 (button) (small blind) folded on the Turn
Seat 2: alex_m_b89 (big blind) collected (80)



PokerStars Hand #254731263223: Tournament #3855789467, $4.60+$0.40 USD Hold'em No Limit - Level III (20/40) - 2025/02/06 10:13:29 CET [2025/02/06 4:13:29 ET]
Table '3855789467 1' 3-max Seat #2 is the button
Seat 1: Mahu2021 (656 in chips) 
Seat 2: alex_m_b89 (844 in chips) 
alex_m_b89: posts small blind 20
Mahu2021: posts big blind 40
*** HOLE CARDS ***
Dealt to Mahu2021 [5d 5c]
alex_m_b89: calls 20
Mahu2021: raises 616 to 656 and is all-in
alex_m_b89: folds 
Uncalled bet (616) returned to Mahu2021
Mahu2021 collected 80 from pot
Mahu2021: doesn't show hand 
*** SUMMARY ***
Total pot 80 | Rake 0 
Seat 1: Mahu2021 (big blind) collected (80)
Seat 2: alex_m_b89 (button) (small blind) folded before Flop



PokerStars Hand #254731264039: Tournament #3855789467, $4.60+$0.40 USD Hold'em No Limit - Level III (20/40) - 2025/02/06 10:13:39 CET [2025/02/06 4:13:39 ET]
Table '3855789467 1' 3-max Seat #1 is the button
Seat 1: Mahu2021 (696 in chips) 
Seat 2: alex_m_b89 (804 in chips) 
Mahu2021: posts small blind 20
alex_m_b89: posts big blind 40
*** HOLE CARDS ***
Dealt to Mahu2021 [Js Tc]
Mahu2021: calls 20
alex_m_b89: raises 86 to 126
Mahu2021: folds 
Uncalled bet (86) returned to alex_m_b89
alex_m_b89 collected 80 from pot
alex_m_b89: doesn't show hand 
*** SUMMARY ***
Total pot 80 | Rake 0 
Seat 1: Mahu2021 (button) (small blind) folded before Flop
Seat 2: alex_m_b89 (big blind) collected (80)



PokerStars Hand #254731264912: Tournament #3855789467, $4.60+$0.40 USD Hold'em No Limit - Level III (20/40) - 2025/02/06 10:13:49 CET [2025/02/06 4:13:49 ET]
Table '3855789467 1' 3-max Seat #2 is the button
Seat 1: Mahu2021 (656 in chips) 
Seat 2: alex_m_b89 (844 in chips) 
alex_m_b89: posts small blind 20
Mahu2021: posts big blind 40
*** HOLE CARDS ***
Dealt to Mahu2021 [Kh 4c]
alex_m_b89: folds 
Uncalled bet (20) returned to Mahu2021
Mahu2021 collected 40 from pot
Mahu2021: doesn't show hand 
*** SUMMARY ***
Total pot 40 | Rake 0 
Seat 1: Mahu2021 (big blind) collected (40)
Seat 2: alex_m_b89 (button) (small blind) folded before Flop



PokerStars Hand #254731265308: Tournament #3855789467, $4.60+$0.40 USD Hold'em No Limit - Level III (20/40) - 2025/02/06 10:13:54 CET [2025/02/06 4:13:54 ET]
Table '3855789467 1' 3-max Seat #1 is the button
Seat 1: Mahu2021 (676 in chips) 
Seat 2: alex_m_b89 (824 in chips) 
Mahu2021: posts small blind 20
alex_m_b89: posts big blind 40
*** HOLE CARDS ***
Dealt to Mahu2021 [5c 5d]
Mahu2021: calls 20
alex_m_b89: raises 784 to 824 and is all-in
Mahu2021: folds 
Uncalled bet (784) returned to alex_m_b89
alex_m_b89 collected 80 from pot
alex_m_b89: doesn't show hand 
*** SUMMARY ***
Total pot 80 | Rake 0 
Seat 1: Mahu2021 (button) (small blind) folded before Flop
Seat 2: alex_m_b89 (big blind) collected (80)



PokerStars Hand #254731266505: Tournament #3855789467, $4.60+$0.40 USD Hold'em No Limit - Level III (20/40) - 2025/02/06 10:14:08 CET [2025/02/06 4:14:08 ET]
Table '3855789467 1' 3-max Seat #2 is the button
Seat 1: Mahu2021 (636 in chips) 
Seat 2: alex_m_b89 (864 in chips) 
alex_m_b89: posts small blind 20
Mahu2021: posts big blind 40
*** HOLE CARDS ***
Dealt to Mahu2021 [Kc 7s]
alex_m_b89: raises 40 to 80
Mahu2021: calls 40
*** FLOP *** [3c 2c Kd]
Mahu2021: checks 
alex_m_b89: bets 61
Mahu2021: raises 495 to 556 and is all-in
alex_m_b89: calls 495
*** TURN *** [3c 2c Kd] [2s]
*** RIVER *** [3c 2c Kd 2s] [Jc]
*** SHOW DOWN ***
Mahu2021: shows [Kc 7s] (two pair, Kings and Deuces)
alex_m_b89: shows [Ts Th] (two pair, Tens and Deuces)
Mahu2021 collected 1272 from pot
*** SUMMARY ***
Total pot 1272 | Rake 0 
Board [3c 2c Kd 2s Jc]
Seat 1: Mahu2021 (big blind) showed [Kc 7s] and won (1272) with two pair, Kings and Deuces
Seat 2: alex_m_b89 (button) (small blind) showed [Ts Th] and lost with two pair, Tens and Deuces



PokerStars Hand #254731268763: Tournament #3855789467, $4.60+$0.40 USD Hold'em No Limit - Level IV (30/60) - 2025/02/06 10:14:34 CET [2025/02/06 4:14:34 ET]
Table '3855789467 1' 3-max Seat #1 is the button
Seat 1: Mahu2021 (1272 in chips) 
Seat 2: alex_m_b89 (228 in chips) 
Mahu2021: posts small blind 30
alex_m_b89: posts big blind 60
*** HOLE CARDS ***
Dealt to Mahu2021 [2c Kc]
Mahu2021: raises 180 to 240
alex_m_b89: calls 168 and is all-in
Uncalled bet (12) returned to Mahu2021
*** FLOP *** [Th Jh 5s]
*** TURN *** [Th Jh 5s] [Js]
*** RIVER *** [Th Jh 5s Js] [9d]
*** SHOW DOWN ***
alex_m_b89: shows [9h 9c] (a full house, Nines full of Jacks)
Mahu2021: shows [2c Kc] (a pair of Jacks)
alex_m_b89 collected 456 from pot
*** SUMMARY ***
Total pot 456 | Rake 0 
Board [Th Jh 5s Js 9d]
Seat 1: Mahu2021 (button) (small blind) showed [2c Kc] and lost with a pair of Jacks
Seat 2: alex_m_b89 (big blind) showed [9h 9c] and won (456) with a full house, Nines full of Jacks



PokerStars Hand #254731269845: Tournament #3855789467, $4.60+$0.40 USD Hold'em No Limit - Level IV (30/60) - 2025/02/06 10:14:47 CET [2025/02/06 4:14:47 ET]
Table '3855789467 1' 3-max Seat #2 is the button
Seat 1: Mahu2021 (1044 in chips) 
Seat 2: alex_m_b89 (456 in chips) 
alex_m_b89: posts small blind 30
Mahu2021: posts big blind 60
*** HOLE CARDS ***
Dealt to Mahu2021 [Js Qs]
alex_m_b89: folds 
Uncalled bet (30) returned to Mahu2021
Mahu2021 collected 60 from pot
Mahu2021: doesn't show hand 
*** SUMMARY ***
Total pot 60 | Rake 0 
Seat 1: Mahu2021 (big blind) collected (60)
Seat 2: alex_m_b89 (button) (small blind) folded before Flop



PokerStars Hand #254731270523: Tournament #3855789467, $4.60+$0.40 USD Hold'em No Limit - Level IV (30/60) - 2025/02/06 10:14:54 CET [2025/02/06 4:14:54 ET]
Table '3855789467 1' 3-max Seat #1 is the button
Seat 1: Mahu2021 (1074 in chips) 
Seat 2: alex_m_b89 (426 in chips) 
Mahu2021: posts small blind 30
alex_m_b89: posts big blind 60
*** HOLE CARDS ***
Dealt to Mahu2021 [3s 9c]
Mahu2021: folds 
Uncalled bet (30) returned to alex_m_b89
alex_m_b89 collected 60 from pot
alex_m_b89: doesn't show hand 
*** SUMMARY ***
Total pot 60 | Rake 0 
Seat 1: Mahu2021 (button) (small blind) folded before Flop
Seat 2: alex_m_b89 (big blind) collected (60)



PokerStars Hand #254731270914: Tournament #3855789467, $4.60+$0.40 USD Hold'em No Limit - Level IV (30/60) - 2025/02/06 10:14:59 CET [2025/02/06 4:14:59 ET]
Table '3855789467 1' 3-max Seat #2 is the button
Seat 1: Mahu2021 (1044 in chips) 
Seat 2: alex_m_b89 (456 in chips) 
alex_m_b89: posts small blind 30
Mahu2021: posts big blind 60
*** HOLE CARDS ***
Dealt to Mahu2021 [2s 8c]
alex_m_b89: raises 396 to 456 and is all-in
Mahu2021: folds 
Uncalled bet (396) returned to alex_m_b89
alex_m_b89 collected 120 from pot
alex_m_b89: doesn't show hand 
*** SUMMARY ***
Total pot 120 | Rake 0 
Seat 1: Mahu2021 (big blind) folded before Flop
Seat 2: alex_m_b89 (button) (small blind) collected (120)



PokerStars Hand #254731271414: Tournament #3855789467, $4.60+$0.40 USD Hold'em No Limit - Level IV (30/60) - 2025/02/06 10:15:04 CET [2025/02/06 4:15:04 ET]
Table '3855789467 1' 3-max Seat #1 is the button
Seat 1: Mahu2021 (984 in chips) 
Seat 2: alex_m_b89 (516 in chips) 
Mahu2021: posts small blind 30
alex_m_b89: posts big blind 60
*** HOLE CARDS ***
Dealt to Mahu2021 [2d 8s]
Mahu2021: folds 
Uncalled bet (30) returned to alex_m_b89
alex_m_b89 collected 60 from pot
alex_m_b89: doesn't show hand 
*** SUMMARY ***
Total pot 60 | Rake 0 
Seat 1: Mahu2021 (button) (small blind) folded before Flop
Seat 2: alex_m_b89 (big blind) collected (60)



PokerStars Hand #254731271791: Tournament #3855789467, $4.60+$0.40 USD Hold'em No Limit - Level IV (30/60) - 2025/02/06 10:15:09 CET [2025/02/06 4:15:09 ET]
Table '3855789467 1' 3-max Seat #2 is the button
Seat 1: Mahu2021 (954 in chips) 
Seat 2: alex_m_b89 (546 in chips) 
alex_m_b89: posts small blind 30
Mahu2021: posts big blind 60
*** HOLE CARDS ***
Dealt to Mahu2021 [2s 9c]
alex_m_b89: raises 486 to 546 and is all-in
Mahu2021: folds 
Uncalled bet (486) returned to alex_m_b89
alex_m_b89 collected 120 from pot
alex_m_b89: doesn't show hand 
*** SUMMARY ***
Total pot 120 | Rake 0 
Seat 1: Mahu2021 (big blind) folded before Flop
Seat 2: alex_m_b89 (button) (small blind) collected (120)



PokerStars Hand #254731272274: Tournament #3855789467, $4.60+$0.40 USD Hold'em No Limit - Level IV (30/60) - 2025/02/06 10:15:14 CET [2025/02/06 4:15:14 ET]
Table '3855789467 1' 3-max Seat #1 is the button
Seat 1: Mahu2021 (894 in chips) 
Seat 2: alex_m_b89 (606 in chips) 
Mahu2021: posts small blind 30
alex_m_b89: posts big blind 60
*** HOLE CARDS ***
Dealt to Mahu2021 [2d 4c]
Mahu2021: folds 
Uncalled bet (30) returned to alex_m_b89
alex_m_b89 collected 60 from pot
alex_m_b89: doesn't show hand 
*** SUMMARY ***
Total pot 60 | Rake 0 
Seat 1: Mahu2021 (button) (small blind) folded before Flop
Seat 2: alex_m_b89 (big blind) collected (60)



PokerStars Hand #254731272671: Tournament #3855789467, $4.60+$0.40 USD Hold'em No Limit - Level IV (30/60) - 2025/02/06 10:15:18 CET [2025/02/06 4:15:18 ET]
Table '3855789467 1' 3-max Seat #2 is the button
Seat 1: Mahu2021 (864 in chips) 
Seat 2: alex_m_b89 (636 in chips) 
alex_m_b89: posts small blind 30
Mahu2021: posts big blind 60
*** HOLE CARDS ***
Dealt to Mahu2021 [3h 6h]
alex_m_b89: calls 30
Mahu2021: checks 
*** FLOP *** [Tc 6s 8c]
Mahu2021: checks 
alex_m_b89: bets 60
Mahu2021: calls 60
*** TURN *** [Tc 6s 8c] [2d]
Mahu2021: checks 
alex_m_b89: bets 180
Mahu2021: folds 
Uncalled bet (180) returned to alex_m_b89
alex_m_b89 collected 240 from pot
alex_m_b89: doesn't show hand 
*** SUMMARY ***
Total pot 240 | Rake 0 
Board [Tc 6s 8c 2d]
Seat 1: Mahu2021 (big blind) folded on the Turn
Seat 2: alex_m_b89 (button) (small blind) collected (240)



PokerStars Hand #254731274072: Tournament #3855789467, $4.60+$0.40 USD Hold'em No Limit - Level IV (30/60) - 2025/02/06 10:15:34 CET [2025/02/06 4:15:34 ET]
Table '3855789467 1' 3-max Seat #1 is the button
Seat 1: Mahu2021 (744 in chips) 
Seat 2: alex_m_b89 (756 in chips) 
Mahu2021: posts small blind 30
alex_m_b89: posts big blind 60
*** HOLE CARDS ***
Dealt to Mahu2021 [Qh Js]
Mahu2021: raises 60 to 120
alex_m_b89: calls 60
*** FLOP *** [4h Jh Ts]
alex_m_b89: checks 
Mahu2021: bets 240
alex_m_b89: folds 
Uncalled bet (240) returned to Mahu2021
Mahu2021 collected 240 from pot
Mahu2021: doesn't show hand 
*** SUMMARY ***
Total pot 240 | Rake 0 
Board [4h Jh Ts]
Seat 1: Mahu2021 (button) (small blind) collected (240)
Seat 2: alex_m_b89 (big blind) folded on the Flop



PokerStars Hand #254731275091: Tournament #3855789467, $4.60+$0.40 USD Hold'em No Limit - Level IV (30/60) - 2025/02/06 10:15:45 CET [2025/02/06 4:15:45 ET]
Table '3855789467 1' 3-max Seat #2 is the button
Seat 1: Mahu2021 (864 in chips) 
Seat 2: alex_m_b89 (636 in chips) 
alex_m_b89: posts small blind 30
Mahu2021: posts big blind 60
*** HOLE CARDS ***
Dealt to Mahu2021 [Ah 2h]
alex_m_b89: calls 30
Mahu2021: checks 
*** FLOP *** [Ts Kh 5c]
Mahu2021: checks 
alex_m_b89: bets 60
Mahu2021: folds 
Uncalled bet (60) returned to alex_m_b89
alex_m_b89 collected 120 from pot
alex_m_b89: doesn't show hand 
*** SUMMARY ***
Total pot 120 | Rake 0 
Board [Ts Kh 5c]
Seat 1: Mahu2021 (big blind) folded on the Flop
Seat 2: alex_m_b89 (button) (small blind) collected (120)



PokerStars Hand #254731276098: Tournament #3855789467, $4.60+$0.40 USD Hold'em No Limit - Level IV (30/60) - 2025/02/06 10:15:57 CET [2025/02/06 4:15:57 ET]
Table '3855789467 1' 3-max Seat #1 is the button
Seat 1: Mahu2021 (804 in chips) 
Seat 2: alex_m_b89 (696 in chips) 
Mahu2021: posts small blind 30
alex_m_b89: posts big blind 60
*** HOLE CARDS ***
Dealt to Mahu2021 [Kh 2d]
Mahu2021: calls 30
alex_m_b89: checks 
*** FLOP *** [Qc 3c 7s]
alex_m_b89: checks 
Mahu2021: bets 60
alex_m_b89: folds 
Uncalled bet (60) returned to Mahu2021
Mahu2021 collected 120 from pot
Mahu2021: doesn't show hand 
*** SUMMARY ***
Total pot 120 | Rake 0 
Board [Qc 3c 7s]
Seat 1: Mahu2021 (button) (small blind) collected (120)
Seat 2: alex_m_b89 (big blind) folded on the Flop



PokerStars Hand #254731277570: Tournament #3855789467, $4.60+$0.40 USD Hold'em No Limit - Level IV (30/60) - 2025/02/06 10:16:14 CET [2025/02/06 4:16:14 ET]
Table '3855789467 1' 3-max Seat #2 is the button
Seat 1: Mahu2021 (864 in chips) 
Seat 2: alex_m_b89 (636 in chips) 
alex_m_b89: posts small blind 30
Mahu2021: posts big blind 60
*** HOLE CARDS ***
Dealt to Mahu2021 [Jd 8h]
alex_m_b89: folds 
Uncalled bet (30) returned to Mahu2021
Mahu2021 collected 60 from pot
Mahu2021: doesn't show hand 
*** SUMMARY ***
Total pot 60 | Rake 0 
Seat 1: Mahu2021 (big blind) collected (60)
Seat 2: alex_m_b89 (button) (small blind) folded before Flop



PokerStars Hand #254731278368: Tournament #3855789467, $4.60+$0.40 USD Hold'em No Limit - Level V (40/80) - 2025/02/06 10:16:23 CET [2025/02/06 4:16:23 ET]
Table '3855789467 1' 3-max Seat #1 is the button
Seat 1: Mahu2021 (894 in chips) 
Seat 2: alex_m_b89 (606 in chips) 
Mahu2021: posts small blind 40
alex_m_b89: posts big blind 80
*** HOLE CARDS ***
Dealt to Mahu2021 [Js 6c]
Mahu2021: calls 40
alex_m_b89: checks 
*** FLOP *** [Tc 7s 2c]
alex_m_b89: checks 
Mahu2021: checks 
*** TURN *** [Tc 7s 2c] [Ac]
alex_m_b89: checks 
Mahu2021: bets 80
alex_m_b89: calls 80
*** RIVER *** [Tc 7s 2c Ac] [Qc]
alex_m_b89: checks 
Mahu2021: bets 734 and is all-in
alex_m_b89: folds 
Uncalled bet (734) returned to Mahu2021
Mahu2021 collected 320 from pot
Mahu2021: doesn't show hand 
*** SUMMARY ***
Total pot 320 | Rake 0 
Board [Tc 7s 2c Ac Qc]
Seat 1: Mahu2021 (button) (small blind) collected (320)
Seat 2: alex_m_b89 (big blind) folded on the River



PokerStars Hand #254731280159: Tournament #3855789467, $4.60+$0.40 USD Hold'em No Limit - Level V (40/80) - 2025/02/06 10:16:43 CET [2025/02/06 4:16:43 ET]
Table '3855789467 1' 3-max Seat #2 is the button
Seat 1: Mahu2021 (1054 in chips) 
Seat 2: alex_m_b89 (446 in chips) 
alex_m_b89: posts small blind 40
Mahu2021: posts big blind 80
*** HOLE CARDS ***
Dealt to Mahu2021 [7d 8c]
alex_m_b89: folds 
Uncalled bet (40) returned to Mahu2021
Mahu2021 collected 80 from pot
Mahu2021: doesn't show hand 
*** SUMMARY ***
Total pot 80 | Rake 0 
Seat 1: Mahu2021 (big blind) collected (80)
Seat 2: alex_m_b89 (button) (small blind) folded before Flop



PokerStars Hand #254731280524: Tournament #3855789467, $4.60+$0.40 USD Hold'em No Limit - Level V (40/80) - 2025/02/06 10:16:48 CET [2025/02/06 4:16:48 ET]
Table '3855789467 1' 3-max Seat #1 is the button
Seat 1: Mahu2021 (1094 in chips) 
Seat 2: alex_m_b89 (406 in chips) 
Mahu2021: posts small blind 40
alex_m_b89: posts big blind 80
*** HOLE CARDS ***
Dealt to Mahu2021 [6h 3d]
Mahu2021: folds 
Uncalled bet (40) returned to alex_m_b89
alex_m_b89 collected 80 from pot
alex_m_b89: doesn't show hand 
*** SUMMARY ***
Total pot 80 | Rake 0 
Seat 1: Mahu2021 (button) (small blind) folded before Flop
Seat 2: alex_m_b89 (big blind) collected (80)



PokerStars Hand #254731280906: Tournament #3855789467, $4.60+$0.40 USD Hold'em No Limit - Level V (40/80) - 2025/02/06 10:16:53 CET [2025/02/06 4:16:53 ET]
Table '3855789467 1' 3-max Seat #2 is the button
Seat 1: Mahu2021 (1054 in chips) 
Seat 2: alex_m_b89 (446 in chips) 
alex_m_b89: posts small blind 40
Mahu2021: posts big blind 80
*** HOLE CARDS ***
Dealt to Mahu2021 [Qc 3s]
alex_m_b89: raises 366 to 446 and is all-in
Mahu2021: folds 
Uncalled bet (366) returned to alex_m_b89
alex_m_b89 collected 160 from pot
alex_m_b89: doesn't show hand 
*** SUMMARY ***
Total pot 160 | Rake 0 
Seat 1: Mahu2021 (big blind) folded before Flop
Seat 2: alex_m_b89 (button) (small blind) collected (160)



PokerStars Hand #254731281434: Tournament #3855789467, $4.60+$0.40 USD Hold'em No Limit - Level V (40/80) - 2025/02/06 10:16:59 CET [2025/02/06 4:16:59 ET]
Table '3855789467 1' 3-max Seat #1 is the button
Seat 1: Mahu2021 (974 in chips) 
Seat 2: alex_m_b89 (526 in chips) 
Mahu2021: posts small blind 40
alex_m_b89: posts big blind 80
*** HOLE CARDS ***
Dealt to Mahu2021 [4h Tc]
Mahu2021: folds 
Uncalled bet (40) returned to alex_m_b89
alex_m_b89 collected 80 from pot
alex_m_b89: doesn't show hand 
*** SUMMARY ***
Total pot 80 | Rake 0 
Seat 1: Mahu2021 (button) (small blind) folded before Flop
Seat 2: alex_m_b89 (big blind) collected (80)



PokerStars Hand #254731281818: Tournament #3855789467, $4.60+$0.40 USD Hold'em No Limit - Level V (40/80) - 2025/02/06 10:17:03 CET [2025/02/06 4:17:03 ET]
Table '3855789467 1' 3-max Seat #2 is the button
Seat 1: Mahu2021 (934 in chips) 
Seat 2: alex_m_b89 (566 in chips) 
alex_m_b89: posts small blind 40
Mahu2021: posts big blind 80
*** HOLE CARDS ***
Dealt to Mahu2021 [Ad 8h]
alex_m_b89: calls 40
Mahu2021: raises 854 to 934 and is all-in
alex_m_b89: folds 
Uncalled bet (854) returned to Mahu2021
Mahu2021 collected 160 from pot
Mahu2021: doesn't show hand 
*** SUMMARY ***
Total pot 160 | Rake 0 
Seat 1: Mahu2021 (big blind) collected (160)
Seat 2: alex_m_b89 (button) (small blind) folded before Flop



PokerStars Hand #254731282819: Tournament #3855789467, $4.60+$0.40 USD Hold'em No Limit - Level V (40/80) - 2025/02/06 10:17:15 CET [2025/02/06 4:17:15 ET]
Table '3855789467 1' 3-max Seat #1 is the button
Seat 1: Mahu2021 (1014 in chips) 
Seat 2: alex_m_b89 (486 in chips) 
Mahu2021: posts small blind 40
alex_m_b89: posts big blind 80
*** HOLE CARDS ***
Dealt to Mahu2021 [Tc 4s]
Mahu2021: folds 
Uncalled bet (40) returned to alex_m_b89
alex_m_b89 collected 80 from pot
alex_m_b89: doesn't show hand 
*** SUMMARY ***
Total pot 80 | Rake 0 
Seat 1: Mahu2021 (button) (small blind) folded before Flop
Seat 2: alex_m_b89 (big blind) collected (80)



PokerStars Hand #254731283284: Tournament #3855789467, $4.60+$0.40 USD Hold'em No Limit - Level V (40/80) - 2025/02/06 10:17:20 CET [2025/02/06 4:17:20 ET]
Table '3855789467 1' 3-max Seat #2 is the button
Seat 1: Mahu2021 (974 in chips) 
Seat 2: alex_m_b89 (526 in chips) 
alex_m_b89: posts small blind 40
Mahu2021: posts big blind 80
*** HOLE CARDS ***
Dealt to Mahu2021 [3d 8s]
alex_m_b89: calls 40
Mahu2021: checks 
*** FLOP *** [Js Td 8h]
Mahu2021: checks 
alex_m_b89: bets 80
Mahu2021: calls 80
*** TURN *** [Js Td 8h] [4d]
Mahu2021: checks 
alex_m_b89: bets 366 and is all-in
Mahu2021: folds 
Uncalled bet (366) returned to alex_m_b89
alex_m_b89 collected 320 from pot
alex_m_b89: doesn't show hand 
*** SUMMARY ***
Total pot 320 | Rake 0 
Board [Js Td 8h 4d]
Seat 1: Mahu2021 (big blind) folded on the Turn
Seat 2: alex_m_b89 (button) (small blind) collected (320)



PokerStars Hand #254731284785: Tournament #3855789467, $4.60+$0.40 USD Hold'em No Limit - Level V (40/80) - 2025/02/06 10:17:38 CET [2025/02/06 4:17:38 ET]
Table '3855789467 1' 3-max Seat #1 is the button
Seat 1: Mahu2021 (814 in chips) 
Seat 2: alex_m_b89 (686 in chips) 
Mahu2021: posts small blind 40
alex_m_b89: posts big blind 80
*** HOLE CARDS ***
Dealt to Mahu2021 [Qs Ac]
Mahu2021: raises 80 to 160
alex_m_b89: calls 80
*** FLOP *** [2d 2c Js]
alex_m_b89: checks 
Mahu2021: bets 654 and is all-in
alex_m_b89: folds 
Uncalled bet (654) returned to Mahu2021
Mahu2021 collected 320 from pot
Mahu2021: doesn't show hand 
*** SUMMARY ***
Total pot 320 | Rake 0 
Board [2d 2c Js]
Seat 1: Mahu2021 (button) (small blind) collected (320)
Seat 2: alex_m_b89 (big blind) folded on the Flop



PokerStars Hand #254731286537: Tournament #3855789467, $4.60+$0.40 USD Hold'em No Limit - Level V (40/80) - 2025/02/06 10:17:57 CET [2025/02/06 4:17:57 ET]
Table '3855789467 1' 3-max Seat #2 is the button
Seat 1: Mahu2021 (974 in chips) 
Seat 2: alex_m_b89 (526 in chips) 
alex_m_b89: posts small blind 40
Mahu2021: posts big blind 80
*** HOLE CARDS ***
Dealt to Mahu2021 [Qd 5c]
alex_m_b89: raises 446 to 526 and is all-in
Mahu2021: folds 
Uncalled bet (446) returned to alex_m_b89
alex_m_b89 collected 160 from pot
alex_m_b89: doesn't show hand 
*** SUMMARY ***
Total pot 160 | Rake 0 
Seat 1: Mahu2021 (big blind) folded before Flop
Seat 2: alex_m_b89 (button) (small blind) collected (160)



PokerStars Hand #254731287398: Tournament #3855789467, $4.60+$0.40 USD Hold'em No Limit - Level V (40/80) - 2025/02/06 10:18:07 CET [2025/02/06 4:18:07 ET]
Table '3855789467 1' 3-max Seat #1 is the button
Seat 1: Mahu2021 (894 in chips) 
Seat 2: alex_m_b89 (606 in chips) 
Mahu2021: posts small blind 40
alex_m_b89: posts big blind 80
*** HOLE CARDS ***
Dealt to Mahu2021 [5s 7s]
Mahu2021: calls 40
alex_m_b89: checks 
*** FLOP *** [8c 4d 7d]
alex_m_b89: checks 
Mahu2021: bets 80
alex_m_b89: calls 80
*** TURN *** [8c 4d 7d] [9d]
alex_m_b89: checks 
Mahu2021: bets 80
alex_m_b89: raises 366 to 446 and is all-in
Mahu2021: folds 
Uncalled bet (366) returned to alex_m_b89
alex_m_b89 collected 480 from pot
alex_m_b89: doesn't show hand 
*** SUMMARY ***
Total pot 480 | Rake 0 
Board [8c 4d 7d 9d]
Seat 1: Mahu2021 (button) (small blind) folded on the Turn
Seat 2: alex_m_b89 (big blind) collected (480)



PokerStars Hand #254731289780: Tournament #3855789467, $4.60+$0.40 USD Hold'em No Limit - Level VI (50/100) - 2025/02/06 10:18:34 CET [2025/02/06 4:18:34 ET]
Table '3855789467 1' 3-max Seat #2 is the button
Seat 1: Mahu2021 (654 in chips) 
Seat 2: alex_m_b89 (846 in chips) 
alex_m_b89: posts small blind 50
Mahu2021: posts big blind 100
*** HOLE CARDS ***
Dealt to Mahu2021 [9c 3s]
alex_m_b89: raises 746 to 846 and is all-in
Mahu2021: folds 
Uncalled bet (746) returned to alex_m_b89
alex_m_b89 collected 200 from pot
alex_m_b89: doesn't show hand 
*** SUMMARY ***
Total pot 200 | Rake 0 
Seat 1: Mahu2021 (big blind) folded before Flop
Seat 2: alex_m_b89 (button) (small blind) collected (200)



PokerStars Hand #254731290284: Tournament #3855789467, $4.60+$0.40 USD Hold'em No Limit - Level VI (50/100) - 2025/02/06 10:18:40 CET [2025/02/06 4:18:40 ET]
Table '3855789467 1' 3-max Seat #1 is the button
Seat 1: Mahu2021 (554 in chips) 
Seat 2: alex_m_b89 (946 in chips) 
Mahu2021: posts small blind 50
alex_m_b89: posts big blind 100
*** HOLE CARDS ***
Dealt to Mahu2021 [4h Jh]
Mahu2021: calls 50
alex_m_b89: raises 846 to 946 and is all-in
Mahu2021: folds 
Uncalled bet (846) returned to alex_m_b89
alex_m_b89 collected 200 from pot
alex_m_b89: doesn't show hand 
*** SUMMARY ***
Total pot 200 | Rake 0 
Seat 1: Mahu2021 (button) (small blind) folded before Flop
Seat 2: alex_m_b89 (big blind) collected (200)



PokerStars Hand #254731290973: Tournament #3855789467, $4.60+$0.40 USD Hold'em No Limit - Level VI (50/100) - 2025/02/06 10:18:47 CET [2025/02/06 4:18:47 ET]
Table '3855789467 1' 3-max Seat #2 is the button
Seat 1: Mahu2021 (454 in chips) 
Seat 2: alex_m_b89 (1046 in chips) 
alex_m_b89: posts small blind 50
Mahu2021: posts big blind 100
*** HOLE CARDS ***
Dealt to Mahu2021 [5s Jc]
alex_m_b89: raises 946 to 1046 and is all-in
Mahu2021: folds 
Uncalled bet (946) returned to alex_m_b89
alex_m_b89 collected 200 from pot
alex_m_b89: doesn't show hand 
*** SUMMARY ***
Total pot 200 | Rake 0 
Seat 1: Mahu2021 (big blind) folded before Flop
Seat 2: alex_m_b89 (button) (small blind) collected (200)



PokerStars Hand #254731291643: Tournament #3855789467, $4.60+$0.40 USD Hold'em No Limit - Level VI (50/100) - 2025/02/06 10:18:55 CET [2025/02/06 4:18:55 ET]
Table '3855789467 1' 3-max Seat #1 is the button
Seat 1: Mahu2021 (354 in chips) 
Seat 2: alex_m_b89 (1146 in chips) 
Mahu2021: posts small blind 50
alex_m_b89: posts big blind 100
*** HOLE CARDS ***
Dealt to Mahu2021 [Tc 8c]
Mahu2021: raises 254 to 354 and is all-in
alex_m_b89: calls 254
*** FLOP *** [7c 6s Kd]
*** TURN *** [7c 6s Kd] [9s]
*** RIVER *** [7c 6s Kd 9s] [Ts]
*** SHOW DOWN ***
alex_m_b89: shows [3c Qc] (high card King)
Mahu2021: shows [Tc 8c] (a straight, Six to Ten)
Mahu2021 collected 708 from pot
*** SUMMARY ***
Total pot 708 | Rake 0 
Board [7c 6s Kd 9s Ts]
Seat 1: Mahu2021 (button) (small blind) showed [Tc 8c] and won (708) with a straight, Six to Ten
Seat 2: alex_m_b89 (big blind) showed [3c Qc] and lost with high card King



PokerStars Hand #254731292939: Tournament #3855789467, $4.60+$0.40 USD Hold'em No Limit - Level VI (50/100) - 2025/02/06 10:19:10 CET [2025/02/06 4:19:10 ET]
Table '3855789467 1' 3-max Seat #2 is the button
Seat 1: Mahu2021 (708 in chips) 
Seat 2: alex_m_b89 (792 in chips) 
alex_m_b89: posts small blind 50
Mahu2021: posts big blind 100
*** HOLE CARDS ***
Dealt to Mahu2021 [7h 8c]
alex_m_b89: folds 
Uncalled bet (50) returned to Mahu2021
Mahu2021 collected 100 from pot
Mahu2021: doesn't show hand 
*** SUMMARY ***
Total pot 100 | Rake 0 
Seat 1: Mahu2021 (big blind) collected (100)
Seat 2: alex_m_b89 (button) (small blind) folded before Flop



PokerStars Hand #254731293742: Tournament #3855789467, $4.60+$0.40 USD Hold'em No Limit - Level VI (50/100) - 2025/02/06 10:19:18 CET [2025/02/06 4:19:18 ET]
Table '3855789467 1' 3-max Seat #1 is the button
Seat 1: Mahu2021 (758 in chips) 
Seat 2: alex_m_b89 (742 in chips) 
Mahu2021: posts small blind 50
alex_m_b89: posts big blind 100
*** HOLE CARDS ***
Dealt to Mahu2021 [6s 4s]
Mahu2021: calls 50
alex_m_b89: checks 
*** FLOP *** [Qd Ad 6d]
alex_m_b89: checks 
Mahu2021: bets 100
alex_m_b89: folds 
Uncalled bet (100) returned to Mahu2021
Mahu2021 collected 200 from pot
Mahu2021: doesn't show hand 
*** SUMMARY ***
Total pot 200 | Rake 0 
Board [Qd Ad 6d]
Seat 1: Mahu2021 (button) (small blind) collected (200)
Seat 2: alex_m_b89 (big blind) folded on the Flop



PokerStars Hand #254731295440: Tournament #3855789467, $4.60+$0.40 USD Hold'em No Limit - Level VI (50/100) - 2025/02/06 10:19:38 CET [2025/02/06 4:19:38 ET]
Table '3855789467 1' 3-max Seat #2 is the button
Seat 1: Mahu2021 (858 in chips) 
Seat 2: alex_m_b89 (642 in chips) 
alex_m_b89: posts small blind 50
Mahu2021: posts big blind 100
*** HOLE CARDS ***
Dealt to Mahu2021 [Tc Jd]
alex_m_b89: raises 542 to 642 and is all-in
Mahu2021: folds 
Uncalled bet (542) returned to alex_m_b89
alex_m_b89 collected 200 from pot
alex_m_b89: doesn't show hand 
*** SUMMARY ***
Total pot 200 | Rake 0 
Seat 1: Mahu2021 (big blind) folded before Flop
Seat 2: alex_m_b89 (button) (small blind) collected (200)



PokerStars Hand #254731296145: Tournament #3855789467, $4.60+$0.40 USD Hold'em No Limit - Level VI (50/100) - 2025/02/06 10:19:46 CET [2025/02/06 4:19:46 ET]
Table '3855789467 1' 3-max Seat #1 is the button
Seat 1: Mahu2021 (758 in chips) 
Seat 2: alex_m_b89 (742 in chips) 
Mahu2021: posts small blind 50
alex_m_b89: posts big blind 100
*** HOLE CARDS ***
Dealt to Mahu2021 [7d 5d]
Mahu2021: calls 50
alex_m_b89: checks 
*** FLOP *** [2d Th 2s]
alex_m_b89: checks 
Mahu2021: checks 
*** TURN *** [2d Th 2s] [4d]
alex_m_b89: checks 
Mahu2021: bets 100
alex_m_b89: folds 
Uncalled bet (100) returned to Mahu2021
Mahu2021 collected 200 from pot
Mahu2021: doesn't show hand 
*** SUMMARY ***
Total pot 200 | Rake 0 
Board [2d Th 2s 4d]
Seat 1: Mahu2021 (button) (small blind) collected (200)
Seat 2: alex_m_b89 (big blind) folded on the Turn



PokerStars Hand #254731298150: Tournament #3855789467, $4.60+$0.40 USD Hold'em No Limit - Level VI (50/100) - 2025/02/06 10:20:09 CET [2025/02/06 4:20:09 ET]
Table '3855789467 1' 3-max Seat #2 is the button
Seat 1: Mahu2021 (858 in chips) 
Seat 2: alex_m_b89 (642 in chips) 
alex_m_b89: posts small blind 50
Mahu2021: posts big blind 100
*** HOLE CARDS ***
Dealt to Mahu2021 [5s Tc]
alex_m_b89: calls 50
Mahu2021: checks 
*** FLOP *** [6s Jh 3c]
Mahu2021: checks 
alex_m_b89: bets 100
Mahu2021: folds 
Uncalled bet (100) returned to alex_m_b89
alex_m_b89 collected 200 from pot
alex_m_b89: doesn't show hand 
*** SUMMARY ***
Total pot 200 | Rake 0 
Board [6s Jh 3c]
Seat 1: Mahu2021 (big blind) folded on the Flop
Seat 2: alex_m_b89 (button) (small blind) collected (200)



PokerStars Hand #254731299506: Tournament #3855789467, $4.60+$0.40 USD Hold'em No Limit - Level VII (60/120) - 2025/02/06 10:20:24 CET [2025/02/06 4:20:24 ET]
Table '3855789467 1' 3-max Seat #1 is the button
Seat 1: Mahu2021 (758 in chips) 
Seat 2: alex_m_b89 (742 in chips) 
Mahu2021: posts small blind 60
alex_m_b89: posts big blind 120
*** HOLE CARDS ***
Dealt to Mahu2021 [Td Jh]
Mahu2021: calls 60
alex_m_b89: checks 
*** FLOP *** [2h 9c Ah]
alex_m_b89: checks 
Mahu2021: checks 
*** TURN *** [2h 9c Ah] [Ks]
alex_m_b89: checks 
Mahu2021: bets 120
alex_m_b89: folds 
Uncalled bet (120) returned to Mahu2021
Mahu2021 collected 240 from pot
Mahu2021: doesn't show hand 
*** SUMMARY ***
Total pot 240 | Rake 0 
Board [2h 9c Ah Ks]
Seat 1: Mahu2021 (button) (small blind) collected (240)
Seat 2: alex_m_b89 (big blind) folded on the Turn



PokerStars Hand #254731301654: Tournament #3855789467, $4.60+$0.40 USD Hold'em No Limit - Level VII (60/120) - 2025/02/06 10:20:48 CET [2025/02/06 4:20:48 ET]
Table '3855789467 1' 3-max Seat #2 is the button
Seat 1: Mahu2021 (878 in chips) 
Seat 2: alex_m_b89 (622 in chips) 
alex_m_b89: posts small blind 60
Mahu2021: posts big blind 120
*** HOLE CARDS ***
Dealt to Mahu2021 [6d Td]
alex_m_b89: calls 60
Mahu2021: checks 
*** FLOP *** [2s Ac 8s]
Mahu2021: checks 
alex_m_b89: bets 120
Mahu2021: folds 
Uncalled bet (120) returned to alex_m_b89
alex_m_b89 collected 240 from pot
alex_m_b89: doesn't show hand 
*** SUMMARY ***
Total pot 240 | Rake 0 
Board [2s Ac 8s]
Seat 1: Mahu2021 (big blind) folded on the Flop
Seat 2: alex_m_b89 (button) (small blind) collected (240)



PokerStars Hand #254731303495: Tournament #3855789467, $4.60+$0.40 USD Hold'em No Limit - Level VII (60/120) - 2025/02/06 10:21:07 CET [2025/02/06 4:21:07 ET]
Table '3855789467 1' 3-max Seat #1 is the button
Seat 1: Mahu2021 (758 in chips) 
Seat 2: alex_m_b89 (742 in chips) 
Mahu2021: posts small blind 60
alex_m_b89: posts big blind 120
*** HOLE CARDS ***
Dealt to Mahu2021 [Ah Qh]
Mahu2021: raises 120 to 240
alex_m_b89: calls 120
*** FLOP *** [Kc Ts 4c]
alex_m_b89: checks 
Mahu2021: bets 518 and is all-in
alex_m_b89: folds 
Uncalled bet (518) returned to Mahu2021
Mahu2021 collected 480 from pot
Mahu2021: doesn't show hand 
*** SUMMARY ***
Total pot 480 | Rake 0 
Board [Kc Ts 4c]
Seat 1: Mahu2021 (button) (small blind) collected (480)
Seat 2: alex_m_b89 (big blind) folded on the Flop



PokerStars Hand #254731304930: Tournament #3855789467, $4.60+$0.40 USD Hold'em No Limit - Level VII (60/120) - 2025/02/06 10:21:23 CET [2025/02/06 4:21:23 ET]
Table '3855789467 1' 3-max Seat #2 is the button
Seat 1: Mahu2021 (998 in chips) 
Seat 2: alex_m_b89 (502 in chips) 
alex_m_b89: posts small blind 60
Mahu2021: posts big blind 120
*** HOLE CARDS ***
Dealt to Mahu2021 [3h Ah]
alex_m_b89: raises 382 to 502 and is all-in
Mahu2021: calls 382
*** FLOP *** [4c 2c Td]
*** TURN *** [4c 2c Td] [6s]
*** RIVER *** [4c 2c Td 6s] [8d]
*** SHOW DOWN ***
Mahu2021: shows [3h Ah] (high card Ace)
alex_m_b89: shows [6c Jd] (a pair of Sixes)
alex_m_b89 collected 1004 from pot
*** SUMMARY ***
Total pot 1004 | Rake 0 
Board [4c 2c Td 6s 8d]
Seat 1: Mahu2021 (big blind) showed [3h Ah] and lost with high card Ace
Seat 2: alex_m_b89 (button) (small blind) showed [6c Jd] and won (1004) with a pair of Sixes



PokerStars Hand #254731306183: Tournament #3855789467, $4.60+$0.40 USD Hold'em No Limit - Level VII (60/120) - 2025/02/06 10:21:36 CET [2025/02/06 4:21:36 ET]
Table '3855789467 1' 3-max Seat #1 is the button
Seat 1: Mahu2021 (496 in chips) 
Seat 2: alex_m_b89 (1004 in chips) 
Mahu2021: posts small blind 60
alex_m_b89: posts big blind 120
*** HOLE CARDS ***
Dealt to Mahu2021 [2s Jc]
Mahu2021: raises 376 to 496 and is all-in
alex_m_b89: folds 
Uncalled bet (376) returned to Mahu2021
Mahu2021 collected 240 from pot
Mahu2021: doesn't show hand 
*** SUMMARY ***
Total pot 240 | Rake 0 
Seat 1: Mahu2021 (button) (small blind) collected (240)
Seat 2: alex_m_b89 (big blind) folded before Flop



PokerStars Hand #254731307225: Tournament #3855789467, $4.60+$0.40 USD Hold'em No Limit - Level VII (60/120) - 2025/02/06 10:21:47 CET [2025/02/06 4:21:47 ET]
Table '3855789467 1' 3-max Seat #2 is the button
Seat 1: Mahu2021 (616 in chips) 
Seat 2: alex_m_b89 (884 in chips) 
alex_m_b89: posts small blind 60
Mahu2021: posts big blind 120
*** HOLE CARDS ***
Dealt to Mahu2021 [8s Ks]
alex_m_b89: raises 764 to 884 and is all-in
Mahu2021: calls 496 and is all-in
Uncalled bet (268) returned to alex_m_b89
*** FLOP *** [3c 2c Jc]
*** TURN *** [3c 2c Jc] [7c]
*** RIVER *** [3c 2c Jc 7c] [3h]
*** SHOW DOWN ***
Mahu2021: shows [8s Ks] (a pair of Threes)
alex_m_b89: shows [5d Qc] (a flush, Queen high)
alex_m_b89 collected 1232 from pot
Mahu2021 finished the tournament in 2nd place
alex_m_b89 wins the tournament and receives $10.00 - congratulations!
*** SUMMARY ***
Total pot 1232 | Rake 0 
Board [3c 2c Jc 7c 3h]
Seat 1: Mahu2021 (big blind) showed [8s Ks] and lost with a pair of Threes
Seat 2: alex_m_b89 (button) (small blind) showed [5d Qc] and won (1232) with a flush, Queen high



