PokerStars Hand #247893596434: Tournament #3692082612, $1.84+$0.16 USD Hold'em No Limit - Level I (10/20) - 2023/12/27 10:25:22 CET [2023/12/27 4:25:22 ET]
Table '3692082612 1' 3-max Seat #1 is the button
Seat 1: Mahu2021 (500 in chips) 
Seat 2: gamifiedm1nd (500 in chips) 
Seat 3: GrigOrosu (500 in chips) 
gamifiedm1nd: posts small blind 10
GrigOrosu: posts big blind 20
*** HOLE CARDS ***
Dealt to Mahu2021 [2s Ah]
Mahu2021: folds 
gamifiedm1nd: calls 10
GrigOrosu: checks 
*** FLOP *** [Ks 6s Jh]
gamifiedm1nd: checks 
GrigOrosu: checks 
*** TURN *** [Ks 6s Jh] [3s]
gamifiedm1nd: checks 
GrigOrosu: checks 
*** RIVER *** [Ks 6s Jh 3s] [Td]
gamifiedm1nd: bets 20
GrigOrosu: folds 
Uncalled bet (20) returned to gamifiedm1nd
gamifiedm1nd collected 40 from pot
*** SUMMARY ***
Total pot 40 | Rake 0 
Board [Ks 6s Jh 3s Td]
Seat 1: Mahu2021 (button) folded before Flop (didn't bet)
Seat 2: gamifiedm1nd (small blind) collected (40)
Seat 3: GrigOrosu (big blind) folded on the River



PokerStars Hand #247893599388: Tournament #3692082612, $1.84+$0.16 USD Hold'em No Limit - Level I (10/20) - 2023/12/27 10:25:48 CET [2023/12/27 4:25:48 ET]
Table '3692082612 1' 3-max Seat #2 is the button
Seat 1: Mahu2021 (500 in chips) 
Seat 2: gamifiedm1nd (520 in chips) 
Seat 3: GrigOrosu (480 in chips) 
GrigOrosu: posts small blind 10
Mahu2021: posts big blind 20
*** HOLE CARDS ***
Dealt to Mahu2021 [Qh Ts]
gamifiedm1nd: raises 20 to 40
GrigOrosu: folds 
Mahu2021: calls 20
*** FLOP *** [4h 3h Ac]
Mahu2021: checks 
gamifiedm1nd: checks 
*** TURN *** [4h 3h Ac] [8s]
Mahu2021: checks 
gamifiedm1nd: bets 40
Mahu2021: folds 
Uncalled bet (40) returned to gamifiedm1nd
gamifiedm1nd collected 90 from pot
*** SUMMARY ***
Total pot 90 | Rake 0 
Board [4h 3h Ac 8s]
Seat 1: Mahu2021 (big blind) folded on the Turn
Seat 2: gamifiedm1nd (button) collected (90)
Seat 3: GrigOrosu (small blind) folded before Flop



PokerStars Hand #247893602097: Tournament #3692082612, $1.84+$0.16 USD Hold'em No Limit - Level I (10/20) - 2023/12/27 10:26:11 CET [2023/12/27 4:26:11 ET]
Table '3692082612 1' 3-max Seat #3 is the button
Seat 1: Mahu2021 (460 in chips) 
Seat 2: gamifiedm1nd (570 in chips) 
Seat 3: GrigOrosu (470 in chips) 
Mahu2021: posts small blind 10
gamifiedm1nd: posts big blind 20
*** HOLE CARDS ***
Dealt to Mahu2021 [3h 8d]
GrigOrosu: calls 20
Mahu2021: folds 
gamifiedm1nd: checks 
*** FLOP *** [Kh 4h 5s]
gamifiedm1nd: checks 
GrigOrosu: bets 20
gamifiedm1nd: raises 40 to 60
GrigOrosu: calls 40
*** TURN *** [Kh 4h 5s] [9s]
gamifiedm1nd: bets 85
GrigOrosu: folds 
Uncalled bet (85) returned to gamifiedm1nd
gamifiedm1nd collected 170 from pot
*** SUMMARY ***
Total pot 170 | Rake 0 
Board [Kh 4h 5s 9s]
Seat 1: Mahu2021 (small blind) folded before Flop
Seat 2: gamifiedm1nd (big blind) collected (170)
Seat 3: GrigOrosu (button) folded on the Turn



PokerStars Hand #247893604699: Tournament #3692082612, $1.84+$0.16 USD Hold'em No Limit - Level I (10/20) - 2023/12/27 10:26:33 CET [2023/12/27 4:26:33 ET]
Table '3692082612 1' 3-max Seat #1 is the button
Seat 1: Mahu2021 (450 in chips) 
Seat 2: gamifiedm1nd (660 in chips) 
Seat 3: GrigOrosu (390 in chips) 
gamifiedm1nd: posts small blind 10
GrigOrosu: posts big blind 20
*** HOLE CARDS ***
Dealt to Mahu2021 [7c Qs]
Mahu2021: folds 
gamifiedm1nd: raises 40 to 60
GrigOrosu: calls 40
*** FLOP *** [Kh 6s 3h]
gamifiedm1nd: bets 60
GrigOrosu: raises 270 to 330 and is all-in
gamifiedm1nd: calls 270
*** TURN *** [Kh 6s 3h] [Jh]
*** RIVER *** [Kh 6s 3h Jh] [Td]
*** SHOW DOWN ***
gamifiedm1nd: shows [Kc Jd] (two pair, Kings and Jacks)
GrigOrosu: shows [7d Ks] (a pair of Kings)
gamifiedm1nd collected 780 from pot
GrigOrosu finished the tournament in 3rd place
*** SUMMARY ***
Total pot 780 | Rake 0 
Board [Kh 6s 3h Jh Td]
Seat 1: Mahu2021 (button) folded before Flop (didn't bet)
Seat 2: gamifiedm1nd (small blind) showed [Kc Jd] and won (780) with two pair, Kings and Jacks
Seat 3: GrigOrosu (big blind) showed [7d Ks] and lost with a pair of Kings



PokerStars Hand #247893608575: Tournament #3692082612, $1.84+$0.16 USD Hold'em No Limit - Level I (10/20) - 2023/12/27 10:27:06 CET [2023/12/27 4:27:06 ET]
Table '3692082612 1' 3-max Seat #2 is the button
Seat 1: Mahu2021 (450 in chips) 
Seat 2: gamifiedm1nd (1050 in chips) 
gamifiedm1nd: posts small blind 10
Mahu2021: posts big blind 20
*** HOLE CARDS ***
Dealt to Mahu2021 [6h 7d]
gamifiedm1nd: calls 10
Mahu2021: checks 
*** FLOP *** [As 8d 5s]
Mahu2021: checks 
gamifiedm1nd: bets 20
Mahu2021: calls 20
*** TURN *** [As 8d 5s] [Ad]
Mahu2021: checks 
gamifiedm1nd: bets 40
Mahu2021: calls 40
*** RIVER *** [As 8d 5s Ad] [9d]
Mahu2021: bets 160
gamifiedm1nd: folds 
Uncalled bet (160) returned to Mahu2021
Mahu2021 collected 160 from pot
Mahu2021: doesn't show hand 
*** SUMMARY ***
Total pot 160 | Rake 0 
Board [As 8d 5s Ad 9d]
Seat 1: Mahu2021 (big blind) collected (160)
Seat 2: gamifiedm1nd (button) (small blind) folded on the River



PokerStars Hand #247893611129: Tournament #3692082612, $1.84+$0.16 USD Hold'em No Limit - Level II (15/30) - 2023/12/27 10:27:28 CET [2023/12/27 4:27:28 ET]
Table '3692082612 1' 3-max Seat #1 is the button
Seat 1: Mahu2021 (530 in chips) 
Seat 2: gamifiedm1nd (970 in chips) 
Mahu2021: posts small blind 15
gamifiedm1nd: posts big blind 30
*** HOLE CARDS ***
Dealt to Mahu2021 [6h 9c]
Mahu2021: calls 15
gamifiedm1nd: checks 
*** FLOP *** [Tc Js Th]
gamifiedm1nd: checks 
Mahu2021: bets 30
gamifiedm1nd: folds 
Uncalled bet (30) returned to Mahu2021
Mahu2021 collected 60 from pot
Mahu2021: doesn't show hand 
*** SUMMARY ***
Total pot 60 | Rake 0 
Board [Tc Js Th]
Seat 1: Mahu2021 (button) (small blind) collected (60)
Seat 2: gamifiedm1nd (big blind) folded on the Flop



PokerStars Hand #247893612537: Tournament #3692082612, $1.84+$0.16 USD Hold'em No Limit - Level II (15/30) - 2023/12/27 10:27:40 CET [2023/12/27 4:27:40 ET]
Table '3692082612 1' 3-max Seat #2 is the button
Seat 1: Mahu2021 (560 in chips) 
Seat 2: gamifiedm1nd (940 in chips) 
gamifiedm1nd: posts small blind 15
Mahu2021: posts big blind 30
*** HOLE CARDS ***
Dealt to Mahu2021 [9s 3h]
gamifiedm1nd: raises 60 to 90
Mahu2021: folds 
Uncalled bet (60) returned to gamifiedm1nd
gamifiedm1nd collected 60 from pot
*** SUMMARY ***
Total pot 60 | Rake 0 
Seat 1: Mahu2021 (big blind) folded before Flop
Seat 2: gamifiedm1nd (button) (small blind) collected (60)



PokerStars Hand #247893613074: Tournament #3692082612, $1.84+$0.16 USD Hold'em No Limit - Level II (15/30) - 2023/12/27 10:27:45 CET [2023/12/27 4:27:45 ET]
Table '3692082612 1' 3-max Seat #1 is the button
Seat 1: Mahu2021 (530 in chips) 
Seat 2: gamifiedm1nd (970 in chips) 
Mahu2021: posts small blind 15
gamifiedm1nd: posts big blind 30
*** HOLE CARDS ***
Dealt to Mahu2021 [8h Ac]
Mahu2021: raises 30 to 60
gamifiedm1nd: calls 30
*** FLOP *** [4c Jd 6c]
gamifiedm1nd: checks 
Mahu2021: checks 
*** TURN *** [4c Jd 6c] [Th]
gamifiedm1nd: bets 60
Mahu2021: folds 
Uncalled bet (60) returned to gamifiedm1nd
gamifiedm1nd collected 120 from pot
*** SUMMARY ***
Total pot 120 | Rake 0 
Board [4c Jd 6c Th]
Seat 1: Mahu2021 (button) (small blind) folded on the Turn
Seat 2: gamifiedm1nd (big blind) collected (120)



PokerStars Hand #247893614522: Tournament #3692082612, $1.84+$0.16 USD Hold'em No Limit - Level II (15/30) - 2023/12/27 10:27:57 CET [2023/12/27 4:27:57 ET]
Table '3692082612 1' 3-max Seat #2 is the button
Seat 1: Mahu2021 (470 in chips) 
Seat 2: gamifiedm1nd (1030 in chips) 
gamifiedm1nd: posts small blind 15
Mahu2021: posts big blind 30
*** HOLE CARDS ***
Dealt to Mahu2021 [As Td]
gamifiedm1nd: raises 30 to 60
Mahu2021: calls 30
*** FLOP *** [Kc 7h 2d]
Mahu2021: checks 
gamifiedm1nd: checks 
*** TURN *** [Kc 7h 2d] [7s]
Mahu2021: bets 30
gamifiedm1nd: folds 
Uncalled bet (30) returned to Mahu2021
Mahu2021 collected 120 from pot
Mahu2021: doesn't show hand 
*** SUMMARY ***
Total pot 120 | Rake 0 
Board [Kc 7h 2d 7s]
Seat 1: Mahu2021 (big blind) collected (120)
Seat 2: gamifiedm1nd (button) (small blind) folded on the Turn



PokerStars Hand #247893615827: Tournament #3692082612, $1.84+$0.16 USD Hold'em No Limit - Level II (15/30) - 2023/12/27 10:28:08 CET [2023/12/27 4:28:08 ET]
Table '3692082612 1' 3-max Seat #1 is the button
Seat 1: Mahu2021 (530 in chips) 
Seat 2: gamifiedm1nd (970 in chips) 
Mahu2021: posts small blind 15
gamifiedm1nd: posts big blind 30
*** HOLE CARDS ***
Dealt to Mahu2021 [Ts 3s]
Mahu2021: calls 15
gamifiedm1nd: raises 60 to 90
Mahu2021: folds 
Uncalled bet (60) returned to gamifiedm1nd
gamifiedm1nd collected 60 from pot
*** SUMMARY ***
Total pot 60 | Rake 0 
Seat 1: Mahu2021 (button) (small blind) folded before Flop
Seat 2: gamifiedm1nd (big blind) collected (60)



PokerStars Hand #247893616659: Tournament #3692082612, $1.84+$0.16 USD Hold'em No Limit - Level II (15/30) - 2023/12/27 10:28:16 CET [2023/12/27 4:28:16 ET]
Table '3692082612 1' 3-max Seat #2 is the button
Seat 1: Mahu2021 (500 in chips) 
Seat 2: gamifiedm1nd (1000 in chips) 
gamifiedm1nd: posts small blind 15
Mahu2021: posts big blind 30
*** HOLE CARDS ***
Dealt to Mahu2021 [Kc 6d]
gamifiedm1nd: raises 30 to 60
Mahu2021: calls 30
*** FLOP *** [8h 5h 7c]
Mahu2021: checks 
gamifiedm1nd: bets 60
Mahu2021: calls 60
*** TURN *** [8h 5h 7c] [2c]
Mahu2021: checks 
gamifiedm1nd: checks 
*** RIVER *** [8h 5h 7c 2c] [8s]
Mahu2021: bets 240
gamifiedm1nd: folds 
Uncalled bet (240) returned to Mahu2021
Mahu2021 collected 240 from pot
Mahu2021: doesn't show hand 
*** SUMMARY ***
Total pot 240 | Rake 0 
Board [8h 5h 7c 2c 8s]
Seat 1: Mahu2021 (big blind) collected (240)
Seat 2: gamifiedm1nd (button) (small blind) folded on the River



PokerStars Hand #247893618205: Tournament #3692082612, $1.84+$0.16 USD Hold'em No Limit - Level II (15/30) - 2023/12/27 10:28:29 CET [2023/12/27 4:28:29 ET]
Table '3692082612 1' 3-max Seat #1 is the button
Seat 1: Mahu2021 (620 in chips) 
Seat 2: gamifiedm1nd (880 in chips) 
Mahu2021: posts small blind 15
gamifiedm1nd: posts big blind 30
*** HOLE CARDS ***
Dealt to Mahu2021 [As 8c]
Mahu2021: raises 30 to 60
gamifiedm1nd: folds 
Uncalled bet (30) returned to Mahu2021
Mahu2021 collected 60 from pot
Mahu2021: doesn't show hand 
*** SUMMARY ***
Total pot 60 | Rake 0 
Seat 1: Mahu2021 (button) (small blind) collected (60)
Seat 2: gamifiedm1nd (big blind) folded before Flop



PokerStars Hand #247893619270: Tournament #3692082612, $1.84+$0.16 USD Hold'em No Limit - Level II (15/30) - 2023/12/27 10:28:38 CET [2023/12/27 4:28:38 ET]
Table '3692082612 1' 3-max Seat #2 is the button
Seat 1: Mahu2021 (650 in chips) 
Seat 2: gamifiedm1nd (850 in chips) 
gamifiedm1nd: posts small blind 15
Mahu2021: posts big blind 30
*** HOLE CARDS ***
Dealt to Mahu2021 [9d 2s]
gamifiedm1nd: raises 60 to 90
Mahu2021: folds 
Uncalled bet (60) returned to gamifiedm1nd
gamifiedm1nd collected 60 from pot
*** SUMMARY ***
Total pot 60 | Rake 0 
Seat 1: Mahu2021 (big blind) folded before Flop
Seat 2: gamifiedm1nd (button) (small blind) collected (60)



PokerStars Hand #247893619844: Tournament #3692082612, $1.84+$0.16 USD Hold'em No Limit - Level II (15/30) - 2023/12/27 10:28:43 CET [2023/12/27 4:28:43 ET]
Table '3692082612 1' 3-max Seat #1 is the button
Seat 1: Mahu2021 (620 in chips) 
Seat 2: gamifiedm1nd (880 in chips) 
Mahu2021: posts small blind 15
gamifiedm1nd: posts big blind 30
*** HOLE CARDS ***
Dealt to Mahu2021 [Qc 3d]
Mahu2021: calls 15
gamifiedm1nd: raises 60 to 90
Mahu2021: folds 
Uncalled bet (60) returned to gamifiedm1nd
gamifiedm1nd collected 60 from pot
*** SUMMARY ***
Total pot 60 | Rake 0 
Seat 1: Mahu2021 (button) (small blind) folded before Flop
Seat 2: gamifiedm1nd (big blind) collected (60)



PokerStars Hand #247893620647: Tournament #3692082612, $1.84+$0.16 USD Hold'em No Limit - Level II (15/30) - 2023/12/27 10:28:50 CET [2023/12/27 4:28:50 ET]
Table '3692082612 1' 3-max Seat #2 is the button
Seat 1: Mahu2021 (590 in chips) 
Seat 2: gamifiedm1nd (910 in chips) 
gamifiedm1nd: posts small blind 15
Mahu2021: posts big blind 30
*** HOLE CARDS ***
Dealt to Mahu2021 [2d Jd]
gamifiedm1nd: raises 30 to 60
Mahu2021: calls 30
*** FLOP *** [3s 6h Kd]
Mahu2021: checks 
gamifiedm1nd: bets 60
Mahu2021: folds 
Uncalled bet (60) returned to gamifiedm1nd
gamifiedm1nd collected 120 from pot
*** SUMMARY ***
Total pot 120 | Rake 0 
Board [3s 6h Kd]
Seat 1: Mahu2021 (big blind) folded on the Flop
Seat 2: gamifiedm1nd (button) (small blind) collected (120)



PokerStars Hand #247893621734: Tournament #3692082612, $1.84+$0.16 USD Hold'em No Limit - Level II (15/30) - 2023/12/27 10:28:59 CET [2023/12/27 4:28:59 ET]
Table '3692082612 1' 3-max Seat #1 is the button
Seat 1: Mahu2021 (530 in chips) 
Seat 2: gamifiedm1nd (970 in chips) 
Mahu2021: posts small blind 15
gamifiedm1nd: posts big blind 30
*** HOLE CARDS ***
Dealt to Mahu2021 [Ad 8c]
Mahu2021: raises 30 to 60
gamifiedm1nd: calls 30
*** FLOP *** [Kd 3d 3c]
gamifiedm1nd: checks 
Mahu2021: bets 30
gamifiedm1nd: calls 30
*** TURN *** [Kd 3d 3c] [2h]
gamifiedm1nd: checks 
Mahu2021: checks 
*** RIVER *** [Kd 3d 3c 2h] [2d]
gamifiedm1nd: bets 90
Mahu2021: calls 90
*** SHOW DOWN ***
gamifiedm1nd: shows [Kh 5c] (two pair, Kings and Threes)
Mahu2021: mucks hand 
gamifiedm1nd collected 360 from pot
*** SUMMARY ***
Total pot 360 | Rake 0 
Board [Kd 3d 3c 2h 2d]
Seat 1: Mahu2021 (button) (small blind) mucked [Ad 8c]
Seat 2: gamifiedm1nd (big blind) showed [Kh 5c] and won (360) with two pair, Kings and Threes



PokerStars Hand #247893623373: Tournament #3692082612, $1.84+$0.16 USD Hold'em No Limit - Level II (15/30) - 2023/12/27 10:29:14 CET [2023/12/27 4:29:14 ET]
Table '3692082612 1' 3-max Seat #2 is the button
Seat 1: Mahu2021 (350 in chips) 
Seat 2: gamifiedm1nd (1150 in chips) 
gamifiedm1nd: posts small blind 15
Mahu2021: posts big blind 30
*** HOLE CARDS ***
Dealt to Mahu2021 [Jc 7h]
gamifiedm1nd: raises 60 to 90
Mahu2021: folds 
Uncalled bet (60) returned to gamifiedm1nd
gamifiedm1nd collected 60 from pot
*** SUMMARY ***
Total pot 60 | Rake 0 
Seat 1: Mahu2021 (big blind) folded before Flop
Seat 2: gamifiedm1nd (button) (small blind) collected (60)



PokerStars Hand #247893624017: Tournament #3692082612, $1.84+$0.16 USD Hold'em No Limit - Level II (15/30) - 2023/12/27 10:29:20 CET [2023/12/27 4:29:20 ET]
Table '3692082612 1' 3-max Seat #1 is the button
Seat 1: Mahu2021 (320 in chips) 
Seat 2: gamifiedm1nd (1180 in chips) 
Mahu2021: posts small blind 15
gamifiedm1nd: posts big blind 30
*** HOLE CARDS ***
Dealt to Mahu2021 [2c 4d]
Mahu2021: folds 
Uncalled bet (15) returned to gamifiedm1nd
gamifiedm1nd collected 30 from pot
*** SUMMARY ***
Total pot 30 | Rake 0 
Seat 1: Mahu2021 (button) (small blind) folded before Flop
Seat 2: gamifiedm1nd (big blind) collected (30)



PokerStars Hand #247893624874: Tournament #3692082612, $1.84+$0.16 USD Hold'em No Limit - Level III (20/40) - 2023/12/27 10:29:27 CET [2023/12/27 4:29:27 ET]
Table '3692082612 1' 3-max Seat #2 is the button
Seat 1: Mahu2021 (305 in chips) 
Seat 2: gamifiedm1nd (1195 in chips) 
gamifiedm1nd: posts small blind 20
Mahu2021: posts big blind 40
*** HOLE CARDS ***
Dealt to Mahu2021 [9s 3s]
gamifiedm1nd: raises 40 to 80
Mahu2021: calls 40
*** FLOP *** [3h Jh 8h]
Mahu2021: bets 225 and is all-in
gamifiedm1nd: folds 
Uncalled bet (225) returned to Mahu2021
Mahu2021 collected 160 from pot
Mahu2021: doesn't show hand 
*** SUMMARY ***
Total pot 160 | Rake 0 
Board [3h Jh 8h]
Seat 1: Mahu2021 (big blind) collected (160)
Seat 2: gamifiedm1nd (button) (small blind) folded on the Flop



PokerStars Hand #247893625943: Tournament #3692082612, $1.84+$0.16 USD Hold'em No Limit - Level III (20/40) - 2023/12/27 10:29:36 CET [2023/12/27 4:29:36 ET]
Table '3692082612 1' 3-max Seat #1 is the button
Seat 1: Mahu2021 (385 in chips) 
Seat 2: gamifiedm1nd (1115 in chips) 
Mahu2021: posts small blind 20
gamifiedm1nd: posts big blind 40
*** HOLE CARDS ***
Dealt to Mahu2021 [3h 6d]
Mahu2021: calls 20
gamifiedm1nd: checks 
*** FLOP *** [9d Qd Ah]
gamifiedm1nd: checks 
Mahu2021: bets 40
gamifiedm1nd: folds 
Uncalled bet (40) returned to Mahu2021
Mahu2021 collected 80 from pot
Mahu2021: doesn't show hand 
*** SUMMARY ***
Total pot 80 | Rake 0 
Board [9d Qd Ah]
Seat 1: Mahu2021 (button) (small blind) collected (80)
Seat 2: gamifiedm1nd (big blind) folded on the Flop



PokerStars Hand #247893627133: Tournament #3692082612, $1.84+$0.16 USD Hold'em No Limit - Level III (20/40) - 2023/12/27 10:29:47 CET [2023/12/27 4:29:47 ET]
Table '3692082612 1' 3-max Seat #2 is the button
Seat 1: Mahu2021 (425 in chips) 
Seat 2: gamifiedm1nd (1075 in chips) 
gamifiedm1nd: posts small blind 20
Mahu2021: posts big blind 40
*** HOLE CARDS ***
Dealt to Mahu2021 [4c 8d]
gamifiedm1nd: raises 40 to 80
Mahu2021: folds 
Uncalled bet (40) returned to gamifiedm1nd
gamifiedm1nd collected 80 from pot
*** SUMMARY ***
Total pot 80 | Rake 0 
Seat 1: Mahu2021 (big blind) folded before Flop
Seat 2: gamifiedm1nd (button) (small blind) collected (80)



PokerStars Hand #247893627789: Tournament #3692082612, $1.84+$0.16 USD Hold'em No Limit - Level III (20/40) - 2023/12/27 10:29:53 CET [2023/12/27 4:29:53 ET]
Table '3692082612 1' 3-max Seat #1 is the button
Seat 1: Mahu2021 (385 in chips) 
Seat 2: gamifiedm1nd (1115 in chips) 
Mahu2021: posts small blind 20
gamifiedm1nd: posts big blind 40
*** HOLE CARDS ***
Dealt to Mahu2021 [Ks Ah]
Mahu2021: calls 20
gamifiedm1nd: checks 
*** FLOP *** [3s 2h 7h]
gamifiedm1nd: bets 40
Mahu2021: folds 
Uncalled bet (40) returned to gamifiedm1nd
gamifiedm1nd collected 80 from pot
*** SUMMARY ***
Total pot 80 | Rake 0 
Board [3s 2h 7h]
Seat 1: Mahu2021 (button) (small blind) folded on the Flop
Seat 2: gamifiedm1nd (big blind) collected (80)



PokerStars Hand #247893628991: Tournament #3692082612, $1.84+$0.16 USD Hold'em No Limit - Level III (20/40) - 2023/12/27 10:30:03 CET [2023/12/27 4:30:03 ET]
Table '3692082612 1' 3-max Seat #2 is the button
Seat 1: Mahu2021 (345 in chips) 
Seat 2: gamifiedm1nd (1155 in chips) 
gamifiedm1nd: posts small blind 20
Mahu2021: posts big blind 40
*** HOLE CARDS ***
Dealt to Mahu2021 [Tc 7s]
gamifiedm1nd: calls 20
Mahu2021: checks 
*** FLOP *** [5c Ad 3s]
Mahu2021: checks 
gamifiedm1nd: bets 40
Mahu2021: folds 
Uncalled bet (40) returned to gamifiedm1nd
gamifiedm1nd collected 80 from pot
*** SUMMARY ***
Total pot 80 | Rake 0 
Board [5c Ad 3s]
Seat 1: Mahu2021 (big blind) folded on the Flop
Seat 2: gamifiedm1nd (button) (small blind) collected (80)



PokerStars Hand #247893630041: Tournament #3692082612, $1.84+$0.16 USD Hold'em No Limit - Level III (20/40) - 2023/12/27 10:30:12 CET [2023/12/27 4:30:12 ET]
Table '3692082612 1' 3-max Seat #1 is the button
Seat 1: Mahu2021 (305 in chips) 
Seat 2: gamifiedm1nd (1195 in chips) 
Mahu2021: posts small blind 20
gamifiedm1nd: posts big blind 40
*** HOLE CARDS ***
Dealt to Mahu2021 [Tc Ah]
Mahu2021: calls 20
gamifiedm1nd: checks 
*** FLOP *** [Ks 9h 5c]
gamifiedm1nd: checks 
Mahu2021: bets 40
gamifiedm1nd: folds 
Uncalled bet (40) returned to Mahu2021
Mahu2021 collected 80 from pot
Mahu2021: doesn't show hand 
*** SUMMARY ***
Total pot 80 | Rake 0 
Board [Ks 9h 5c]
Seat 1: Mahu2021 (button) (small blind) collected (80)
Seat 2: gamifiedm1nd (big blind) folded on the Flop



PokerStars Hand #247893631184: Tournament #3692082612, $1.84+$0.16 USD Hold'em No Limit - Level III (20/40) - 2023/12/27 10:30:22 CET [2023/12/27 4:30:22 ET]
Table '3692082612 1' 3-max Seat #2 is the button
Seat 1: Mahu2021 (345 in chips) 
Seat 2: gamifiedm1nd (1155 in chips) 
gamifiedm1nd: posts small blind 20
Mahu2021: posts big blind 40
*** HOLE CARDS ***
Dealt to Mahu2021 [6s Kh]
gamifiedm1nd: calls 20
Mahu2021: raises 305 to 345 and is all-in
gamifiedm1nd: folds 
Uncalled bet (305) returned to Mahu2021
Mahu2021 collected 80 from pot
Mahu2021: doesn't show hand 
*** SUMMARY ***
Total pot 80 | Rake 0 
Seat 1: Mahu2021 (big blind) collected (80)
Seat 2: gamifiedm1nd (button) (small blind) folded before Flop



PokerStars Hand #247893632081: Tournament #3692082612, $1.84+$0.16 USD Hold'em No Limit - Level III (20/40) - 2023/12/27 10:30:29 CET [2023/12/27 4:30:29 ET]
Table '3692082612 1' 3-max Seat #1 is the button
Seat 1: Mahu2021 (385 in chips) 
Seat 2: gamifiedm1nd (1115 in chips) 
Mahu2021: posts small blind 20
gamifiedm1nd: posts big blind 40
*** HOLE CARDS ***
Dealt to Mahu2021 [8d 7h]
Mahu2021: calls 20
gamifiedm1nd: checks 
*** FLOP *** [5d Jc 4h]
gamifiedm1nd: checks 
Mahu2021: checks 
*** TURN *** [5d Jc 4h] [3c]
gamifiedm1nd: bets 40
Mahu2021: calls 40
*** RIVER *** [5d Jc 4h 3c] [Kd]
gamifiedm1nd: checks 
Mahu2021: bets 40
gamifiedm1nd: folds 
Uncalled bet (40) returned to Mahu2021
Mahu2021 collected 160 from pot
Mahu2021: doesn't show hand 
*** SUMMARY ***
Total pot 160 | Rake 0 
Board [5d Jc 4h 3c Kd]
Seat 1: Mahu2021 (button) (small blind) collected (160)
Seat 2: gamifiedm1nd (big blind) folded on the River



PokerStars Hand #247893633776: Tournament #3692082612, $1.84+$0.16 USD Hold'em No Limit - Level III (20/40) - 2023/12/27 10:30:44 CET [2023/12/27 4:30:44 ET]
Table '3692082612 1' 3-max Seat #2 is the button
Seat 1: Mahu2021 (465 in chips) 
Seat 2: gamifiedm1nd (1035 in chips) 
gamifiedm1nd: posts small blind 20
Mahu2021: posts big blind 40
*** HOLE CARDS ***
Dealt to Mahu2021 [Js Qh]
gamifiedm1nd: raises 40 to 80
Mahu2021: calls 40
*** FLOP *** [Tc 4c 3c]
Mahu2021: checks 
gamifiedm1nd: checks 
*** TURN *** [Tc 4c 3c] [2s]
Mahu2021: checks 
gamifiedm1nd: checks 
*** RIVER *** [Tc 4c 3c 2s] [7h]
Mahu2021: checks 
gamifiedm1nd: checks 
*** SHOW DOWN ***
Mahu2021: shows [Js Qh] (high card Queen)
gamifiedm1nd: shows [7s 8d] (a pair of Sevens)
gamifiedm1nd collected 160 from pot
*** SUMMARY ***
Total pot 160 | Rake 0 
Board [Tc 4c 3c 2s 7h]
Seat 1: Mahu2021 (big blind) showed [Js Qh] and lost with high card Queen
Seat 2: gamifiedm1nd (button) (small blind) showed [7s 8d] and won (160) with a pair of Sevens



PokerStars Hand #247893635216: Tournament #3692082612, $1.84+$0.16 USD Hold'em No Limit - Level III (20/40) - 2023/12/27 10:30:56 CET [2023/12/27 4:30:56 ET]
Table '3692082612 1' 3-max Seat #1 is the button
Seat 1: Mahu2021 (385 in chips) 
Seat 2: gamifiedm1nd (1115 in chips) 
Mahu2021: posts small blind 20
gamifiedm1nd: posts big blind 40
*** HOLE CARDS ***
Dealt to Mahu2021 [8h Ts]
Mahu2021: calls 20
gamifiedm1nd: checks 
*** FLOP *** [Js 5d 9h]
gamifiedm1nd: checks 
Mahu2021: bets 40
gamifiedm1nd: folds 
Uncalled bet (40) returned to Mahu2021
Mahu2021 collected 80 from pot
Mahu2021: doesn't show hand 
*** SUMMARY ***
Total pot 80 | Rake 0 
Board [Js 5d 9h]
Seat 1: Mahu2021 (button) (small blind) collected (80)
Seat 2: gamifiedm1nd (big blind) folded on the Flop



PokerStars Hand #247893636400: Tournament #3692082612, $1.84+$0.16 USD Hold'em No Limit - Level III (20/40) - 2023/12/27 10:31:06 CET [2023/12/27 4:31:06 ET]
Table '3692082612 1' 3-max Seat #2 is the button
Seat 1: Mahu2021 (425 in chips) 
Seat 2: gamifiedm1nd (1075 in chips) 
gamifiedm1nd: posts small blind 20
Mahu2021: posts big blind 40
*** HOLE CARDS ***
Dealt to Mahu2021 [6h 9h]
gamifiedm1nd: calls 20
Mahu2021: checks 
*** FLOP *** [3s Jh 9d]
Mahu2021: bets 40
gamifiedm1nd: folds 
Uncalled bet (40) returned to Mahu2021
Mahu2021 collected 80 from pot
Mahu2021: doesn't show hand 
*** SUMMARY ***
Total pot 80 | Rake 0 
Board [3s Jh 9d]
Seat 1: Mahu2021 (big blind) collected (80)
Seat 2: gamifiedm1nd (button) (small blind) folded on the Flop



PokerStars Hand #247893637961: Tournament #3692082612, $1.84+$0.16 USD Hold'em No Limit - Level III (20/40) - 2023/12/27 10:31:19 CET [2023/12/27 4:31:19 ET]
Table '3692082612 1' 3-max Seat #1 is the button
Seat 1: Mahu2021 (465 in chips) 
Seat 2: gamifiedm1nd (1035 in chips) 
Mahu2021: posts small blind 20
gamifiedm1nd: posts big blind 40
*** HOLE CARDS ***
Dealt to Mahu2021 [9c 2c]
Mahu2021: folds 
Uncalled bet (20) returned to gamifiedm1nd
gamifiedm1nd collected 40 from pot
*** SUMMARY ***
Total pot 40 | Rake 0 
Seat 1: Mahu2021 (button) (small blind) folded before Flop
Seat 2: gamifiedm1nd (big blind) collected (40)



PokerStars Hand #247893638884: Tournament #3692082612, $1.84+$0.16 USD Hold'em No Limit - Level IV (30/60) - 2023/12/27 10:31:27 CET [2023/12/27 4:31:27 ET]
Table '3692082612 1' 3-max Seat #2 is the button
Seat 1: Mahu2021 (445 in chips) 
Seat 2: gamifiedm1nd (1055 in chips) 
gamifiedm1nd: posts small blind 30
Mahu2021: posts big blind 60
*** HOLE CARDS ***
Dealt to Mahu2021 [Td Qs]
gamifiedm1nd: raises 120 to 180
Mahu2021: calls 120
*** FLOP *** [6c Qd Jh]
Mahu2021: bets 265 and is all-in
gamifiedm1nd: calls 265
*** TURN *** [6c Qd Jh] [5s]
*** RIVER *** [6c Qd Jh 5s] [7h]
*** SHOW DOWN ***
Mahu2021: shows [Td Qs] (a pair of Queens)
gamifiedm1nd: shows [Ac Qh] (a pair of Queens - Ace kicker)
gamifiedm1nd collected 890 from pot
Mahu2021 finished the tournament in 2nd place
gamifiedm1nd wins the tournament and receives $4.00 - congratulations!
*** SUMMARY ***
Total pot 890 | Rake 0 
Board [6c Qd Jh 5s 7h]
Seat 1: Mahu2021 (big blind) showed [Td Qs] and lost with a pair of Queens
Seat 2: gamifiedm1nd (button) (small blind) showed [Ac Qh] and won (890) with a pair of Queens



