PokerStars Hand #245473319649: Tournament #3633357644, $0.92+$0.08 USD Hold'em No Limit - Level I (10/20) - 2023/08/19 11:01:00 CET [2023/08/19 5:01:00 ET]
Table '3633357644 1' 3-max Seat #1 is the button
Seat 1: Mahu2021 (500 in chips) 
Seat 2: Renan Oliozi (500 in chips) 
Seat 3: JDSchoey (500 in chips) 
Renan Oliozi: posts small blind 10
JDSchoey: posts big blind 20
*** HOLE CARDS ***
Dealt to Mahu2021 [8c Kh]
Mahu2021: folds 
Renan Oliozi: calls 10
JDSchoey: checks 
*** FLOP *** [9h Ad Jh]
Renan Oliozi: checks 
JDSchoey: checks 
*** TURN *** [9h Ad Jh] [8h]
Renan Oliozi: checks 
JDSchoey: checks 
*** RIVER *** [9h Ad Jh 8h] [4c]
Renan Oliozi: checks 
JDSchoey: checks 
*** SHOW DOWN ***
Renan Oliozi: shows [Kd 3c] (high card Ace)
JDSchoey: mucks hand 
Renan Oliozi collected 40 from pot
*** SUMMARY ***
Total pot 40 | Rake 0 
Board [9h Ad Jh 8h 4c]
Seat 1: Mahu2021 (button) folded before Flop (didn't bet)
Seat 2: Renan Oliozi (small blind) showed [Kd 3c] and won (40) with high card Ace
Seat 3: JDSchoey (big blind) mucked [Td 6h]



PokerStars Hand #245473322389: Tournament #3633357644, $0.92+$0.08 USD Hold'em No Limit - Level I (10/20) - 2023/08/19 11:01:20 CET [2023/08/19 5:01:20 ET]
Table '3633357644 1' 3-max Seat #2 is the button
Seat 1: Mahu2021 (500 in chips) 
Seat 2: Renan Oliozi (520 in chips) 
Seat 3: JDSchoey (480 in chips) 
JDSchoey: posts small blind 10
Mahu2021: posts big blind 20
*** HOLE CARDS ***
Dealt to Mahu2021 [3c 5h]
Renan Oliozi: folds 
JDSchoey: calls 10
Mahu2021: checks 
*** FLOP *** [2d 2s 2c]
JDSchoey: checks 
Mahu2021: bets 20
JDSchoey: calls 20
*** TURN *** [2d 2s 2c] [3d]
JDSchoey: checks 
Mahu2021: bets 460 and is all-in
JDSchoey: folds 
Uncalled bet (460) returned to Mahu2021
Mahu2021 collected 80 from pot
Mahu2021: doesn't show hand 
*** SUMMARY ***
Total pot 80 | Rake 0 
Board [2d 2s 2c 3d]
Seat 1: Mahu2021 (big blind) collected (80)
Seat 2: Renan Oliozi (button) folded before Flop (didn't bet)
Seat 3: JDSchoey (small blind) folded on the Turn



PokerStars Hand #245473325316: Tournament #3633357644, $0.92+$0.08 USD Hold'em No Limit - Level I (10/20) - 2023/08/19 11:01:42 CET [2023/08/19 5:01:42 ET]
Table '3633357644 1' 3-max Seat #3 is the button
Seat 1: Mahu2021 (540 in chips) 
Seat 2: Renan Oliozi (520 in chips) 
Seat 3: JDSchoey (440 in chips) 
Mahu2021: posts small blind 10
Renan Oliozi: posts big blind 20
*** HOLE CARDS ***
Dealt to Mahu2021 [Qh 9d]
JDSchoey: calls 20
Mahu2021: folds 
Renan Oliozi: checks 
*** FLOP *** [4h Ah Qc]
Renan Oliozi: bets 20
JDSchoey: calls 20
*** TURN *** [4h Ah Qc] [7s]
Renan Oliozi: bets 20
JDSchoey: calls 20
*** RIVER *** [4h Ah Qc 7s] [Jc]
Renan Oliozi: bets 20
JDSchoey: calls 20
*** SHOW DOWN ***
Renan Oliozi: shows [2h Qs] (a pair of Queens)
JDSchoey: shows [Ac 8h] (a pair of Aces)
JDSchoey collected 170 from pot
*** SUMMARY ***
Total pot 170 | Rake 0 
Board [4h Ah Qc 7s Jc]
Seat 1: Mahu2021 (small blind) folded before Flop
Seat 2: Renan Oliozi (big blind) showed [2h Qs] and lost with a pair of Queens
Seat 3: JDSchoey (button) showed [Ac 8h] and won (170) with a pair of Aces



PokerStars Hand #245473328256: Tournament #3633357644, $0.92+$0.08 USD Hold'em No Limit - Level I (10/20) - 2023/08/19 11:02:04 CET [2023/08/19 5:02:04 ET]
Table '3633357644 1' 3-max Seat #1 is the button
Seat 1: Mahu2021 (530 in chips) 
Seat 2: Renan Oliozi (440 in chips) 
Seat 3: JDSchoey (530 in chips) 
Renan Oliozi: posts small blind 10
JDSchoey: posts big blind 20
*** HOLE CARDS ***
Dealt to Mahu2021 [2d 6h]
Mahu2021: folds 
Renan Oliozi: calls 10
JDSchoey: raises 20 to 40
Renan Oliozi: calls 20
*** FLOP *** [2c 8s Td]
Renan Oliozi: checks 
JDSchoey: bets 20
Renan Oliozi: folds 
Uncalled bet (20) returned to JDSchoey
JDSchoey collected 80 from pot
*** SUMMARY ***
Total pot 80 | Rake 0 
Board [2c 8s Td]
Seat 1: Mahu2021 (button) folded before Flop (didn't bet)
Seat 2: Renan Oliozi (small blind) folded on the Flop
Seat 3: JDSchoey (big blind) collected (80)



PokerStars Hand #245473330766: Tournament #3633357644, $0.92+$0.08 USD Hold'em No Limit - Level I (10/20) - 2023/08/19 11:02:23 CET [2023/08/19 5:02:23 ET]
Table '3633357644 1' 3-max Seat #2 is the button
Seat 1: Mahu2021 (530 in chips) 
Seat 2: Renan Oliozi (400 in chips) 
Seat 3: JDSchoey (570 in chips) 
JDSchoey: posts small blind 10
Mahu2021: posts big blind 20
*** HOLE CARDS ***
Dealt to Mahu2021 [Kc 5h]
Renan Oliozi: calls 20
JDSchoey: calls 10
Mahu2021: checks 
*** FLOP *** [9s Ts 5c]
JDSchoey: checks 
Mahu2021: checks 
Renan Oliozi: checks 
*** TURN *** [9s Ts 5c] [As]
JDSchoey: checks 
Mahu2021: checks 
Renan Oliozi: checks 
*** RIVER *** [9s Ts 5c As] [Kd]
JDSchoey: checks 
Mahu2021: bets 60
Renan Oliozi: folds 
JDSchoey: folds 
Uncalled bet (60) returned to Mahu2021
Mahu2021 collected 60 from pot
Mahu2021: doesn't show hand 
*** SUMMARY ***
Total pot 60 | Rake 0 
Board [9s Ts 5c As Kd]
Seat 1: Mahu2021 (big blind) collected (60)
Seat 2: Renan Oliozi (button) folded on the River
Seat 3: JDSchoey (small blind) folded on the River



PokerStars Hand #245473334357: Tournament #3633357644, $0.92+$0.08 USD Hold'em No Limit - Level I (10/20) - 2023/08/19 11:02:50 CET [2023/08/19 5:02:50 ET]
Table '3633357644 1' 3-max Seat #3 is the button
Seat 1: Mahu2021 (570 in chips) 
Seat 2: Renan Oliozi (380 in chips) 
Seat 3: JDSchoey (550 in chips) 
Mahu2021: posts small blind 10
Renan Oliozi: posts big blind 20
*** HOLE CARDS ***
Dealt to Mahu2021 [Qh Tc]
JDSchoey: calls 20
Mahu2021: calls 10
Renan Oliozi: checks 
*** FLOP *** [7d 3d 5c]
Mahu2021: checks 
Renan Oliozi: bets 20
JDSchoey: calls 20
Mahu2021: folds 
*** TURN *** [7d 3d 5c] [Th]
Renan Oliozi: checks 
JDSchoey: checks 
*** RIVER *** [7d 3d 5c Th] [2s]
Renan Oliozi: checks 
JDSchoey: checks 
*** SHOW DOWN ***
Renan Oliozi: shows [Ad 9c] (high card Ace)
JDSchoey: shows [8h 3h] (a pair of Threes)
JDSchoey collected 100 from pot
*** SUMMARY ***
Total pot 100 | Rake 0 
Board [7d 3d 5c Th 2s]
Seat 1: Mahu2021 (small blind) folded on the Flop
Seat 2: Renan Oliozi (big blind) showed [Ad 9c] and lost with high card Ace
Seat 3: JDSchoey (button) showed [8h 3h] and won (100) with a pair of Threes



PokerStars Hand #245473337610: Tournament #3633357644, $0.92+$0.08 USD Hold'em No Limit - Level II (15/30) - 2023/08/19 11:03:14 CET [2023/08/19 5:03:14 ET]
Table '3633357644 1' 3-max Seat #1 is the button
Seat 1: Mahu2021 (550 in chips) 
Seat 2: Renan Oliozi (340 in chips) 
Seat 3: JDSchoey (610 in chips) 
Renan Oliozi: posts small blind 15
JDSchoey: posts big blind 30
*** HOLE CARDS ***
Dealt to Mahu2021 [4c Ad]
Mahu2021: folds 
Renan Oliozi: calls 15
JDSchoey: raises 60 to 90
Renan Oliozi: calls 60
*** FLOP *** [3h 5c 5d]
Renan Oliozi: checks 
JDSchoey: bets 90
Renan Oliozi: folds 
Uncalled bet (90) returned to JDSchoey
JDSchoey collected 180 from pot
*** SUMMARY ***
Total pot 180 | Rake 0 
Board [3h 5c 5d]
Seat 1: Mahu2021 (button) folded before Flop (didn't bet)
Seat 2: Renan Oliozi (small blind) folded on the Flop
Seat 3: JDSchoey (big blind) collected (180)



PokerStars Hand #245473339949: Tournament #3633357644, $0.92+$0.08 USD Hold'em No Limit - Level II (15/30) - 2023/08/19 11:03:31 CET [2023/08/19 5:03:31 ET]
Table '3633357644 1' 3-max Seat #2 is the button
Seat 1: Mahu2021 (550 in chips) 
Seat 2: Renan Oliozi (250 in chips) 
Seat 3: JDSchoey (700 in chips) 
JDSchoey: posts small blind 15
Mahu2021: posts big blind 30
*** HOLE CARDS ***
Dealt to Mahu2021 [9s 9d]
Renan Oliozi: folds 
JDSchoey: folds 
Uncalled bet (15) returned to Mahu2021
Mahu2021 collected 30 from pot
Mahu2021: doesn't show hand 
*** SUMMARY ***
Total pot 30 | Rake 0 
Seat 1: Mahu2021 (big blind) collected (30)
Seat 2: Renan Oliozi (button) folded before Flop (didn't bet)
Seat 3: JDSchoey (small blind) folded before Flop



PokerStars Hand #245473340772: Tournament #3633357644, $0.92+$0.08 USD Hold'em No Limit - Level II (15/30) - 2023/08/19 11:03:38 CET [2023/08/19 5:03:38 ET]
Table '3633357644 1' 3-max Seat #3 is the button
Seat 1: Mahu2021 (565 in chips) 
Seat 2: Renan Oliozi (250 in chips) 
Seat 3: JDSchoey (685 in chips) 
Mahu2021: posts small blind 15
Renan Oliozi: posts big blind 30
*** HOLE CARDS ***
Dealt to Mahu2021 [Qs 4c]
JDSchoey: calls 30
Mahu2021: folds 
Renan Oliozi: checks 
*** FLOP *** [Qd 4h Ks]
Renan Oliozi: checks 
JDSchoey: bets 30
Renan Oliozi: folds 
Uncalled bet (30) returned to JDSchoey
JDSchoey collected 75 from pot
*** SUMMARY ***
Total pot 75 | Rake 0 
Board [Qd 4h Ks]
Seat 1: Mahu2021 (small blind) folded before Flop
Seat 2: Renan Oliozi (big blind) folded on the Flop
Seat 3: JDSchoey (button) collected (75)



PokerStars Hand #245473343061: Tournament #3633357644, $0.92+$0.08 USD Hold'em No Limit - Level II (15/30) - 2023/08/19 11:03:55 CET [2023/08/19 5:03:55 ET]
Table '3633357644 1' 3-max Seat #1 is the button
Seat 1: Mahu2021 (550 in chips) 
Seat 2: Renan Oliozi (220 in chips) 
Seat 3: JDSchoey (730 in chips) 
Renan Oliozi: posts small blind 15
JDSchoey: posts big blind 30
*** HOLE CARDS ***
Dealt to Mahu2021 [Tc 3d]
Mahu2021: folds 
Renan Oliozi: calls 15
JDSchoey: checks 
*** FLOP *** [Jc 4c Ac]
Renan Oliozi: checks 
JDSchoey: checks 
*** TURN *** [Jc 4c Ac] [9s]
Renan Oliozi: bets 30
JDSchoey: folds 
Uncalled bet (30) returned to Renan Oliozi
Renan Oliozi collected 60 from pot
*** SUMMARY ***
Total pot 60 | Rake 0 
Board [Jc 4c Ac 9s]
Seat 1: Mahu2021 (button) folded before Flop (didn't bet)
Seat 2: Renan Oliozi (small blind) collected (60)
Seat 3: JDSchoey (big blind) folded on the Turn



PokerStars Hand #245473345828: Tournament #3633357644, $0.92+$0.08 USD Hold'em No Limit - Level II (15/30) - 2023/08/19 11:04:15 CET [2023/08/19 5:04:15 ET]
Table '3633357644 1' 3-max Seat #2 is the button
Seat 1: Mahu2021 (550 in chips) 
Seat 2: Renan Oliozi (250 in chips) 
Seat 3: JDSchoey (700 in chips) 
JDSchoey: posts small blind 15
Mahu2021: posts big blind 30
*** HOLE CARDS ***
Dealt to Mahu2021 [5d 2d]
Renan Oliozi: folds 
JDSchoey: calls 15
Mahu2021: checks 
*** FLOP *** [8c 8d 6s]
JDSchoey: checks 
Mahu2021: checks 
*** TURN *** [8c 8d 6s] [4c]
JDSchoey: checks 
Mahu2021: checks 
*** RIVER *** [8c 8d 6s 4c] [Th]
JDSchoey: checks 
Mahu2021: checks 
*** SHOW DOWN ***
JDSchoey: shows [Qh 9c] (a pair of Eights)
Mahu2021: mucks hand 
JDSchoey collected 60 from pot
*** SUMMARY ***
Total pot 60 | Rake 0 
Board [8c 8d 6s 4c Th]
Seat 1: Mahu2021 (big blind) mucked [5d 2d]
Seat 2: Renan Oliozi (button) folded before Flop (didn't bet)
Seat 3: JDSchoey (small blind) showed [Qh 9c] and won (60) with a pair of Eights



PokerStars Hand #245473348726: Tournament #3633357644, $0.92+$0.08 USD Hold'em No Limit - Level II (15/30) - 2023/08/19 11:04:37 CET [2023/08/19 5:04:37 ET]
Table '3633357644 1' 3-max Seat #3 is the button
Seat 1: Mahu2021 (520 in chips) 
Seat 2: Renan Oliozi (250 in chips) 
Seat 3: JDSchoey (730 in chips) 
Mahu2021: posts small blind 15
Renan Oliozi: posts big blind 30
*** HOLE CARDS ***
Dealt to Mahu2021 [Js 3h]
JDSchoey: calls 30
Mahu2021: folds 
Renan Oliozi: raises 30 to 60
JDSchoey: calls 30
*** FLOP *** [Jc Th Kd]
Renan Oliozi: bets 190 and is all-in
JDSchoey: calls 190
*** TURN *** [Jc Th Kd] [Qc]
*** RIVER *** [Jc Th Kd Qc] [Jd]
*** SHOW DOWN ***
Renan Oliozi: shows [Ts As] (a straight, Ten to Ace)
JDSchoey: shows [5s Kc] (two pair, Kings and Jacks)
Renan Oliozi collected 515 from pot
*** SUMMARY ***
Total pot 515 | Rake 0 
Board [Jc Th Kd Qc Jd]
Seat 1: Mahu2021 (small blind) folded before Flop
Seat 2: Renan Oliozi (big blind) showed [Ts As] and won (515) with a straight, Ten to Ace
Seat 3: JDSchoey (button) showed [5s Kc] and lost with two pair, Kings and Jacks



PokerStars Hand #245473351468: Tournament #3633357644, $0.92+$0.08 USD Hold'em No Limit - Level II (15/30) - 2023/08/19 11:04:58 CET [2023/08/19 5:04:58 ET]
Table '3633357644 1' 3-max Seat #1 is the button
Seat 1: Mahu2021 (505 in chips) 
Seat 2: Renan Oliozi (515 in chips) 
Seat 3: JDSchoey (480 in chips) 
Renan Oliozi: posts small blind 15
JDSchoey: posts big blind 30
*** HOLE CARDS ***
Dealt to Mahu2021 [5s 7d]
Mahu2021: folds 
Renan Oliozi: calls 15
JDSchoey: checks 
*** FLOP *** [2d Kd 2h]
Renan Oliozi: checks 
JDSchoey: checks 
*** TURN *** [2d Kd 2h] [8s]
Renan Oliozi: checks 
JDSchoey: checks 
*** RIVER *** [2d Kd 2h 8s] [Tc]
Renan Oliozi: checks 
JDSchoey: checks 
*** SHOW DOWN ***
Renan Oliozi: shows [3c 4h] (a pair of Deuces)
JDSchoey: shows [Qc 6h] (a pair of Deuces - King+Queen kicker)
JDSchoey collected 60 from pot
*** SUMMARY ***
Total pot 60 | Rake 0 
Board [2d Kd 2h 8s Tc]
Seat 1: Mahu2021 (button) folded before Flop (didn't bet)
Seat 2: Renan Oliozi (small blind) showed [3c 4h] and lost with a pair of Deuces
Seat 3: JDSchoey (big blind) showed [Qc 6h] and won (60) with a pair of Deuces



PokerStars Hand #245473355506: Tournament #3633357644, $0.92+$0.08 USD Hold'em No Limit - Level III (20/40) - 2023/08/19 11:05:28 CET [2023/08/19 5:05:28 ET]
Table '3633357644 1' 3-max Seat #2 is the button
Seat 1: Mahu2021 (505 in chips) 
Seat 2: Renan Oliozi (485 in chips) 
Seat 3: JDSchoey (510 in chips) 
JDSchoey: posts small blind 20
Mahu2021: posts big blind 40
*** HOLE CARDS ***
Dealt to Mahu2021 [Ah 2d]
Renan Oliozi: folds 
JDSchoey: raises 40 to 80
Mahu2021: calls 40
*** FLOP *** [Qh 6h 5c]
JDSchoey: bets 80
Mahu2021: folds 
Uncalled bet (80) returned to JDSchoey
JDSchoey collected 160 from pot
*** SUMMARY ***
Total pot 160 | Rake 0 
Board [Qh 6h 5c]
Seat 1: Mahu2021 (big blind) folded on the Flop
Seat 2: Renan Oliozi (button) folded before Flop (didn't bet)
Seat 3: JDSchoey (small blind) collected (160)



PokerStars Hand #245473356987: Tournament #3633357644, $0.92+$0.08 USD Hold'em No Limit - Level III (20/40) - 2023/08/19 11:05:39 CET [2023/08/19 5:05:39 ET]
Table '3633357644 1' 3-max Seat #3 is the button
Seat 1: Mahu2021 (425 in chips) 
Seat 2: Renan Oliozi (485 in chips) 
Seat 3: JDSchoey (590 in chips) 
Mahu2021: posts small blind 20
Renan Oliozi: posts big blind 40
*** HOLE CARDS ***
Dealt to Mahu2021 [Tc 7h]
JDSchoey: raises 40 to 80
Mahu2021: folds 
Renan Oliozi: folds 
Uncalled bet (40) returned to JDSchoey
JDSchoey collected 100 from pot
*** SUMMARY ***
Total pot 100 | Rake 0 
Seat 1: Mahu2021 (small blind) folded before Flop
Seat 2: Renan Oliozi (big blind) folded before Flop
Seat 3: JDSchoey (button) collected (100)



PokerStars Hand #245473357983: Tournament #3633357644, $0.92+$0.08 USD Hold'em No Limit - Level III (20/40) - 2023/08/19 11:05:47 CET [2023/08/19 5:05:47 ET]
Table '3633357644 1' 3-max Seat #1 is the button
Seat 1: Mahu2021 (405 in chips) 
Seat 2: Renan Oliozi (445 in chips) 
Seat 3: JDSchoey (650 in chips) 
Renan Oliozi: posts small blind 20
JDSchoey: posts big blind 40
*** HOLE CARDS ***
Dealt to Mahu2021 [Kh 3h]
Mahu2021: raises 40 to 80
Renan Oliozi: folds 
JDSchoey: calls 40
*** FLOP *** [9d 9s 6s]
JDSchoey: checks 
Mahu2021: checks 
*** TURN *** [9d 9s 6s] [4c]
JDSchoey: checks 
Mahu2021: checks 
*** RIVER *** [9d 9s 6s 4c] [5d]
JDSchoey: checks 
Mahu2021: checks 
*** SHOW DOWN ***
JDSchoey: shows [Kd 7c] (a pair of Nines)
Mahu2021: mucks hand 
JDSchoey collected 180 from pot
*** SUMMARY ***
Total pot 180 | Rake 0 
Board [9d 9s 6s 4c 5d]
Seat 1: Mahu2021 (button) mucked [Kh 3h]
Seat 2: Renan Oliozi (small blind) folded before Flop
Seat 3: JDSchoey (big blind) showed [Kd 7c] and won (180) with a pair of Nines



PokerStars Hand #245473360040: Tournament #3633357644, $0.92+$0.08 USD Hold'em No Limit - Level III (20/40) - 2023/08/19 11:06:02 CET [2023/08/19 5:06:02 ET]
Table '3633357644 1' 3-max Seat #2 is the button
Seat 1: Mahu2021 (325 in chips) 
Seat 2: Renan Oliozi (425 in chips) 
Seat 3: JDSchoey (750 in chips) 
JDSchoey: posts small blind 20
Mahu2021: posts big blind 40
*** HOLE CARDS ***
Dealt to Mahu2021 [Qc 8h]
Renan Oliozi: folds 
JDSchoey: raises 80 to 120
Mahu2021: folds 
Uncalled bet (80) returned to JDSchoey
JDSchoey collected 80 from pot
*** SUMMARY ***
Total pot 80 | Rake 0 
Seat 1: Mahu2021 (big blind) folded before Flop
Seat 2: Renan Oliozi (button) folded before Flop (didn't bet)
Seat 3: JDSchoey (small blind) collected (80)



PokerStars Hand #245473361065: Tournament #3633357644, $0.92+$0.08 USD Hold'em No Limit - Level III (20/40) - 2023/08/19 11:06:10 CET [2023/08/19 5:06:10 ET]
Table '3633357644 1' 3-max Seat #3 is the button
Seat 1: Mahu2021 (285 in chips) 
Seat 2: Renan Oliozi (425 in chips) 
Seat 3: JDSchoey (790 in chips) 
Mahu2021: posts small blind 20
Renan Oliozi: posts big blind 40
*** HOLE CARDS ***
Dealt to Mahu2021 [4c 3c]
JDSchoey: raises 40 to 80
Mahu2021: calls 60
Renan Oliozi: raises 345 to 425 and is all-in
JDSchoey: calls 345
Mahu2021: folds 
*** FLOP *** [3s 2c 9s]
*** TURN *** [3s 2c 9s] [Jh]
*** RIVER *** [3s 2c 9s Jh] [5c]
*** SHOW DOWN ***
Renan Oliozi: shows [8h 8d] (a pair of Eights)
JDSchoey: shows [Td Ts] (a pair of Tens)
JDSchoey collected 930 from pot
Renan Oliozi finished the tournament in 3rd place
*** SUMMARY ***
Total pot 930 | Rake 0 
Board [3s 2c 9s Jh 5c]
Seat 1: Mahu2021 (small blind) folded before Flop
Seat 2: Renan Oliozi (big blind) showed [8h 8d] and lost with a pair of Eights
Seat 3: JDSchoey (button) showed [Td Ts] and won (930) with a pair of Tens



PokerStars Hand #245473363594: Tournament #3633357644, $0.92+$0.08 USD Hold'em No Limit - Level III (20/40) - 2023/08/19 11:06:29 CET [2023/08/19 5:06:29 ET]
Table '3633357644 1' 3-max Seat #1 is the button
Seat 1: Mahu2021 (205 in chips) 
Seat 3: JDSchoey (1295 in chips) 
Mahu2021: posts small blind 20
JDSchoey: posts big blind 40
*** HOLE CARDS ***
Dealt to Mahu2021 [Js 4d]
Mahu2021: folds 
Uncalled bet (20) returned to JDSchoey
JDSchoey collected 40 from pot
*** SUMMARY ***
Total pot 40 | Rake 0 
Seat 1: Mahu2021 (button) (small blind) folded before Flop
Seat 3: JDSchoey (big blind) collected (40)



PokerStars Hand #245473364192: Tournament #3633357644, $0.92+$0.08 USD Hold'em No Limit - Level III (20/40) - 2023/08/19 11:06:33 CET [2023/08/19 5:06:33 ET]
Table '3633357644 1' 3-max Seat #3 is the button
Seat 1: Mahu2021 (185 in chips) 
Seat 3: JDSchoey (1315 in chips) 
JDSchoey: posts small blind 20
Mahu2021: posts big blind 40
*** HOLE CARDS ***
Dealt to Mahu2021 [Kc Jd]
JDSchoey: raises 40 to 80
Mahu2021: raises 105 to 185 and is all-in
JDSchoey: calls 105
*** FLOP *** [Th Kd Jc]
*** TURN *** [Th Kd Jc] [Jh]
*** RIVER *** [Th Kd Jc Jh] [3c]
*** SHOW DOWN ***
Mahu2021: shows [Kc Jd] (a full house, Jacks full of Kings)
JDSchoey: shows [4s 4h] (two pair, Jacks and Fours)
Mahu2021 collected 370 from pot
*** SUMMARY ***
Total pot 370 | Rake 0 
Board [Th Kd Jc Jh 3c]
Seat 1: Mahu2021 (big blind) showed [Kc Jd] and won (370) with a full house, Jacks full of Kings
Seat 3: JDSchoey (button) (small blind) showed [4s 4h] and lost with two pair, Jacks and Fours



PokerStars Hand #245473366018: Tournament #3633357644, $0.92+$0.08 USD Hold'em No Limit - Level III (20/40) - 2023/08/19 11:06:47 CET [2023/08/19 5:06:47 ET]
Table '3633357644 1' 3-max Seat #1 is the button
Seat 1: Mahu2021 (370 in chips) 
Seat 3: JDSchoey (1130 in chips) 
Mahu2021: posts small blind 20
JDSchoey: posts big blind 40
*** HOLE CARDS ***
Dealt to Mahu2021 [Qs As]
Mahu2021: raises 40 to 80
JDSchoey: calls 40
*** FLOP *** [8c 6s Tc]
JDSchoey: checks 
Mahu2021: bets 290 and is all-in
JDSchoey: folds 
Uncalled bet (290) returned to Mahu2021
Mahu2021 collected 160 from pot
Mahu2021: doesn't show hand 
*** SUMMARY ***
Total pot 160 | Rake 0 
Board [8c 6s Tc]
Seat 1: Mahu2021 (button) (small blind) collected (160)
Seat 3: JDSchoey (big blind) folded on the Flop



PokerStars Hand #245473367511: Tournament #3633357644, $0.92+$0.08 USD Hold'em No Limit - Level III (20/40) - 2023/08/19 11:06:58 CET [2023/08/19 5:06:58 ET]
Table '3633357644 1' 3-max Seat #3 is the button
Seat 1: Mahu2021 (450 in chips) 
Seat 3: JDSchoey (1050 in chips) 
JDSchoey: posts small blind 20
Mahu2021: posts big blind 40
*** HOLE CARDS ***
Dealt to Mahu2021 [Ah Js]
JDSchoey: calls 20
Mahu2021: raises 80 to 120
JDSchoey: calls 80
*** FLOP *** [Jc 3s Qc]
Mahu2021: bets 330 and is all-in
JDSchoey: folds 
Uncalled bet (330) returned to Mahu2021
Mahu2021 collected 240 from pot
Mahu2021: doesn't show hand 
*** SUMMARY ***
Total pot 240 | Rake 0 
Board [Jc 3s Qc]
Seat 1: Mahu2021 (big blind) collected (240)
Seat 3: JDSchoey (button) (small blind) folded on the Flop



PokerStars Hand #245473369392: Tournament #3633357644, $0.92+$0.08 USD Hold'em No Limit - Level IV (30/60) - 2023/08/19 11:07:12 CET [2023/08/19 5:07:12 ET]
Table '3633357644 1' 3-max Seat #1 is the button
Seat 1: Mahu2021 (570 in chips) 
Seat 3: JDSchoey (930 in chips) 
Mahu2021: posts small blind 30
JDSchoey: posts big blind 60
*** HOLE CARDS ***
Dealt to Mahu2021 [Tc Jh]
Mahu2021: calls 30
JDSchoey: checks 
*** FLOP *** [Ad 3h Qs]
JDSchoey: checks 
Mahu2021: checks 
*** TURN *** [Ad 3h Qs] [8s]
JDSchoey: checks 
Mahu2021: bets 60
JDSchoey: calls 60
*** RIVER *** [Ad 3h Qs 8s] [Kc]
JDSchoey: checks 
Mahu2021: bets 240
JDSchoey: raises 240 to 480
Mahu2021: calls 210 and is all-in
Uncalled bet (30) returned to JDSchoey
*** SHOW DOWN ***
JDSchoey: shows [Td Jc] (a straight, Ten to Ace)
Mahu2021: shows [Tc Jh] (a straight, Ten to Ace)
JDSchoey collected 570 from pot
Mahu2021 collected 570 from pot
*** SUMMARY ***
Total pot 1140 | Rake 0 
Board [Ad 3h Qs 8s Kc]
Seat 1: Mahu2021 (button) (small blind) showed [Tc Jh] and won (570) with a straight, Ten to Ace
Seat 3: JDSchoey (big blind) showed [Td Jc] and won (570) with a straight, Ten to Ace



PokerStars Hand #245473372296: Tournament #3633357644, $0.92+$0.08 USD Hold'em No Limit - Level IV (30/60) - 2023/08/19 11:07:33 CET [2023/08/19 5:07:33 ET]
Table '3633357644 1' 3-max Seat #3 is the button
Seat 1: Mahu2021 (570 in chips) 
Seat 3: JDSchoey (930 in chips) 
JDSchoey: posts small blind 30
Mahu2021: posts big blind 60
*** HOLE CARDS ***
Dealt to Mahu2021 [Jc 7c]
JDSchoey: calls 30
Mahu2021: checks 
*** FLOP *** [Js Ac 5c]
Mahu2021: bets 60
JDSchoey: calls 60
*** TURN *** [Js Ac 5c] [Kd]
Mahu2021: bets 60
JDSchoey: calls 60
*** RIVER *** [Js Ac 5c Kd] [5d]
Mahu2021: bets 60
JDSchoey: calls 60
*** SHOW DOWN ***
Mahu2021: shows [Jc 7c] (two pair, Jacks and Fives)
JDSchoey: shows [Jd 7d] (two pair, Jacks and Fives)
Mahu2021 collected 240 from pot
JDSchoey collected 240 from pot
*** SUMMARY ***
Total pot 480 | Rake 0 
Board [Js Ac 5c Kd 5d]
Seat 1: Mahu2021 (big blind) showed [Jc 7c] and won (240) with two pair, Jacks and Fives
Seat 3: JDSchoey (button) (small blind) showed [Jd 7d] and won (240) with two pair, Jacks and Fives



PokerStars Hand #245473374449: Tournament #3633357644, $0.92+$0.08 USD Hold'em No Limit - Level IV (30/60) - 2023/08/19 11:07:50 CET [2023/08/19 5:07:50 ET]
Table '3633357644 1' 3-max Seat #1 is the button
Seat 1: Mahu2021 (570 in chips) 
Seat 3: JDSchoey (930 in chips) 
Mahu2021: posts small blind 30
JDSchoey: posts big blind 60
*** HOLE CARDS ***
Dealt to Mahu2021 [6c 6s]
Mahu2021: raises 510 to 570 and is all-in
JDSchoey: folds 
Uncalled bet (510) returned to Mahu2021
Mahu2021 collected 120 from pot
Mahu2021: doesn't show hand 
*** SUMMARY ***
Total pot 120 | Rake 0 
Seat 1: Mahu2021 (button) (small blind) collected (120)
Seat 3: JDSchoey (big blind) folded before Flop



PokerStars Hand #245473375296: Tournament #3633357644, $0.92+$0.08 USD Hold'em No Limit - Level IV (30/60) - 2023/08/19 11:07:56 CET [2023/08/19 5:07:56 ET]
Table '3633357644 1' 3-max Seat #3 is the button
Seat 1: Mahu2021 (630 in chips) 
Seat 3: JDSchoey (870 in chips) 
JDSchoey: posts small blind 30
Mahu2021: posts big blind 60
*** HOLE CARDS ***
Dealt to Mahu2021 [9d Kh]
JDSchoey: calls 30
Mahu2021: checks 
*** FLOP *** [As Ad 9s]
Mahu2021: bets 570 and is all-in
JDSchoey: folds 
Uncalled bet (570) returned to Mahu2021
Mahu2021 collected 120 from pot
Mahu2021: doesn't show hand 
*** SUMMARY ***
Total pot 120 | Rake 0 
Board [As Ad 9s]
Seat 1: Mahu2021 (big blind) collected (120)
Seat 3: JDSchoey (button) (small blind) folded on the Flop



PokerStars Hand #245473376680: Tournament #3633357644, $0.92+$0.08 USD Hold'em No Limit - Level IV (30/60) - 2023/08/19 11:08:06 CET [2023/08/19 5:08:06 ET]
Table '3633357644 1' 3-max Seat #1 is the button
Seat 1: Mahu2021 (690 in chips) 
Seat 3: JDSchoey (810 in chips) 
Mahu2021: posts small blind 30
JDSchoey: posts big blind 60
*** HOLE CARDS ***
Dealt to Mahu2021 [7h 2s]
Mahu2021: folds 
Uncalled bet (30) returned to JDSchoey
JDSchoey collected 60 from pot
*** SUMMARY ***
Total pot 60 | Rake 0 
Seat 1: Mahu2021 (button) (small blind) folded before Flop
Seat 3: JDSchoey (big blind) collected (60)



PokerStars Hand #245473377247: Tournament #3633357644, $0.92+$0.08 USD Hold'em No Limit - Level IV (30/60) - 2023/08/19 11:08:10 CET [2023/08/19 5:08:10 ET]
Table '3633357644 1' 3-max Seat #3 is the button
Seat 1: Mahu2021 (660 in chips) 
Seat 3: JDSchoey (840 in chips) 
JDSchoey: posts small blind 30
Mahu2021: posts big blind 60
*** HOLE CARDS ***
Dealt to Mahu2021 [3d 2d]
JDSchoey: calls 30
Mahu2021: checks 
*** FLOP *** [9d Ad As]
Mahu2021: checks 
JDSchoey: checks 
*** TURN *** [9d Ad As] [4s]
Mahu2021: bets 60
JDSchoey: folds 
Uncalled bet (60) returned to Mahu2021
Mahu2021 collected 120 from pot
Mahu2021: doesn't show hand 
*** SUMMARY ***
Total pot 120 | Rake 0 
Board [9d Ad As 4s]
Seat 1: Mahu2021 (big blind) collected (120)
Seat 3: JDSchoey (button) (small blind) folded on the Turn



PokerStars Hand #245473378715: Tournament #3633357644, $0.92+$0.08 USD Hold'em No Limit - Level IV (30/60) - 2023/08/19 11:08:22 CET [2023/08/19 5:08:22 ET]
Table '3633357644 1' 3-max Seat #1 is the button
Seat 1: Mahu2021 (720 in chips) 
Seat 3: JDSchoey (780 in chips) 
Mahu2021: posts small blind 30
JDSchoey: posts big blind 60
*** HOLE CARDS ***
Dealt to Mahu2021 [4c Kh]
Mahu2021: calls 30
JDSchoey: checks 
*** FLOP *** [Qh As Kd]
JDSchoey: checks 
Mahu2021: bets 60
JDSchoey: calls 60
*** TURN *** [Qh As Kd] [8h]
JDSchoey: checks 
Mahu2021: checks 
*** RIVER *** [Qh As Kd 8h] [7d]
JDSchoey: checks 
Mahu2021: checks 
*** SHOW DOWN ***
JDSchoey: shows [4s Jc] (high card Ace)
Mahu2021: shows [4c Kh] (a pair of Kings)
Mahu2021 collected 240 from pot
*** SUMMARY ***
Total pot 240 | Rake 0 
Board [Qh As Kd 8h 7d]
Seat 1: Mahu2021 (button) (small blind) showed [4c Kh] and won (240) with a pair of Kings
Seat 3: JDSchoey (big blind) showed [4s Jc] and lost with high card Ace



PokerStars Hand #245473380644: Tournament #3633357644, $0.92+$0.08 USD Hold'em No Limit - Level IV (30/60) - 2023/08/19 11:08:36 CET [2023/08/19 5:08:36 ET]
Table '3633357644 1' 3-max Seat #3 is the button
Seat 1: Mahu2021 (840 in chips) 
Seat 3: JDSchoey (660 in chips) 
JDSchoey: posts small blind 30
Mahu2021: posts big blind 60
*** HOLE CARDS ***
Dealt to Mahu2021 [Ks Qd]
JDSchoey: folds 
Uncalled bet (30) returned to Mahu2021
Mahu2021 collected 60 from pot
Mahu2021: doesn't show hand 
*** SUMMARY ***
Total pot 60 | Rake 0 
Seat 1: Mahu2021 (big blind) collected (60)
Seat 3: JDSchoey (button) (small blind) folded before Flop



PokerStars Hand #245473381232: Tournament #3633357644, $0.92+$0.08 USD Hold'em No Limit - Level IV (30/60) - 2023/08/19 11:08:41 CET [2023/08/19 5:08:41 ET]
Table '3633357644 1' 3-max Seat #1 is the button
Seat 1: Mahu2021 (870 in chips) 
Seat 3: JDSchoey (630 in chips) 
Mahu2021: posts small blind 30
JDSchoey: posts big blind 60
*** HOLE CARDS ***
Dealt to Mahu2021 [4c 8c]
Mahu2021: calls 30
JDSchoey: raises 60 to 120
Mahu2021: calls 60
*** FLOP *** [4d Ts 8d]
JDSchoey: bets 60
Mahu2021: raises 60 to 120
JDSchoey: calls 60
*** TURN *** [4d Ts 8d] [Ks]
JDSchoey: checks 
Mahu2021: bets 630 and is all-in
JDSchoey: folds 
Uncalled bet (630) returned to Mahu2021
Mahu2021 collected 480 from pot
Mahu2021: doesn't show hand 
*** SUMMARY ***
Total pot 480 | Rake 0 
Board [4d Ts 8d Ks]
Seat 1: Mahu2021 (button) (small blind) collected (480)
Seat 3: JDSchoey (big blind) folded on the Turn



PokerStars Hand #245473383589: Tournament #3633357644, $0.92+$0.08 USD Hold'em No Limit - Level IV (30/60) - 2023/08/19 11:08:58 CET [2023/08/19 5:08:58 ET]
Table '3633357644 1' 3-max Seat #3 is the button
Seat 1: Mahu2021 (1110 in chips) 
Seat 3: JDSchoey (390 in chips) 
JDSchoey: posts small blind 30
Mahu2021: posts big blind 60
*** HOLE CARDS ***
Dealt to Mahu2021 [6h 3h]
JDSchoey: calls 30
Mahu2021: checks 
*** FLOP *** [7s Qs Ad]
Mahu2021: checks 
JDSchoey: bets 120
Mahu2021: folds 
Uncalled bet (120) returned to JDSchoey
JDSchoey collected 120 from pot
*** SUMMARY ***
Total pot 120 | Rake 0 
Board [7s Qs Ad]
Seat 1: Mahu2021 (big blind) folded on the Flop
Seat 3: JDSchoey (button) (small blind) collected (120)



PokerStars Hand #245473385473: Tournament #3633357644, $0.92+$0.08 USD Hold'em No Limit - Level V (40/80) - 2023/08/19 11:09:12 CET [2023/08/19 5:09:12 ET]
Table '3633357644 1' 3-max Seat #1 is the button
Seat 1: Mahu2021 (1050 in chips) 
Seat 3: JDSchoey (450 in chips) 
Mahu2021: posts small blind 40
JDSchoey: posts big blind 80
*** HOLE CARDS ***
Dealt to Mahu2021 [Jc 3s]
Mahu2021: calls 40
JDSchoey: checks 
*** FLOP *** [8c Qh 8d]
JDSchoey: checks 
Mahu2021: bets 80
JDSchoey: folds 
Uncalled bet (80) returned to Mahu2021
Mahu2021 collected 160 from pot
Mahu2021: doesn't show hand 
*** SUMMARY ***
Total pot 160 | Rake 0 
Board [8c Qh 8d]
Seat 1: Mahu2021 (button) (small blind) collected (160)
Seat 3: JDSchoey (big blind) folded on the Flop



PokerStars Hand #245473387008: Tournament #3633357644, $0.92+$0.08 USD Hold'em No Limit - Level V (40/80) - 2023/08/19 11:09:23 CET [2023/08/19 5:09:23 ET]
Table '3633357644 1' 3-max Seat #3 is the button
Seat 1: Mahu2021 (1130 in chips) 
Seat 3: JDSchoey (370 in chips) 
JDSchoey: posts small blind 40
Mahu2021: posts big blind 80
*** HOLE CARDS ***
Dealt to Mahu2021 [5c 6c]
JDSchoey: folds 
Uncalled bet (40) returned to Mahu2021
Mahu2021 collected 80 from pot
Mahu2021: doesn't show hand 
*** SUMMARY ***
Total pot 80 | Rake 0 
Seat 1: Mahu2021 (big blind) collected (80)
Seat 3: JDSchoey (button) (small blind) folded before Flop



PokerStars Hand #245473387626: Tournament #3633357644, $0.92+$0.08 USD Hold'em No Limit - Level V (40/80) - 2023/08/19 11:09:28 CET [2023/08/19 5:09:28 ET]
Table '3633357644 1' 3-max Seat #1 is the button
Seat 1: Mahu2021 (1170 in chips) 
Seat 3: JDSchoey (330 in chips) 
Mahu2021: posts small blind 40
JDSchoey: posts big blind 80
*** HOLE CARDS ***
Dealt to Mahu2021 [Kd 3s]
Mahu2021: calls 40
JDSchoey: checks 
*** FLOP *** [2d Td 5h]
JDSchoey: checks 
Mahu2021: bets 80
JDSchoey: folds 
Uncalled bet (80) returned to Mahu2021
Mahu2021 collected 160 from pot
Mahu2021: doesn't show hand 
*** SUMMARY ***
Total pot 160 | Rake 0 
Board [2d Td 5h]
Seat 1: Mahu2021 (button) (small blind) collected (160)
Seat 3: JDSchoey (big blind) folded on the Flop



PokerStars Hand #245473388818: Tournament #3633357644, $0.92+$0.08 USD Hold'em No Limit - Level V (40/80) - 2023/08/19 11:09:37 CET [2023/08/19 5:09:37 ET]
Table '3633357644 1' 3-max Seat #3 is the button
Seat 1: Mahu2021 (1250 in chips) 
Seat 3: JDSchoey (250 in chips) 
JDSchoey: posts small blind 40
Mahu2021: posts big blind 80
*** HOLE CARDS ***
Dealt to Mahu2021 [2d 9h]
JDSchoey: calls 40
Mahu2021: checks 
*** FLOP *** [9s 7h 6h]
Mahu2021: bets 1170 and is all-in
JDSchoey: calls 170 and is all-in
Uncalled bet (1000) returned to Mahu2021
*** TURN *** [9s 7h 6h] [Ac]
*** RIVER *** [9s 7h 6h Ac] [Th]
*** SHOW DOWN ***
Mahu2021: shows [2d 9h] (a pair of Nines)
JDSchoey: shows [8s 7d] (a straight, Six to Ten)
JDSchoey collected 500 from pot
*** SUMMARY ***
Total pot 500 | Rake 0 
Board [9s 7h 6h Ac Th]
Seat 1: Mahu2021 (big blind) showed [2d 9h] and lost with a pair of Nines
Seat 3: JDSchoey (button) (small blind) showed [8s 7d] and won (500) with a straight, Six to Ten



PokerStars Hand #245473390742: Tournament #3633357644, $0.92+$0.08 USD Hold'em No Limit - Level V (40/80) - 2023/08/19 11:09:51 CET [2023/08/19 5:09:51 ET]
Table '3633357644 1' 3-max Seat #1 is the button
Seat 1: Mahu2021 (1000 in chips) 
Seat 3: JDSchoey (500 in chips) 
Mahu2021: posts small blind 40
JDSchoey: posts big blind 80
*** HOLE CARDS ***
Dealt to Mahu2021 [Jd Qh]
Mahu2021: raises 920 to 1000 and is all-in
JDSchoey: folds 
Uncalled bet (920) returned to Mahu2021
Mahu2021 collected 160 from pot
Mahu2021: doesn't show hand 
*** SUMMARY ***
Total pot 160 | Rake 0 
Seat 1: Mahu2021 (button) (small blind) collected (160)
Seat 3: JDSchoey (big blind) folded before Flop



PokerStars Hand #245473391577: Tournament #3633357644, $0.92+$0.08 USD Hold'em No Limit - Level V (40/80) - 2023/08/19 11:09:57 CET [2023/08/19 5:09:57 ET]
Table '3633357644 1' 3-max Seat #3 is the button
Seat 1: Mahu2021 (1080 in chips) 
Seat 3: JDSchoey (420 in chips) 
JDSchoey: posts small blind 40
Mahu2021: posts big blind 80
*** HOLE CARDS ***
Dealt to Mahu2021 [7d 3d]
JDSchoey: raises 340 to 420 and is all-in
Mahu2021: folds 
Uncalled bet (340) returned to JDSchoey
JDSchoey collected 160 from pot
*** SUMMARY ***
Total pot 160 | Rake 0 
Seat 1: Mahu2021 (big blind) folded before Flop
Seat 3: JDSchoey (button) (small blind) collected (160)



PokerStars Hand #245473392431: Tournament #3633357644, $0.92+$0.08 USD Hold'em No Limit - Level V (40/80) - 2023/08/19 11:10:04 CET [2023/08/19 5:10:04 ET]
Table '3633357644 1' 3-max Seat #1 is the button
Seat 1: Mahu2021 (1000 in chips) 
Seat 3: JDSchoey (500 in chips) 
Mahu2021: posts small blind 40
JDSchoey: posts big blind 80
*** HOLE CARDS ***
Dealt to Mahu2021 [4s 5c]
Mahu2021: calls 40
JDSchoey: checks 
*** FLOP *** [Js Ac 2c]
JDSchoey: checks 
Mahu2021: bets 80
JDSchoey: calls 80
*** TURN *** [Js Ac 2c] [7c]
JDSchoey: checks 
Mahu2021: checks 
*** RIVER *** [Js Ac 2c 7c] [Kc]
JDSchoey: checks 
Mahu2021: bets 160
JDSchoey: folds 
Uncalled bet (160) returned to Mahu2021
Mahu2021 collected 320 from pot
Mahu2021: doesn't show hand 
*** SUMMARY ***
Total pot 320 | Rake 0 
Board [Js Ac 2c 7c Kc]
Seat 1: Mahu2021 (button) (small blind) collected (320)
Seat 3: JDSchoey (big blind) folded on the River



PokerStars Hand #245473394885: Tournament #3633357644, $0.92+$0.08 USD Hold'em No Limit - Level V (40/80) - 2023/08/19 11:10:22 CET [2023/08/19 5:10:22 ET]
Table '3633357644 1' 3-max Seat #3 is the button
Seat 1: Mahu2021 (1160 in chips) 
Seat 3: JDSchoey (340 in chips) 
JDSchoey: posts small blind 40
Mahu2021: posts big blind 80
*** HOLE CARDS ***
Dealt to Mahu2021 [4d Jc]
JDSchoey: raises 260 to 340 and is all-in
Mahu2021: folds 
Uncalled bet (260) returned to JDSchoey
JDSchoey collected 160 from pot
*** SUMMARY ***
Total pot 160 | Rake 0 
Seat 1: Mahu2021 (big blind) folded before Flop
Seat 3: JDSchoey (button) (small blind) collected (160)



PokerStars Hand #245473395674: Tournament #3633357644, $0.92+$0.08 USD Hold'em No Limit - Level V (40/80) - 2023/08/19 11:10:28 CET [2023/08/19 5:10:28 ET]
Table '3633357644 1' 3-max Seat #1 is the button
Seat 1: Mahu2021 (1080 in chips) 
Seat 3: JDSchoey (420 in chips) 
Mahu2021: posts small blind 40
JDSchoey: posts big blind 80
*** HOLE CARDS ***
Dealt to Mahu2021 [Th Qd]
Mahu2021: raises 1000 to 1080 and is all-in
JDSchoey: folds 
Uncalled bet (1000) returned to Mahu2021
Mahu2021 collected 160 from pot
Mahu2021: doesn't show hand 
*** SUMMARY ***
Total pot 160 | Rake 0 
Seat 1: Mahu2021 (button) (small blind) collected (160)
Seat 3: JDSchoey (big blind) folded before Flop



PokerStars Hand #245473396469: Tournament #3633357644, $0.92+$0.08 USD Hold'em No Limit - Level V (40/80) - 2023/08/19 11:10:34 CET [2023/08/19 5:10:34 ET]
Table '3633357644 1' 3-max Seat #3 is the button
Seat 1: Mahu2021 (1160 in chips) 
Seat 3: JDSchoey (340 in chips) 
JDSchoey: posts small blind 40
Mahu2021: posts big blind 80
*** HOLE CARDS ***
Dealt to Mahu2021 [Kd 9d]
JDSchoey: folds 
Uncalled bet (40) returned to Mahu2021
Mahu2021 collected 80 from pot
Mahu2021: doesn't show hand 
*** SUMMARY ***
Total pot 80 | Rake 0 
Seat 1: Mahu2021 (big blind) collected (80)
Seat 3: JDSchoey (button) (small blind) folded before Flop



PokerStars Hand #245473397104: Tournament #3633357644, $0.92+$0.08 USD Hold'em No Limit - Level V (40/80) - 2023/08/19 11:10:38 CET [2023/08/19 5:10:38 ET]
Table '3633357644 1' 3-max Seat #1 is the button
Seat 1: Mahu2021 (1200 in chips) 
Seat 3: JDSchoey (300 in chips) 
Mahu2021: posts small blind 40
JDSchoey: posts big blind 80
*** HOLE CARDS ***
Dealt to Mahu2021 [Qs 2h]
Mahu2021: calls 40
JDSchoey: checks 
*** FLOP *** [Ah Jd 5h]
JDSchoey: checks 
Mahu2021: bets 80
JDSchoey: raises 140 to 220 and is all-in
Mahu2021: folds 
Uncalled bet (140) returned to JDSchoey
JDSchoey collected 320 from pot
*** SUMMARY ***
Total pot 320 | Rake 0 
Board [Ah Jd 5h]
Seat 1: Mahu2021 (button) (small blind) folded on the Flop
Seat 3: JDSchoey (big blind) collected (320)



PokerStars Hand #245473398656: Tournament #3633357644, $0.92+$0.08 USD Hold'em No Limit - Level V (40/80) - 2023/08/19 11:10:50 CET [2023/08/19 5:10:50 ET]
Table '3633357644 1' 3-max Seat #3 is the button
Seat 1: Mahu2021 (1040 in chips) 
Seat 3: JDSchoey (460 in chips) 
JDSchoey: posts small blind 40
Mahu2021: posts big blind 80
*** HOLE CARDS ***
Dealt to Mahu2021 [8s 9h]
JDSchoey: raises 380 to 460 and is all-in
Mahu2021: folds 
Uncalled bet (380) returned to JDSchoey
JDSchoey collected 160 from pot
*** SUMMARY ***
Total pot 160 | Rake 0 
Seat 1: Mahu2021 (big blind) folded before Flop
Seat 3: JDSchoey (button) (small blind) collected (160)



PokerStars Hand #245473399424: Tournament #3633357644, $0.92+$0.08 USD Hold'em No Limit - Level V (40/80) - 2023/08/19 11:10:56 CET [2023/08/19 5:10:56 ET]
Table '3633357644 1' 3-max Seat #1 is the button
Seat 1: Mahu2021 (960 in chips) 
Seat 3: JDSchoey (540 in chips) 
Mahu2021: posts small blind 40
JDSchoey: posts big blind 80
*** HOLE CARDS ***
Dealt to Mahu2021 [5s Js]
Mahu2021: calls 40
JDSchoey: checks 
*** FLOP *** [Kc 4c 6s]
JDSchoey: checks 
Mahu2021: bets 80
JDSchoey: calls 80
*** TURN *** [Kc 4c 6s] [3s]
JDSchoey: checks 
Mahu2021: bets 800 and is all-in
JDSchoey: folds 
Uncalled bet (800) returned to Mahu2021
Mahu2021 collected 320 from pot
Mahu2021: doesn't show hand 
*** SUMMARY ***
Total pot 320 | Rake 0 
Board [Kc 4c 6s 3s]
Seat 1: Mahu2021 (button) (small blind) collected (320)
Seat 3: JDSchoey (big blind) folded on the Turn



PokerStars Hand #245473401721: Tournament #3633357644, $0.92+$0.08 USD Hold'em No Limit - Level VI (50/100) - 2023/08/19 11:11:13 CET [2023/08/19 5:11:13 ET]
Table '3633357644 1' 3-max Seat #3 is the button
Seat 1: Mahu2021 (1120 in chips) 
Seat 3: JDSchoey (380 in chips) 
JDSchoey: posts small blind 50
Mahu2021: posts big blind 100
*** HOLE CARDS ***
Dealt to Mahu2021 [Qd 2h]
JDSchoey: folds 
Uncalled bet (50) returned to Mahu2021
Mahu2021 collected 100 from pot
Mahu2021: doesn't show hand 
*** SUMMARY ***
Total pot 100 | Rake 0 
Seat 1: Mahu2021 (big blind) collected (100)
Seat 3: JDSchoey (button) (small blind) folded before Flop



PokerStars Hand #245473402437: Tournament #3633357644, $0.92+$0.08 USD Hold'em No Limit - Level VI (50/100) - 2023/08/19 11:11:18 CET [2023/08/19 5:11:18 ET]
Table '3633357644 1' 3-max Seat #1 is the button
Seat 1: Mahu2021 (1170 in chips) 
Seat 3: JDSchoey (330 in chips) 
Mahu2021: posts small blind 50
JDSchoey: posts big blind 100
*** HOLE CARDS ***
Dealt to Mahu2021 [Ad 7s]
Mahu2021: raises 1070 to 1170 and is all-in
JDSchoey: calls 230 and is all-in
Uncalled bet (840) returned to Mahu2021
*** FLOP *** [5d 5c Jd]
*** TURN *** [5d 5c Jd] [Ks]
*** RIVER *** [5d 5c Jd Ks] [As]
*** SHOW DOWN ***
JDSchoey: shows [Kh Ah] (two pair, Aces and Kings)
Mahu2021: shows [Ad 7s] (two pair, Aces and Fives)
JDSchoey collected 660 from pot
*** SUMMARY ***
Total pot 660 | Rake 0 
Board [5d 5c Jd Ks As]
Seat 1: Mahu2021 (button) (small blind) showed [Ad 7s] and lost with two pair, Aces and Fives
Seat 3: JDSchoey (big blind) showed [Kh Ah] and won (660) with two pair, Aces and Kings



PokerStars Hand #245473404103: Tournament #3633357644, $0.92+$0.08 USD Hold'em No Limit - Level VI (50/100) - 2023/08/19 11:11:30 CET [2023/08/19 5:11:30 ET]
Table '3633357644 1' 3-max Seat #3 is the button
Seat 1: Mahu2021 (840 in chips) 
Seat 3: JDSchoey (660 in chips) 
JDSchoey: posts small blind 50
Mahu2021: posts big blind 100
*** HOLE CARDS ***
Dealt to Mahu2021 [7d Qh]
JDSchoey: folds 
Uncalled bet (50) returned to Mahu2021
Mahu2021 collected 100 from pot
Mahu2021: doesn't show hand 
*** SUMMARY ***
Total pot 100 | Rake 0 
Seat 1: Mahu2021 (big blind) collected (100)
Seat 3: JDSchoey (button) (small blind) folded before Flop



PokerStars Hand #245473404675: Tournament #3633357644, $0.92+$0.08 USD Hold'em No Limit - Level VI (50/100) - 2023/08/19 11:11:34 CET [2023/08/19 5:11:34 ET]
Table '3633357644 1' 3-max Seat #1 is the button
Seat 1: Mahu2021 (890 in chips) 
Seat 3: JDSchoey (610 in chips) 
Mahu2021: posts small blind 50
JDSchoey: posts big blind 100
*** HOLE CARDS ***
Dealt to Mahu2021 [As 9c]
Mahu2021: raises 790 to 890 and is all-in
JDSchoey: folds 
Uncalled bet (790) returned to Mahu2021
Mahu2021 collected 200 from pot
Mahu2021: doesn't show hand 
*** SUMMARY ***
Total pot 200 | Rake 0 
Seat 1: Mahu2021 (button) (small blind) collected (200)
Seat 3: JDSchoey (big blind) folded before Flop



PokerStars Hand #245473405499: Tournament #3633357644, $0.92+$0.08 USD Hold'em No Limit - Level VI (50/100) - 2023/08/19 11:11:40 CET [2023/08/19 5:11:40 ET]
Table '3633357644 1' 3-max Seat #3 is the button
Seat 1: Mahu2021 (990 in chips) 
Seat 3: JDSchoey (510 in chips) 
JDSchoey: posts small blind 50
Mahu2021: posts big blind 100
*** HOLE CARDS ***
Dealt to Mahu2021 [6c 8c]
JDSchoey: raises 410 to 510 and is all-in
Mahu2021: folds 
Uncalled bet (410) returned to JDSchoey
JDSchoey collected 200 from pot
*** SUMMARY ***
Total pot 200 | Rake 0 
Seat 1: Mahu2021 (big blind) folded before Flop
Seat 3: JDSchoey (button) (small blind) collected (200)



PokerStars Hand #245473406314: Tournament #3633357644, $0.92+$0.08 USD Hold'em No Limit - Level VI (50/100) - 2023/08/19 11:11:46 CET [2023/08/19 5:11:46 ET]
Table '3633357644 1' 3-max Seat #1 is the button
Seat 1: Mahu2021 (890 in chips) 
Seat 3: JDSchoey (610 in chips) 
Mahu2021: posts small blind 50
JDSchoey: posts big blind 100
*** HOLE CARDS ***
Dealt to Mahu2021 [9h 4c]
Mahu2021: folds 
Uncalled bet (50) returned to JDSchoey
JDSchoey collected 100 from pot
*** SUMMARY ***
Total pot 100 | Rake 0 
Seat 1: Mahu2021 (button) (small blind) folded before Flop
Seat 3: JDSchoey (big blind) collected (100)



PokerStars Hand #245473406856: Tournament #3633357644, $0.92+$0.08 USD Hold'em No Limit - Level VI (50/100) - 2023/08/19 11:11:51 CET [2023/08/19 5:11:51 ET]
Table '3633357644 1' 3-max Seat #3 is the button
Seat 1: Mahu2021 (840 in chips) 
Seat 3: JDSchoey (660 in chips) 
JDSchoey: posts small blind 50
Mahu2021: posts big blind 100
*** HOLE CARDS ***
Dealt to Mahu2021 [2d 9d]
JDSchoey: calls 50
Mahu2021: checks 
*** FLOP *** [Ts 4d Qc]
Mahu2021: checks 
JDSchoey: checks 
*** TURN *** [Ts 4d Qc] [Tc]
Mahu2021: checks 
JDSchoey: bets 100
Mahu2021: folds 
Uncalled bet (100) returned to JDSchoey
JDSchoey collected 200 from pot
*** SUMMARY ***
Total pot 200 | Rake 0 
Board [Ts 4d Qc Tc]
Seat 1: Mahu2021 (big blind) folded on the Turn
Seat 3: JDSchoey (button) (small blind) collected (200)



PokerStars Hand #245473408450: Tournament #3633357644, $0.92+$0.08 USD Hold'em No Limit - Level VI (50/100) - 2023/08/19 11:12:02 CET [2023/08/19 5:12:02 ET]
Table '3633357644 1' 3-max Seat #1 is the button
Seat 1: Mahu2021 (740 in chips) 
Seat 3: JDSchoey (760 in chips) 
Mahu2021: posts small blind 50
JDSchoey: posts big blind 100
*** HOLE CARDS ***
Dealt to Mahu2021 [4s Qh]
Mahu2021: folds 
Uncalled bet (50) returned to JDSchoey
JDSchoey collected 100 from pot
*** SUMMARY ***
Total pot 100 | Rake 0 
Seat 1: Mahu2021 (button) (small blind) folded before Flop
Seat 3: JDSchoey (big blind) collected (100)



PokerStars Hand #245473409105: Tournament #3633357644, $0.92+$0.08 USD Hold'em No Limit - Level VI (50/100) - 2023/08/19 11:12:07 CET [2023/08/19 5:12:07 ET]
Table '3633357644 1' 3-max Seat #3 is the button
Seat 1: Mahu2021 (690 in chips) 
Seat 3: JDSchoey (810 in chips) 
JDSchoey: posts small blind 50
Mahu2021: posts big blind 100
*** HOLE CARDS ***
Dealt to Mahu2021 [4h 9d]
JDSchoey: calls 50
Mahu2021: checks 
*** FLOP *** [As 8c Jd]
Mahu2021: checks 
JDSchoey: checks 
*** TURN *** [As 8c Jd] [6c]
Mahu2021: checks 
JDSchoey: bets 100
Mahu2021: folds 
Uncalled bet (100) returned to JDSchoey
JDSchoey collected 200 from pot
*** SUMMARY ***
Total pot 200 | Rake 0 
Board [As 8c Jd 6c]
Seat 1: Mahu2021 (big blind) folded on the Turn
Seat 3: JDSchoey (button) (small blind) collected (200)



PokerStars Hand #245473410632: Tournament #3633357644, $0.92+$0.08 USD Hold'em No Limit - Level VI (50/100) - 2023/08/19 11:12:18 CET [2023/08/19 5:12:18 ET]
Table '3633357644 1' 3-max Seat #1 is the button
Seat 1: Mahu2021 (590 in chips) 
Seat 3: JDSchoey (910 in chips) 
Mahu2021: posts small blind 50
JDSchoey: posts big blind 100
*** HOLE CARDS ***
Dealt to Mahu2021 [Ac Qs]
Mahu2021: calls 50
JDSchoey: checks 
*** FLOP *** [2d 5c 8s]
JDSchoey: checks 
Mahu2021: bets 490 and is all-in
JDSchoey: folds 
Uncalled bet (490) returned to Mahu2021
Mahu2021 collected 200 from pot
Mahu2021: doesn't show hand 
*** SUMMARY ***
Total pot 200 | Rake 0 
Board [2d 5c 8s]
Seat 1: Mahu2021 (button) (small blind) collected (200)
Seat 3: JDSchoey (big blind) folded on the Flop



PokerStars Hand #245473411969: Tournament #3633357644, $0.92+$0.08 USD Hold'em No Limit - Level VI (50/100) - 2023/08/19 11:12:28 CET [2023/08/19 5:12:28 ET]
Table '3633357644 1' 3-max Seat #3 is the button
Seat 1: Mahu2021 (690 in chips) 
Seat 3: JDSchoey (810 in chips) 
JDSchoey: posts small blind 50
Mahu2021: posts big blind 100
*** HOLE CARDS ***
Dealt to Mahu2021 [5d Jd]
JDSchoey: raises 100 to 200
Mahu2021: calls 100
*** FLOP *** [Ac 2c 5c]
Mahu2021: bets 490 and is all-in
JDSchoey: folds 
Uncalled bet (490) returned to Mahu2021
Mahu2021 collected 400 from pot
Mahu2021: doesn't show hand 
*** SUMMARY ***
Total pot 400 | Rake 0 
Board [Ac 2c 5c]
Seat 1: Mahu2021 (big blind) collected (400)
Seat 3: JDSchoey (button) (small blind) folded on the Flop



PokerStars Hand #245473413263: Tournament #3633357644, $0.92+$0.08 USD Hold'em No Limit - Level VI (50/100) - 2023/08/19 11:12:38 CET [2023/08/19 5:12:38 ET]
Table '3633357644 1' 3-max Seat #1 is the button
Seat 1: Mahu2021 (890 in chips) 
Seat 3: JDSchoey (610 in chips) 
Mahu2021: posts small blind 50
JDSchoey: posts big blind 100
*** HOLE CARDS ***
Dealt to Mahu2021 [Qs 7d]
Mahu2021: folds 
Uncalled bet (50) returned to JDSchoey
JDSchoey collected 100 from pot
*** SUMMARY ***
Total pot 100 | Rake 0 
Seat 1: Mahu2021 (button) (small blind) folded before Flop
Seat 3: JDSchoey (big blind) collected (100)



PokerStars Hand #245473413896: Tournament #3633357644, $0.92+$0.08 USD Hold'em No Limit - Level VI (50/100) - 2023/08/19 11:12:43 CET [2023/08/19 5:12:43 ET]
Table '3633357644 1' 3-max Seat #3 is the button
Seat 1: Mahu2021 (840 in chips) 
Seat 3: JDSchoey (660 in chips) 
JDSchoey: posts small blind 50
Mahu2021: posts big blind 100
*** HOLE CARDS ***
Dealt to Mahu2021 [5h Ah]
JDSchoey: calls 50
Mahu2021: raises 740 to 840 and is all-in
JDSchoey: folds 
Uncalled bet (740) returned to Mahu2021
Mahu2021 collected 200 from pot
Mahu2021: doesn't show hand 
*** SUMMARY ***
Total pot 200 | Rake 0 
Seat 1: Mahu2021 (big blind) collected (200)
Seat 3: JDSchoey (button) (small blind) folded before Flop



PokerStars Hand #245473414905: Tournament #3633357644, $0.92+$0.08 USD Hold'em No Limit - Level VI (50/100) - 2023/08/19 11:12:50 CET [2023/08/19 5:12:50 ET]
Table '3633357644 1' 3-max Seat #1 is the button
Seat 1: Mahu2021 (940 in chips) 
Seat 3: JDSchoey (560 in chips) 
Mahu2021: posts small blind 50
JDSchoey: posts big blind 100
*** HOLE CARDS ***
Dealt to Mahu2021 [6d As]
Mahu2021: calls 50
JDSchoey: raises 460 to 560 and is all-in
Mahu2021: calls 460
*** FLOP *** [2d Tc Th]
*** TURN *** [2d Tc Th] [2h]
*** RIVER *** [2d Tc Th 2h] [Qc]
*** SHOW DOWN ***
JDSchoey: shows [Ac 8c] (two pair, Tens and Deuces)
Mahu2021: shows [6d As] (two pair, Tens and Deuces)
JDSchoey collected 560 from pot
Mahu2021 collected 560 from pot
*** SUMMARY ***
Total pot 1120 | Rake 0 
Board [2d Tc Th 2h Qc]
Seat 1: Mahu2021 (button) (small blind) showed [6d As] and won (560) with two pair, Tens and Deuces
Seat 3: JDSchoey (big blind) showed [Ac 8c] and won (560) with two pair, Tens and Deuces



PokerStars Hand #245473417632: Tournament #3633357644, $0.92+$0.08 USD Hold'em No Limit - Level VII (60/120) - 2023/08/19 11:13:09 CET [2023/08/19 5:13:09 ET]
Table '3633357644 1' 3-max Seat #3 is the button
Seat 1: Mahu2021 (940 in chips) 
Seat 3: JDSchoey (560 in chips) 
JDSchoey: posts small blind 60
Mahu2021: posts big blind 120
*** HOLE CARDS ***
Dealt to Mahu2021 [7c 8h]
JDSchoey: folds 
Uncalled bet (60) returned to Mahu2021
Mahu2021 collected 120 from pot
Mahu2021: doesn't show hand 
*** SUMMARY ***
Total pot 120 | Rake 0 
Seat 1: Mahu2021 (big blind) collected (120)
Seat 3: JDSchoey (button) (small blind) folded before Flop



PokerStars Hand #245473418338: Tournament #3633357644, $0.92+$0.08 USD Hold'em No Limit - Level VII (60/120) - 2023/08/19 11:13:14 CET [2023/08/19 5:13:14 ET]
Table '3633357644 1' 3-max Seat #1 is the button
Seat 1: Mahu2021 (1000 in chips) 
Seat 3: JDSchoey (500 in chips) 
Mahu2021: posts small blind 60
JDSchoey: posts big blind 120
*** HOLE CARDS ***
Dealt to Mahu2021 [3s Ah]
Mahu2021: raises 880 to 1000 and is all-in
JDSchoey: folds 
Uncalled bet (880) returned to Mahu2021
Mahu2021 collected 240 from pot
Mahu2021: doesn't show hand 
*** SUMMARY ***
Total pot 240 | Rake 0 
Seat 1: Mahu2021 (button) (small blind) collected (240)
Seat 3: JDSchoey (big blind) folded before Flop



PokerStars Hand #245473419163: Tournament #3633357644, $0.92+$0.08 USD Hold'em No Limit - Level VII (60/120) - 2023/08/19 11:13:20 CET [2023/08/19 5:13:20 ET]
Table '3633357644 1' 3-max Seat #3 is the button
Seat 1: Mahu2021 (1120 in chips) 
Seat 3: JDSchoey (380 in chips) 
JDSchoey: posts small blind 60
Mahu2021: posts big blind 120
*** HOLE CARDS ***
Dealt to Mahu2021 [5s Jd]
JDSchoey: raises 260 to 380 and is all-in
Mahu2021: folds 
Uncalled bet (260) returned to JDSchoey
JDSchoey collected 240 from pot
*** SUMMARY ***
Total pot 240 | Rake 0 
Seat 1: Mahu2021 (big blind) folded before Flop
Seat 3: JDSchoey (button) (small blind) collected (240)



PokerStars Hand #245473420023: Tournament #3633357644, $0.92+$0.08 USD Hold'em No Limit - Level VII (60/120) - 2023/08/19 11:13:27 CET [2023/08/19 5:13:27 ET]
Table '3633357644 1' 3-max Seat #1 is the button
Seat 1: Mahu2021 (1000 in chips) 
Seat 3: JDSchoey (500 in chips) 
Mahu2021: posts small blind 60
JDSchoey: posts big blind 120
*** HOLE CARDS ***
Dealt to Mahu2021 [Ks 6d]
Mahu2021: raises 880 to 1000 and is all-in
JDSchoey: calls 380 and is all-in
Uncalled bet (500) returned to Mahu2021
*** FLOP *** [Qs 3s 5d]
*** TURN *** [Qs 3s 5d] [8c]
*** RIVER *** [Qs 3s 5d 8c] [2s]
*** SHOW DOWN ***
JDSchoey: shows [9h 4s] (high card Queen)
Mahu2021: shows [Ks 6d] (high card King)
Mahu2021 collected 1000 from pot
JDSchoey finished the tournament in 2nd place
Mahu2021 wins the tournament and receives $2.00 - congratulations!
*** SUMMARY ***
Total pot 1000 | Rake 0 
Board [Qs 3s 5d 8c 2s]
Seat 1: Mahu2021 (button) (small blind) showed [Ks 6d] and won (1000) with high card King
Seat 3: JDSchoey (big blind) showed [9h 4s] and lost with high card Queen



