PokerStars Hand #244375665870: Tournament #3606867718, $0.92+$0.08 USD Hold'em No Limit - Level I (10/20) - 2023/06/20 20:36:14 CET [2023/06/20 14:36:14 ET]
Table '3606867718 1' 3-max Seat #1 is the button
Seat 1: Mahu2021 (500 in chips) 
Seat 2: bisbosh (500 in chips) 
Seat 3: arnieddy92 (500 in chips) 
bisbosh: posts small blind 10
arnieddy92: posts big blind 20
*** HOLE CARDS ***
Dealt to Mahu2021 [9h 6s]
Mahu2021: folds 
bisbosh: calls 10
arnieddy92: checks 
*** FLOP *** [8s Tc 4s]
bisbosh: checks 
arnieddy92: checks 
*** TURN *** [8s Tc 4s] [Td]
bisbosh: checks 
arnieddy92: checks 
*** RIVER *** [8s Tc 4s Td] [Ad]
bisbosh: checks 
arnieddy92: checks 
*** SHOW DOWN ***
bisbosh: shows [Jh 5d] (a pair of Tens)
arnieddy92: mucks hand 
bisbosh collected 40 from pot
*** SUMMARY ***
Total pot 40 | Rake 0 
Board [8s Tc 4s Td Ad]
Seat 1: Mahu2021 (button) folded before Flop (didn't bet)
Seat 2: bisbosh (small blind) showed [Jh 5d] and won (40) with a pair of Tens
Seat 3: arnieddy92 (big blind) mucked [9d 5c]



PokerStars Hand #244375669915: Tournament #3606867718, $0.92+$0.08 USD Hold'em No Limit - Level I (10/20) - 2023/06/20 20:36:28 CET [2023/06/20 14:36:28 ET]
Table '3606867718 1' 3-max Seat #2 is the button
Seat 1: Mahu2021 (500 in chips) 
Seat 2: bisbosh (520 in chips) 
Seat 3: arnieddy92 (480 in chips) 
arnieddy92: posts small blind 10
Mahu2021: posts big blind 20
*** HOLE CARDS ***
Dealt to Mahu2021 [5d 6d]
bisbosh: raises 50 to 70
arnieddy92: calls 60
Mahu2021: folds 
*** FLOP *** [9s 7c 8c]
arnieddy92: checks 
bisbosh: checks 
*** TURN *** [9s 7c 8c] [Ac]
arnieddy92: checks 
bisbosh: bets 160
arnieddy92: folds 
Uncalled bet (160) returned to bisbosh
bisbosh collected 160 from pot
*** SUMMARY ***
Total pot 160 | Rake 0 
Board [9s 7c 8c Ac]
Seat 1: Mahu2021 (big blind) folded before Flop
Seat 2: bisbosh (button) collected (160)
Seat 3: arnieddy92 (small blind) folded on the Turn



PokerStars Hand #244375675359: Tournament #3606867718, $0.92+$0.08 USD Hold'em No Limit - Level I (10/20) - 2023/06/20 20:36:46 CET [2023/06/20 14:36:46 ET]
Table '3606867718 1' 3-max Seat #3 is the button
Seat 1: Mahu2021 (480 in chips) 
Seat 2: bisbosh (610 in chips) 
Seat 3: arnieddy92 (410 in chips) 
Mahu2021: posts small blind 10
bisbosh: posts big blind 20
*** HOLE CARDS ***
Dealt to Mahu2021 [2d 9h]
arnieddy92: calls 20
Mahu2021: folds 
bisbosh: checks 
*** FLOP *** [As Qd 4s]
bisbosh: checks 
arnieddy92: checks 
*** TURN *** [As Qd 4s] [9c]
bisbosh: checks 
arnieddy92: checks 
*** RIVER *** [As Qd 4s 9c] [5s]
bisbosh: checks 
arnieddy92: bets 20
bisbosh: folds 
Uncalled bet (20) returned to arnieddy92
arnieddy92 collected 50 from pot
*** SUMMARY ***
Total pot 50 | Rake 0 
Board [As Qd 4s 9c 5s]
Seat 1: Mahu2021 (small blind) folded before Flop
Seat 2: bisbosh (big blind) folded on the River
Seat 3: arnieddy92 (button) collected (50)



PokerStars Hand #244375681817: Tournament #3606867718, $0.92+$0.08 USD Hold'em No Limit - Level I (10/20) - 2023/06/20 20:37:07 CET [2023/06/20 14:37:07 ET]
Table '3606867718 1' 3-max Seat #1 is the button
Seat 1: Mahu2021 (470 in chips) 
Seat 2: bisbosh (590 in chips) 
Seat 3: arnieddy92 (440 in chips) 
bisbosh: posts small blind 10
arnieddy92: posts big blind 20
*** HOLE CARDS ***
Dealt to Mahu2021 [5s 4h]
Mahu2021: folds 
bisbosh: calls 10
arnieddy92: checks 
*** FLOP *** [2d 3h Qh]
bisbosh: checks 
arnieddy92: checks 
*** TURN *** [2d 3h Qh] [Ac]
bisbosh: checks 
arnieddy92: checks 
*** RIVER *** [2d 3h Qh Ac] [Ah]
bisbosh: bets 40
arnieddy92: folds 
Uncalled bet (40) returned to bisbosh
bisbosh collected 40 from pot
*** SUMMARY ***
Total pot 40 | Rake 0 
Board [2d 3h Qh Ac Ah]
Seat 1: Mahu2021 (button) folded before Flop (didn't bet)
Seat 2: bisbosh (small blind) collected (40)
Seat 3: arnieddy92 (big blind) folded on the River



PokerStars Hand #244375687723: Tournament #3606867718, $0.92+$0.08 USD Hold'em No Limit - Level I (10/20) - 2023/06/20 20:37:27 CET [2023/06/20 14:37:27 ET]
Table '3606867718 1' 3-max Seat #2 is the button
Seat 1: Mahu2021 (470 in chips) 
Seat 2: bisbosh (610 in chips) 
Seat 3: arnieddy92 (420 in chips) 
arnieddy92: posts small blind 10
Mahu2021: posts big blind 20
*** HOLE CARDS ***
Dealt to Mahu2021 [7s Ks]
bisbosh: calls 20
arnieddy92: calls 10
Mahu2021: checks 
*** FLOP *** [Kc 8c 3h]
arnieddy92: checks 
Mahu2021: bets 20
bisbosh: calls 20
arnieddy92: calls 20
*** TURN *** [Kc 8c 3h] [Qc]
arnieddy92: checks 
Mahu2021: bets 20
bisbosh: calls 20
arnieddy92: calls 20
*** RIVER *** [Kc 8c 3h Qc] [2d]
arnieddy92: checks 
Mahu2021: bets 20
bisbosh: folds 
arnieddy92: folds 
Uncalled bet (20) returned to Mahu2021
Mahu2021 collected 180 from pot
Mahu2021: doesn't show hand 
*** SUMMARY ***
Total pot 180 | Rake 0 
Board [Kc 8c 3h Qc 2d]
Seat 1: Mahu2021 (big blind) collected (180)
Seat 2: bisbosh (button) folded on the River
Seat 3: arnieddy92 (small blind) folded on the River



PokerStars Hand #244375695119: Tournament #3606867718, $0.92+$0.08 USD Hold'em No Limit - Level I (10/20) - 2023/06/20 20:37:52 CET [2023/06/20 14:37:52 ET]
Table '3606867718 1' 3-max Seat #3 is the button
Seat 1: Mahu2021 (590 in chips) 
Seat 2: bisbosh (550 in chips) 
Seat 3: arnieddy92 (360 in chips) 
Mahu2021: posts small blind 10
bisbosh: posts big blind 20
*** HOLE CARDS ***
Dealt to Mahu2021 [7h Kd]
arnieddy92: calls 20
Mahu2021: calls 10
bisbosh: checks 
*** FLOP *** [Qd 2d 2c]
Mahu2021: checks 
bisbosh: bets 60
arnieddy92: folds 
Mahu2021: folds 
Uncalled bet (60) returned to bisbosh
bisbosh collected 60 from pot
*** SUMMARY ***
Total pot 60 | Rake 0 
Board [Qd 2d 2c]
Seat 1: Mahu2021 (small blind) folded on the Flop
Seat 2: bisbosh (big blind) collected (60)
Seat 3: arnieddy92 (button) folded on the Flop



PokerStars Hand #244375698684: Tournament #3606867718, $0.92+$0.08 USD Hold'em No Limit - Level I (10/20) - 2023/06/20 20:38:04 CET [2023/06/20 14:38:04 ET]
Table '3606867718 1' 3-max Seat #1 is the button
Seat 1: Mahu2021 (570 in chips) 
Seat 2: bisbosh (590 in chips) 
Seat 3: arnieddy92 (340 in chips) 
bisbosh: posts small blind 10
arnieddy92: posts big blind 20
*** HOLE CARDS ***
Dealt to Mahu2021 [7d 5c]
Mahu2021: folds 
bisbosh: raises 40 to 60
arnieddy92: calls 40
*** FLOP *** [Jd 6h Jc]
bisbosh: bets 120
arnieddy92: folds 
Uncalled bet (120) returned to bisbosh
bisbosh collected 120 from pot
*** SUMMARY ***
Total pot 120 | Rake 0 
Board [Jd 6h Jc]
Seat 1: Mahu2021 (button) folded before Flop (didn't bet)
Seat 2: bisbosh (small blind) collected (120)
Seat 3: arnieddy92 (big blind) folded on the Flop



PokerStars Hand #244375702024: Tournament #3606867718, $0.92+$0.08 USD Hold'em No Limit - Level I (10/20) - 2023/06/20 20:38:16 CET [2023/06/20 14:38:16 ET]
Table '3606867718 1' 3-max Seat #2 is the button
Seat 1: Mahu2021 (570 in chips) 
Seat 2: bisbosh (650 in chips) 
Seat 3: arnieddy92 (280 in chips) 
arnieddy92: posts small blind 10
Mahu2021: posts big blind 20
*** HOLE CARDS ***
Dealt to Mahu2021 [8s Tc]
bisbosh: calls 20
arnieddy92: calls 10
Mahu2021: checks 
*** FLOP *** [2s Ac 9c]
arnieddy92: checks 
Mahu2021: checks 
bisbosh: bets 60
arnieddy92: folds 
Mahu2021: folds 
Uncalled bet (60) returned to bisbosh
bisbosh collected 60 from pot
*** SUMMARY ***
Total pot 60 | Rake 0 
Board [2s Ac 9c]
Seat 1: Mahu2021 (big blind) folded on the Flop
Seat 2: bisbosh (button) collected (60)
Seat 3: arnieddy92 (small blind) folded on the Flop



PokerStars Hand #244375705863: Tournament #3606867718, $0.92+$0.08 USD Hold'em No Limit - Level I (10/20) - 2023/06/20 20:38:29 CET [2023/06/20 14:38:29 ET]
Table '3606867718 1' 3-max Seat #3 is the button
Seat 1: Mahu2021 (550 in chips) 
Seat 2: bisbosh (690 in chips) 
Seat 3: arnieddy92 (260 in chips) 
Mahu2021: posts small blind 10
bisbosh: posts big blind 20
*** HOLE CARDS ***
Dealt to Mahu2021 [2c 8h]
arnieddy92: calls 20
Mahu2021: folds 
bisbosh: checks 
*** FLOP *** [Ad 7h Ts]
bisbosh: checks 
arnieddy92: checks 
*** TURN *** [Ad 7h Ts] [8c]
bisbosh: checks 
arnieddy92: checks 
*** RIVER *** [Ad 7h Ts 8c] [3s]
bisbosh: checks 
arnieddy92: checks 
*** SHOW DOWN ***
bisbosh: shows [9d 5s] (high card Ace)
arnieddy92: shows [4d 4h] (a pair of Fours)
arnieddy92 collected 50 from pot
*** SUMMARY ***
Total pot 50 | Rake 0 
Board [Ad 7h Ts 8c 3s]
Seat 1: Mahu2021 (small blind) folded before Flop
Seat 2: bisbosh (big blind) showed [9d 5s] and lost with high card Ace
Seat 3: arnieddy92 (button) showed [4d 4h] and won (50) with a pair of Fours



PokerStars Hand #244375712363: Tournament #3606867718, $0.92+$0.08 USD Hold'em No Limit - Level I (10/20) - 2023/06/20 20:38:51 CET [2023/06/20 14:38:51 ET]
Table '3606867718 1' 3-max Seat #1 is the button
Seat 1: Mahu2021 (540 in chips) 
Seat 2: bisbosh (670 in chips) 
Seat 3: arnieddy92 (290 in chips) 
bisbosh: posts small blind 10
arnieddy92: posts big blind 20
*** HOLE CARDS ***
Dealt to Mahu2021 [2d Ac]
Mahu2021: calls 20
bisbosh: calls 10
arnieddy92: checks 
*** FLOP *** [Ad 3s 6d]
bisbosh: checks 
arnieddy92: checks 
Mahu2021: bets 20
bisbosh: calls 20
arnieddy92: folds 
*** TURN *** [Ad 3s 6d] [Kh]
bisbosh: checks 
Mahu2021: bets 20
bisbosh: calls 20
*** RIVER *** [Ad 3s 6d Kh] [As]
bisbosh: checks 
Mahu2021: bets 140
bisbosh: folds 
Uncalled bet (140) returned to Mahu2021
Mahu2021 collected 140 from pot
Mahu2021: doesn't show hand 
*** SUMMARY ***
Total pot 140 | Rake 0 
Board [Ad 3s 6d Kh As]
Seat 1: Mahu2021 (button) collected (140)
Seat 2: bisbosh (small blind) folded on the River
Seat 3: arnieddy92 (big blind) folded on the Flop



PokerStars Hand #244375721099: Tournament #3606867718, $0.92+$0.08 USD Hold'em No Limit - Level II (15/30) - 2023/06/20 20:39:20 CET [2023/06/20 14:39:20 ET]
Table '3606867718 1' 3-max Seat #2 is the button
Seat 1: Mahu2021 (620 in chips) 
Seat 2: bisbosh (610 in chips) 
Seat 3: arnieddy92 (270 in chips) 
arnieddy92: posts small blind 15
Mahu2021: posts big blind 30
*** HOLE CARDS ***
Dealt to Mahu2021 [7s 7c]
bisbosh: folds 
arnieddy92: calls 15
Mahu2021: raises 590 to 620 and is all-in
arnieddy92: folds 
Uncalled bet (590) returned to Mahu2021
Mahu2021 collected 60 from pot
Mahu2021: doesn't show hand 
*** SUMMARY ***
Total pot 60 | Rake 0 
Seat 1: Mahu2021 (big blind) collected (60)
Seat 2: bisbosh (button) folded before Flop (didn't bet)
Seat 3: arnieddy92 (small blind) folded before Flop



PokerStars Hand #244375723509: Tournament #3606867718, $0.92+$0.08 USD Hold'em No Limit - Level II (15/30) - 2023/06/20 20:39:29 CET [2023/06/20 14:39:29 ET]
Table '3606867718 1' 3-max Seat #3 is the button
Seat 1: Mahu2021 (650 in chips) 
Seat 2: bisbosh (610 in chips) 
Seat 3: arnieddy92 (240 in chips) 
Mahu2021: posts small blind 15
bisbosh: posts big blind 30
*** HOLE CARDS ***
Dealt to Mahu2021 [2d 2s]
arnieddy92: calls 30
Mahu2021: calls 15
bisbosh: raises 90 to 120
arnieddy92: calls 90
Mahu2021: folds 
*** FLOP *** [5s 9h 7s]
bisbosh: bets 270
arnieddy92: folds 
Uncalled bet (270) returned to bisbosh
bisbosh collected 270 from pot
*** SUMMARY ***
Total pot 270 | Rake 0 
Board [5s 9h 7s]
Seat 1: Mahu2021 (small blind) folded before Flop
Seat 2: bisbosh (big blind) collected (270)
Seat 3: arnieddy92 (button) folded on the Flop



PokerStars Hand #244375727789: Tournament #3606867718, $0.92+$0.08 USD Hold'em No Limit - Level II (15/30) - 2023/06/20 20:39:43 CET [2023/06/20 14:39:43 ET]
Table '3606867718 1' 3-max Seat #1 is the button
Seat 1: Mahu2021 (620 in chips) 
Seat 2: bisbosh (760 in chips) 
Seat 3: arnieddy92 (120 in chips) 
bisbosh: posts small blind 15
arnieddy92: posts big blind 30
*** HOLE CARDS ***
Dealt to Mahu2021 [Js 6s]
Mahu2021: folds 
bisbosh: calls 15
arnieddy92: checks 
*** FLOP *** [6d Kh As]
bisbosh: checks 
arnieddy92: checks 
*** TURN *** [6d Kh As] [Td]
bisbosh: bets 30
arnieddy92: calls 30
*** RIVER *** [6d Kh As Td] [7h]
bisbosh: bets 120
arnieddy92: calls 60 and is all-in
Uncalled bet (60) returned to bisbosh
*** SHOW DOWN ***
bisbosh: shows [Tc 7s] (two pair, Tens and Sevens)
arnieddy92: shows [Jc Qs] (a straight, Ten to Ace)
arnieddy92 collected 240 from pot
*** SUMMARY ***
Total pot 240 | Rake 0 
Board [6d Kh As Td 7h]
Seat 1: Mahu2021 (button) folded before Flop (didn't bet)
Seat 2: bisbosh (small blind) showed [Tc 7s] and lost with two pair, Tens and Sevens
Seat 3: arnieddy92 (big blind) showed [Jc Qs] and won (240) with a straight, Ten to Ace



PokerStars Hand #244375733535: Tournament #3606867718, $0.92+$0.08 USD Hold'em No Limit - Level II (15/30) - 2023/06/20 20:40:02 CET [2023/06/20 14:40:02 ET]
Table '3606867718 1' 3-max Seat #2 is the button
Seat 1: Mahu2021 (620 in chips) 
Seat 2: bisbosh (640 in chips) 
Seat 3: arnieddy92 (240 in chips) 
arnieddy92: posts small blind 15
Mahu2021: posts big blind 30
*** HOLE CARDS ***
Dealt to Mahu2021 [9h 3c]
bisbosh: calls 30
arnieddy92: calls 15
Mahu2021: checks 
*** FLOP *** [6h 8s Qh]
arnieddy92: checks 
Mahu2021: checks 
bisbosh: checks 
*** TURN *** [6h 8s Qh] [9d]
arnieddy92: checks 
Mahu2021: bets 30
bisbosh: folds 
arnieddy92: calls 30
*** RIVER *** [6h 8s Qh 9d] [Jc]
arnieddy92: checks 
Mahu2021: checks 
*** SHOW DOWN ***
arnieddy92: shows [4d 7h] (high card Queen)
Mahu2021: shows [9h 3c] (a pair of Nines)
Mahu2021 collected 150 from pot
*** SUMMARY ***
Total pot 150 | Rake 0 
Board [6h 8s Qh 9d Jc]
Seat 1: Mahu2021 (big blind) showed [9h 3c] and won (150) with a pair of Nines
Seat 2: bisbosh (button) folded on the Turn
Seat 3: arnieddy92 (small blind) showed [4d 7h] and lost with high card Queen



PokerStars Hand #244375739523: Tournament #3606867718, $0.92+$0.08 USD Hold'em No Limit - Level II (15/30) - 2023/06/20 20:40:22 CET [2023/06/20 14:40:22 ET]
Table '3606867718 1' 3-max Seat #3 is the button
Seat 1: Mahu2021 (710 in chips) 
Seat 2: bisbosh (610 in chips) 
Seat 3: arnieddy92 (180 in chips) 
Mahu2021: posts small blind 15
bisbosh: posts big blind 30
*** HOLE CARDS ***
Dealt to Mahu2021 [Kh 2d]
arnieddy92: calls 30
Mahu2021: folds 
bisbosh: checks 
*** FLOP *** [6h Jd 4s]
bisbosh: bets 75
arnieddy92: calls 75
*** TURN *** [6h Jd 4s] [Jc]
bisbosh: bets 225
arnieddy92: calls 75 and is all-in
Uncalled bet (150) returned to bisbosh
*** RIVER *** [6h Jd 4s Jc] [9h]
*** SHOW DOWN ***
bisbosh: shows [4d Jh] (a full house, Jacks full of Fours)
arnieddy92: shows [4c Ks] (two pair, Jacks and Fours)
bisbosh collected 375 from pot
arnieddy92 finished the tournament in 3rd place
*** SUMMARY ***
Total pot 375 | Rake 0 
Board [6h Jd 4s Jc 9h]
Seat 1: Mahu2021 (small blind) folded before Flop
Seat 2: bisbosh (big blind) showed [4d Jh] and won (375) with a full house, Jacks full of Fours
Seat 3: arnieddy92 (button) showed [4c Ks] and lost with two pair, Jacks and Fours



PokerStars Hand #244375745509: Tournament #3606867718, $0.92+$0.08 USD Hold'em No Limit - Level II (15/30) - 2023/06/20 20:40:42 CET [2023/06/20 14:40:42 ET]
Table '3606867718 1' 3-max Seat #2 is the button
Seat 1: Mahu2021 (695 in chips) 
Seat 2: bisbosh (805 in chips) 
bisbosh: posts small blind 15
Mahu2021: posts big blind 30
*** HOLE CARDS ***
Dealt to Mahu2021 [7c Ts]
bisbosh: raises 60 to 90
Mahu2021: folds 
Uncalled bet (60) returned to bisbosh
bisbosh collected 60 from pot
*** SUMMARY ***
Total pot 60 | Rake 0 
Seat 1: Mahu2021 (big blind) folded before Flop
Seat 2: bisbosh (button) (small blind) collected (60)



PokerStars Hand #244375747199: Tournament #3606867718, $0.92+$0.08 USD Hold'em No Limit - Level II (15/30) - 2023/06/20 20:40:48 CET [2023/06/20 14:40:48 ET]
Table '3606867718 1' 3-max Seat #1 is the button
Seat 1: Mahu2021 (665 in chips) 
Seat 2: bisbosh (835 in chips) 
Mahu2021: posts small blind 15
bisbosh: posts big blind 30
*** HOLE CARDS ***
Dealt to Mahu2021 [5h 9h]
Mahu2021: calls 15
bisbosh: checks 
*** FLOP *** [4c Ad Jh]
bisbosh: checks 
Mahu2021: checks 
*** TURN *** [4c Ad Jh] [5d]
bisbosh: checks 
Mahu2021: bets 30
bisbosh: calls 30
*** RIVER *** [4c Ad Jh 5d] [2h]
bisbosh: checks 
Mahu2021: checks 
*** SHOW DOWN ***
bisbosh: shows [7h 6s] (high card Ace)
Mahu2021: shows [5h 9h] (a pair of Fives)
Mahu2021 collected 120 from pot
*** SUMMARY ***
Total pot 120 | Rake 0 
Board [4c Ad Jh 5d 2h]
Seat 1: Mahu2021 (button) (small blind) showed [5h 9h] and won (120) with a pair of Fives
Seat 2: bisbosh (big blind) showed [7h 6s] and lost with high card Ace



PokerStars Hand #244375752252: Tournament #3606867718, $0.92+$0.08 USD Hold'em No Limit - Level II (15/30) - 2023/06/20 20:41:05 CET [2023/06/20 14:41:05 ET]
Table '3606867718 1' 3-max Seat #2 is the button
Seat 1: Mahu2021 (725 in chips) 
Seat 2: bisbosh (775 in chips) 
bisbosh: posts small blind 15
Mahu2021: posts big blind 30
*** HOLE CARDS ***
Dealt to Mahu2021 [Kc 9d]
bisbosh: calls 15
Mahu2021: checks 
*** FLOP *** [9c 9h 5c]
Mahu2021: checks 
bisbosh: bets 60
Mahu2021: calls 60
*** TURN *** [9c 9h 5c] [2h]
Mahu2021: checks 
bisbosh: bets 180
Mahu2021: raises 455 to 635 and is all-in
bisbosh: folds 
Uncalled bet (455) returned to Mahu2021
Mahu2021 collected 540 from pot
Mahu2021: doesn't show hand 
*** SUMMARY ***
Total pot 540 | Rake 0 
Board [9c 9h 5c 2h]
Seat 1: Mahu2021 (big blind) collected (540)
Seat 2: bisbosh (button) (small blind) folded on the Turn



PokerStars Hand #244375757769: Tournament #3606867718, $0.92+$0.08 USD Hold'em No Limit - Level II (15/30) - 2023/06/20 20:41:24 CET [2023/06/20 14:41:24 ET]
Table '3606867718 1' 3-max Seat #1 is the button
Seat 1: Mahu2021 (995 in chips) 
Seat 2: bisbosh (505 in chips) 
Mahu2021: posts small blind 15
bisbosh: posts big blind 30
*** HOLE CARDS ***
Dealt to Mahu2021 [Ks 2c]
Mahu2021: folds 
Uncalled bet (15) returned to bisbosh
bisbosh collected 30 from pot
*** SUMMARY ***
Total pot 30 | Rake 0 
Seat 1: Mahu2021 (button) (small blind) folded before Flop
Seat 2: bisbosh (big blind) collected (30)



PokerStars Hand #244375759213: Tournament #3606867718, $0.92+$0.08 USD Hold'em No Limit - Level II (15/30) - 2023/06/20 20:41:28 CET [2023/06/20 14:41:28 ET]
Table '3606867718 1' 3-max Seat #2 is the button
Seat 1: Mahu2021 (980 in chips) 
Seat 2: bisbosh (520 in chips) 
bisbosh: posts small blind 15
Mahu2021: posts big blind 30
*** HOLE CARDS ***
Dealt to Mahu2021 [5d Ts]
bisbosh: raises 60 to 90
Mahu2021: folds 
Uncalled bet (60) returned to bisbosh
bisbosh collected 60 from pot
*** SUMMARY ***
Total pot 60 | Rake 0 
Seat 1: Mahu2021 (big blind) folded before Flop
Seat 2: bisbosh (button) (small blind) collected (60)



PokerStars Hand #244375760975: Tournament #3606867718, $0.92+$0.08 USD Hold'em No Limit - Level II (15/30) - 2023/06/20 20:41:34 CET [2023/06/20 14:41:34 ET]
Table '3606867718 1' 3-max Seat #1 is the button
Seat 1: Mahu2021 (950 in chips) 
Seat 2: bisbosh (550 in chips) 
Mahu2021: posts small blind 15
bisbosh: posts big blind 30
*** HOLE CARDS ***
Dealt to Mahu2021 [6h 5s]
Mahu2021: calls 15
bisbosh: raises 60 to 90
Mahu2021: calls 60
*** FLOP *** [Kc Qc Ah]
bisbosh: bets 180
Mahu2021: folds 
Uncalled bet (180) returned to bisbosh
bisbosh collected 180 from pot
*** SUMMARY ***
Total pot 180 | Rake 0 
Board [Kc Qc Ah]
Seat 1: Mahu2021 (button) (small blind) folded on the Flop
Seat 2: bisbosh (big blind) collected (180)



PokerStars Hand #244375764138: Tournament #3606867718, $0.92+$0.08 USD Hold'em No Limit - Level II (15/30) - 2023/06/20 20:41:45 CET [2023/06/20 14:41:45 ET]
Table '3606867718 1' 3-max Seat #2 is the button
Seat 1: Mahu2021 (860 in chips) 
Seat 2: bisbosh (640 in chips) 
bisbosh: posts small blind 15
Mahu2021: posts big blind 30
*** HOLE CARDS ***
Dealt to Mahu2021 [Kc 9h]
bisbosh: calls 15
Mahu2021: checks 
*** FLOP *** [8c Ac Ts]
Mahu2021: checks 
bisbosh: bets 30
Mahu2021: calls 30
*** TURN *** [8c Ac Ts] [3c]
Mahu2021: checks 
bisbosh: bets 120
Mahu2021: calls 120
*** RIVER *** [8c Ac Ts 3c] [Ks]
Mahu2021: checks 
bisbosh: checks 
*** SHOW DOWN ***
Mahu2021: shows [Kc 9h] (a pair of Kings)
bisbosh: mucks hand 
Mahu2021 collected 360 from pot
*** SUMMARY ***
Total pot 360 | Rake 0 
Board [8c Ac Ts 3c Ks]
Seat 1: Mahu2021 (big blind) showed [Kc 9h] and won (360) with a pair of Kings
Seat 2: bisbosh (button) (small blind) mucked [Qs 6c]



PokerStars Hand #244375769665: Tournament #3606867718, $0.92+$0.08 USD Hold'em No Limit - Level II (15/30) - 2023/06/20 20:42:04 CET [2023/06/20 14:42:04 ET]
Table '3606867718 1' 3-max Seat #1 is the button
Seat 1: Mahu2021 (1040 in chips) 
Seat 2: bisbosh (460 in chips) 
Mahu2021: posts small blind 15
bisbosh: posts big blind 30
*** HOLE CARDS ***
Dealt to Mahu2021 [Td 6d]
Mahu2021: calls 15
bisbosh: raises 60 to 90
Mahu2021: calls 60
*** FLOP *** [2h Js 5s]
bisbosh: bets 180
Mahu2021: folds 
Uncalled bet (180) returned to bisbosh
bisbosh collected 180 from pot
*** SUMMARY ***
Total pot 180 | Rake 0 
Board [2h Js 5s]
Seat 1: Mahu2021 (button) (small blind) folded on the Flop
Seat 2: bisbosh (big blind) collected (180)



PokerStars Hand #244375772848: Tournament #3606867718, $0.92+$0.08 USD Hold'em No Limit - Level II (15/30) - 2023/06/20 20:42:14 CET [2023/06/20 14:42:14 ET]
Table '3606867718 1' 3-max Seat #2 is the button
Seat 1: Mahu2021 (950 in chips) 
Seat 2: bisbosh (550 in chips) 
bisbosh: posts small blind 15
Mahu2021: posts big blind 30
*** HOLE CARDS ***
Dealt to Mahu2021 [Td Jh]
bisbosh: raises 90 to 120
Mahu2021: calls 90
*** FLOP *** [3h 5d 8c]
Mahu2021: bets 830 and is all-in
bisbosh: calls 430 and is all-in
Uncalled bet (400) returned to Mahu2021
*** TURN *** [3h 5d 8c] [7d]
*** RIVER *** [3h 5d 8c 7d] [Ks]
*** SHOW DOWN ***
Mahu2021: shows [Td Jh] (high card King)
bisbosh: shows [7c Qh] (a pair of Sevens)
bisbosh collected 1100 from pot
*** SUMMARY ***
Total pot 1100 | Rake 0 
Board [3h 5d 8c 7d Ks]
Seat 1: Mahu2021 (big blind) showed [Td Jh] and lost with high card King
Seat 2: bisbosh (button) (small blind) showed [7c Qh] and won (1100) with a pair of Sevens



PokerStars Hand #244375778223: Tournament #3606867718, $0.92+$0.08 USD Hold'em No Limit - Level III (20/40) - 2023/06/20 20:42:32 CET [2023/06/20 14:42:32 ET]
Table '3606867718 1' 3-max Seat #1 is the button
Seat 1: Mahu2021 (400 in chips) 
Seat 2: bisbosh (1100 in chips) 
Mahu2021: posts small blind 20
bisbosh: posts big blind 40
*** HOLE CARDS ***
Dealt to Mahu2021 [Kd 7d]
Mahu2021: raises 360 to 400 and is all-in
bisbosh: folds 
Uncalled bet (360) returned to Mahu2021
Mahu2021 collected 80 from pot
Mahu2021: doesn't show hand 
*** SUMMARY ***
Total pot 80 | Rake 0 
Seat 1: Mahu2021 (button) (small blind) collected (80)
Seat 2: bisbosh (big blind) folded before Flop



PokerStars Hand #244375780103: Tournament #3606867718, $0.92+$0.08 USD Hold'em No Limit - Level III (20/40) - 2023/06/20 20:42:39 CET [2023/06/20 14:42:39 ET]
Table '3606867718 1' 3-max Seat #2 is the button
Seat 1: Mahu2021 (440 in chips) 
Seat 2: bisbosh (1060 in chips) 
bisbosh: posts small blind 20
Mahu2021: posts big blind 40
*** HOLE CARDS ***
Dealt to Mahu2021 [Ac Kd]
bisbosh: raises 80 to 120
Mahu2021: raises 320 to 440 and is all-in
bisbosh: calls 320
*** FLOP *** [9d 6s 7h]
*** TURN *** [9d 6s 7h] [5d]
*** RIVER *** [9d 6s 7h 5d] [6h]
*** SHOW DOWN ***
Mahu2021: shows [Ac Kd] (a pair of Sixes)
bisbosh: shows [Kh Jd] (a pair of Sixes - lower kicker)
Mahu2021 collected 880 from pot
*** SUMMARY ***
Total pot 880 | Rake 0 
Board [9d 6s 7h 5d 6h]
Seat 1: Mahu2021 (big blind) showed [Ac Kd] and won (880) with a pair of Sixes
Seat 2: bisbosh (button) (small blind) showed [Kh Jd] and lost with a pair of Sixes



PokerStars Hand #244375784298: Tournament #3606867718, $0.92+$0.08 USD Hold'em No Limit - Level III (20/40) - 2023/06/20 20:42:53 CET [2023/06/20 14:42:53 ET]
Table '3606867718 1' 3-max Seat #1 is the button
Seat 1: Mahu2021 (880 in chips) 
Seat 2: bisbosh (620 in chips) 
Mahu2021: posts small blind 20
bisbosh: posts big blind 40
*** HOLE CARDS ***
Dealt to Mahu2021 [7h 9d]
Mahu2021: folds 
Uncalled bet (20) returned to bisbosh
bisbosh collected 40 from pot
*** SUMMARY ***
Total pot 40 | Rake 0 
Seat 1: Mahu2021 (button) (small blind) folded before Flop
Seat 2: bisbosh (big blind) collected (40)



PokerStars Hand #244375785616: Tournament #3606867718, $0.92+$0.08 USD Hold'em No Limit - Level III (20/40) - 2023/06/20 20:42:58 CET [2023/06/20 14:42:58 ET]
Table '3606867718 1' 3-max Seat #2 is the button
Seat 1: Mahu2021 (860 in chips) 
Seat 2: bisbosh (640 in chips) 
bisbosh: posts small blind 20
Mahu2021: posts big blind 40
*** HOLE CARDS ***
Dealt to Mahu2021 [Kc Ts]
bisbosh: raises 80 to 120
Mahu2021: raises 740 to 860 and is all-in
bisbosh: calls 520 and is all-in
Uncalled bet (220) returned to Mahu2021
*** FLOP *** [6d 2h Kh]
*** TURN *** [6d 2h Kh] [Js]
*** RIVER *** [6d 2h Kh Js] [Ad]
*** SHOW DOWN ***
Mahu2021: shows [Kc Ts] (a pair of Kings)
bisbosh: shows [Ah Jd] (two pair, Aces and Jacks)
bisbosh collected 1280 from pot
*** SUMMARY ***
Total pot 1280 | Rake 0 
Board [6d 2h Kh Js Ad]
Seat 1: Mahu2021 (big blind) showed [Kc Ts] and lost with a pair of Kings
Seat 2: bisbosh (button) (small blind) showed [Ah Jd] and won (1280) with two pair, Aces and Jacks



PokerStars Hand #244375789587: Tournament #3606867718, $0.92+$0.08 USD Hold'em No Limit - Level III (20/40) - 2023/06/20 20:43:11 CET [2023/06/20 14:43:11 ET]
Table '3606867718 1' 3-max Seat #1 is the button
Seat 1: Mahu2021 (220 in chips) 
Seat 2: bisbosh (1280 in chips) 
Mahu2021: posts small blind 20
bisbosh: posts big blind 40
*** HOLE CARDS ***
Dealt to Mahu2021 [4c 5d]
Mahu2021: folds 
Uncalled bet (20) returned to bisbosh
bisbosh collected 40 from pot
*** SUMMARY ***
Total pot 40 | Rake 0 
Seat 1: Mahu2021 (button) (small blind) folded before Flop
Seat 2: bisbosh (big blind) collected (40)



PokerStars Hand #244375791001: Tournament #3606867718, $0.92+$0.08 USD Hold'em No Limit - Level III (20/40) - 2023/06/20 20:43:16 CET [2023/06/20 14:43:16 ET]
Table '3606867718 1' 3-max Seat #2 is the button
Seat 1: Mahu2021 (200 in chips) 
Seat 2: bisbosh (1300 in chips) 
bisbosh: posts small blind 20
Mahu2021: posts big blind 40
*** HOLE CARDS ***
Dealt to Mahu2021 [Td Js]
bisbosh: calls 20
Mahu2021: raises 160 to 200 and is all-in
bisbosh: calls 160
*** FLOP *** [9c Qd Jh]
*** TURN *** [9c Qd Jh] [Jc]
*** RIVER *** [9c Qd Jh Jc] [7s]
*** SHOW DOWN ***
Mahu2021: shows [Td Js] (three of a kind, Jacks)
bisbosh: shows [5c 4c] (a pair of Jacks)
Mahu2021 collected 400 from pot
*** SUMMARY ***
Total pot 400 | Rake 0 
Board [9c Qd Jh Jc 7s]
Seat 1: Mahu2021 (big blind) showed [Td Js] and won (400) with three of a kind, Jacks
Seat 2: bisbosh (button) (small blind) showed [5c 4c] and lost with a pair of Jacks



PokerStars Hand #244375794893: Tournament #3606867718, $0.92+$0.08 USD Hold'em No Limit - Level III (20/40) - 2023/06/20 20:43:29 CET [2023/06/20 14:43:29 ET]
Table '3606867718 1' 3-max Seat #1 is the button
Seat 1: Mahu2021 (400 in chips) 
Seat 2: bisbosh (1100 in chips) 
Mahu2021: posts small blind 20
bisbosh: posts big blind 40
*** HOLE CARDS ***
Dealt to Mahu2021 [Qc 8s]
Mahu2021: raises 360 to 400 and is all-in
bisbosh: calls 360
*** FLOP *** [6h 2c 4h]
*** TURN *** [6h 2c 4h] [3d]
*** RIVER *** [6h 2c 4h 3d] [2h]
*** SHOW DOWN ***
bisbosh: shows [Ah 8h] (a flush, Ace high)
Mahu2021: shows [Qc 8s] (a pair of Deuces)
bisbosh collected 800 from pot
Mahu2021 finished the tournament in 2nd place
bisbosh wins the tournament and receives $5.00 - congratulations!
*** SUMMARY ***
Total pot 800 | Rake 0 
Board [6h 2c 4h 3d 2h]
Seat 1: Mahu2021 (button) (small blind) showed [Qc 8s] and lost with a pair of Deuces
Seat 2: bisbosh (big blind) showed [Ah 8h] and won (800) with a flush, Ace high



