PokerStars Hand #243029639958: Tournament #3576065925, $0.92+$0.08 USD Hold'em No Limit - Level I (10/20) - 2023/04/11 20:14:54 CET [2023/04/11 14:14:54 ET]
Table '3576065925 1' 3-max Seat #1 is the button
Seat 1: BBBaines (500 in chips) 
Seat 2: hamster6917 (500 in chips) 
Seat 3: Mahu2021 (500 in chips) 
hamster6917: posts small blind 10
Mahu2021: posts big blind 20
*** HOLE CARDS ***
Dealt to Mahu2021 [3s 2h]
BBBaines: calls 20
hamster6917: raises 60 to 80
Mahu2021: folds 
BBBaines: folds 
Uncalled bet (60) returned to hamster6917
hamster6917 collected 60 from pot
*** SUMMARY ***
Total pot 60 | Rake 0 
Seat 1: BBBaines (button) folded before Flop
Seat 2: hamster6917 (small blind) collected (60)
Seat 3: Mahu2021 (big blind) folded before Flop



PokerStars Hand #243029646119: Tournament #3576065925, $0.92+$0.08 USD Hold'em No Limit - Level I (10/20) - 2023/04/11 20:15:11 CET [2023/04/11 14:15:11 ET]
Table '3576065925 1' 3-max Seat #2 is the button
Seat 1: BBBaines (480 in chips) 
Seat 2: hamster6917 (540 in chips) 
Seat 3: Mahu2021 (480 in chips) 
Mahu2021: posts small blind 10
BBBaines: posts big blind 20
*** HOLE CARDS ***
Dealt to Mahu2021 [4c Kh]
hamster6917: folds 
Mahu2021: calls 10
BBBaines: checks 
*** FLOP *** [6s 5s 2h]
Mahu2021: bets 20
BBBaines: folds 
Uncalled bet (20) returned to Mahu2021
Mahu2021 collected 40 from pot
Mahu2021: doesn't show hand 
*** SUMMARY ***
Total pot 40 | Rake 0 
Board [6s 5s 2h]
Seat 1: BBBaines (big blind) folded on the Flop
Seat 2: hamster6917 (button) folded before Flop (didn't bet)
Seat 3: Mahu2021 (small blind) collected (40)



PokerStars Hand #243029654404: Tournament #3576065925, $0.92+$0.08 USD Hold'em No Limit - Level I (10/20) - 2023/04/11 20:15:34 CET [2023/04/11 14:15:34 ET]
Table '3576065925 1' 3-max Seat #3 is the button
Seat 1: BBBaines (460 in chips) 
Seat 2: hamster6917 (540 in chips) 
Seat 3: Mahu2021 (500 in chips) 
BBBaines: posts small blind 10
hamster6917: posts big blind 20
*** HOLE CARDS ***
Dealt to Mahu2021 [Ah 8c]
Mahu2021: calls 20
BBBaines: folds 
hamster6917: raises 20 to 40
Mahu2021: calls 20
*** FLOP *** [Qs Td Ad]
hamster6917: bets 20
Mahu2021: calls 20
*** TURN *** [Qs Td Ad] [3h]
hamster6917: bets 20
Mahu2021: calls 20
*** RIVER *** [Qs Td Ad 3h] [9c]
hamster6917: checks 
Mahu2021: checks 
*** SHOW DOWN ***
hamster6917: shows [Kh 6h] (high card Ace)
Mahu2021: shows [Ah 8c] (a pair of Aces)
Mahu2021 collected 170 from pot
*** SUMMARY ***
Total pot 170 | Rake 0 
Board [Qs Td Ad 3h 9c]
Seat 1: BBBaines (small blind) folded before Flop
Seat 2: hamster6917 (big blind) showed [Kh 6h] and lost with high card Ace
Seat 3: Mahu2021 (button) showed [Ah 8c] and won (170) with a pair of Aces



PokerStars Hand #243029662464: Tournament #3576065925, $0.92+$0.08 USD Hold'em No Limit - Level I (10/20) - 2023/04/11 20:15:56 CET [2023/04/11 14:15:56 ET]
Table '3576065925 1' 3-max Seat #1 is the button
Seat 1: BBBaines (450 in chips) 
Seat 2: hamster6917 (460 in chips) 
Seat 3: Mahu2021 (590 in chips) 
hamster6917: posts small blind 10
Mahu2021: posts big blind 20
*** HOLE CARDS ***
Dealt to Mahu2021 [Js Jd]
BBBaines: raises 20 to 40
hamster6917: calls 30
Mahu2021: raises 550 to 590 and is all-in
BBBaines: folds 
hamster6917: calls 420 and is all-in
Uncalled bet (130) returned to Mahu2021
*** FLOP *** [Td Kd 6d]
*** TURN *** [Td Kd 6d] [Tc]
*** RIVER *** [Td Kd 6d Tc] [9h]
*** SHOW DOWN ***
hamster6917: shows [Kh 5h] (two pair, Kings and Tens)
Mahu2021: shows [Js Jd] (two pair, Jacks and Tens)
hamster6917 collected 960 from pot
*** SUMMARY ***
Total pot 960 | Rake 0 
Board [Td Kd 6d Tc 9h]
Seat 1: BBBaines (button) folded before Flop
Seat 2: hamster6917 (small blind) showed [Kh 5h] and won (960) with two pair, Kings and Tens
Seat 3: Mahu2021 (big blind) showed [Js Jd] and lost with two pair, Jacks and Tens



PokerStars Hand #243029670322: Tournament #3576065925, $0.92+$0.08 USD Hold'em No Limit - Level I (10/20) - 2023/04/11 20:16:18 CET [2023/04/11 14:16:18 ET]
Table '3576065925 1' 3-max Seat #2 is the button
Seat 1: BBBaines (410 in chips) 
Seat 2: hamster6917 (960 in chips) 
Seat 3: Mahu2021 (130 in chips) 
Mahu2021: posts small blind 10
BBBaines: posts big blind 20
*** HOLE CARDS ***
Dealt to Mahu2021 [4h 2d]
hamster6917: calls 20
Mahu2021: folds 
BBBaines: checks 
*** FLOP *** [Jh 5c Ac]
BBBaines: checks 
hamster6917: checks 
*** TURN *** [Jh 5c Ac] [7h]
BBBaines: bets 25
hamster6917: calls 25
*** RIVER *** [Jh 5c Ac 7h] [Tc]
BBBaines: checks 
hamster6917: checks 
*** SHOW DOWN ***
BBBaines: shows [Kd 7c] (a pair of Sevens)
hamster6917: shows [9s 8s] (a straight, Seven to Jack)
hamster6917 collected 100 from pot
*** SUMMARY ***
Total pot 100 | Rake 0 
Board [Jh 5c Ac 7h Tc]
Seat 1: BBBaines (big blind) showed [Kd 7c] and lost with a pair of Sevens
Seat 2: hamster6917 (button) showed [9s 8s] and won (100) with a straight, Seven to Jack
Seat 3: Mahu2021 (small blind) folded before Flop



PokerStars Hand #243029678841: Tournament #3576065925, $0.92+$0.08 USD Hold'em No Limit - Level I (10/20) - 2023/04/11 20:16:41 CET [2023/04/11 14:16:41 ET]
Table '3576065925 1' 3-max Seat #3 is the button
Seat 1: BBBaines (365 in chips) 
Seat 2: hamster6917 (1015 in chips) 
Seat 3: Mahu2021 (120 in chips) 
BBBaines: posts small blind 10
hamster6917: posts big blind 20
*** HOLE CARDS ***
Dealt to Mahu2021 [Kc Qd]
Mahu2021: raises 100 to 120 and is all-in
BBBaines: folds 
hamster6917: calls 100
*** FLOP *** [5s 4d 6h]
*** TURN *** [5s 4d 6h] [2s]
*** RIVER *** [5s 4d 6h 2s] [5h]
*** SHOW DOWN ***
hamster6917: shows [Jc Kh] (a pair of Fives)
Mahu2021: shows [Kc Qd] (a pair of Fives - King+Queen kicker)
Mahu2021 collected 250 from pot
*** SUMMARY ***
Total pot 250 | Rake 0 
Board [5s 4d 6h 2s 5h]
Seat 1: BBBaines (small blind) folded before Flop
Seat 2: hamster6917 (big blind) showed [Jc Kh] and lost with a pair of Fives
Seat 3: Mahu2021 (button) showed [Kc Qd] and won (250) with a pair of Fives



PokerStars Hand #243029687438: Tournament #3576065925, $0.92+$0.08 USD Hold'em No Limit - Level II (15/30) - 2023/04/11 20:17:05 CET [2023/04/11 14:17:05 ET]
Table '3576065925 1' 3-max Seat #1 is the button
Seat 1: BBBaines (355 in chips) 
Seat 2: hamster6917 (895 in chips) 
Seat 3: Mahu2021 (250 in chips) 
hamster6917: posts small blind 15
Mahu2021: posts big blind 30
*** HOLE CARDS ***
Dealt to Mahu2021 [6h Kd]
BBBaines: calls 30
hamster6917: calls 15
Mahu2021: checks 
*** FLOP *** [2d 4h 8d]
hamster6917: bets 30
Mahu2021: folds 
BBBaines: folds 
Uncalled bet (30) returned to hamster6917
hamster6917 collected 90 from pot
*** SUMMARY ***
Total pot 90 | Rake 0 
Board [2d 4h 8d]
Seat 1: BBBaines (button) folded on the Flop
Seat 2: hamster6917 (small blind) collected (90)
Seat 3: Mahu2021 (big blind) folded on the Flop



PokerStars Hand #243029694296: Tournament #3576065925, $0.92+$0.08 USD Hold'em No Limit - Level II (15/30) - 2023/04/11 20:17:24 CET [2023/04/11 14:17:24 ET]
Table '3576065925 1' 3-max Seat #2 is the button
Seat 1: BBBaines (325 in chips) 
Seat 2: hamster6917 (955 in chips) 
Seat 3: Mahu2021 (220 in chips) 
Mahu2021: posts small blind 15
BBBaines: posts big blind 30
*** HOLE CARDS ***
Dealt to Mahu2021 [6h 4h]
hamster6917: calls 30
Mahu2021: calls 15
BBBaines: checks 
*** FLOP *** [8d 7d 8c]
Mahu2021: checks 
BBBaines: checks 
hamster6917: checks 
*** TURN *** [8d 7d 8c] [7h]
Mahu2021: checks 
BBBaines: checks 
hamster6917: checks 
*** RIVER *** [8d 7d 8c 7h] [4s]
Mahu2021: checks 
BBBaines: bets 45
hamster6917: folds 
Mahu2021: folds 
Uncalled bet (45) returned to BBBaines
BBBaines collected 90 from pot
BBBaines: doesn't show hand 
*** SUMMARY ***
Total pot 90 | Rake 0 
Board [8d 7d 8c 7h 4s]
Seat 1: BBBaines (big blind) collected (90)
Seat 2: hamster6917 (button) folded on the River
Seat 3: Mahu2021 (small blind) folded on the River



PokerStars Hand #243029710486: Tournament #3576065925, $0.92+$0.08 USD Hold'em No Limit - Level II (15/30) - 2023/04/11 20:18:08 CET [2023/04/11 14:18:08 ET]
Table '3576065925 1' 3-max Seat #3 is the button
Seat 1: BBBaines (385 in chips) 
Seat 2: hamster6917 (925 in chips) 
Seat 3: Mahu2021 (190 in chips) 
BBBaines: posts small blind 15
hamster6917: posts big blind 30
*** HOLE CARDS ***
Dealt to Mahu2021 [9d Qd]
Mahu2021: raises 160 to 190 and is all-in
BBBaines: folds 
hamster6917: folds 
Uncalled bet (160) returned to Mahu2021
Mahu2021 collected 75 from pot
Mahu2021: doesn't show hand 
*** SUMMARY ***
Total pot 75 | Rake 0 
Seat 1: BBBaines (small blind) folded before Flop
Seat 2: hamster6917 (big blind) folded before Flop
Seat 3: Mahu2021 (button) collected (75)



PokerStars Hand #243029713630: Tournament #3576065925, $0.92+$0.08 USD Hold'em No Limit - Level II (15/30) - 2023/04/11 20:18:17 CET [2023/04/11 14:18:17 ET]
Table '3576065925 1' 3-max Seat #1 is the button
Seat 1: BBBaines (370 in chips) 
Seat 2: hamster6917 (895 in chips) 
Seat 3: Mahu2021 (235 in chips) 
hamster6917: posts small blind 15
Mahu2021: posts big blind 30
*** HOLE CARDS ***
Dealt to Mahu2021 [3h 2s]
BBBaines: calls 30
hamster6917: raises 30 to 60
Mahu2021: folds 
BBBaines: calls 30
*** FLOP *** [Qd 6c 2c]
hamster6917: checks 
BBBaines: bets 60
hamster6917: calls 60
*** TURN *** [Qd 6c 2c] [Kc]
hamster6917: checks 
BBBaines: checks 
*** RIVER *** [Qd 6c 2c Kc] [Ts]
hamster6917: checks 
BBBaines: bets 90
hamster6917: raises 685 to 775 and is all-in
BBBaines: calls 160 and is all-in
Uncalled bet (525) returned to hamster6917
*** SHOW DOWN ***
hamster6917: shows [Jd Ad] (a straight, Ten to Ace)
BBBaines: shows [Tc Jc] (a flush, King high)
BBBaines collected 770 from pot
*** SUMMARY ***
Total pot 770 | Rake 0 
Board [Qd 6c 2c Kc Ts]
Seat 1: BBBaines (button) showed [Tc Jc] and won (770) with a flush, King high
Seat 2: hamster6917 (small blind) showed [Jd Ad] and lost with a straight, Ten to Ace
Seat 3: Mahu2021 (big blind) folded before Flop



PokerStars Hand #243029729814: Tournament #3576065925, $0.92+$0.08 USD Hold'em No Limit - Level III (20/40) - 2023/04/11 20:19:00 CET [2023/04/11 14:19:00 ET]
Table '3576065925 1' 3-max Seat #2 is the button
Seat 1: BBBaines (770 in chips) 
Seat 2: hamster6917 (525 in chips) 
Seat 3: Mahu2021 (205 in chips) 
Mahu2021: posts small blind 20
BBBaines: posts big blind 40
*** HOLE CARDS ***
Dealt to Mahu2021 [2s Qh]
hamster6917: raises 485 to 525 and is all-in
Mahu2021: folds 
BBBaines: folds 
Uncalled bet (485) returned to hamster6917
hamster6917 collected 100 from pot
*** SUMMARY ***
Total pot 100 | Rake 0 
Seat 1: BBBaines (big blind) folded before Flop
Seat 2: hamster6917 (button) collected (100)
Seat 3: Mahu2021 (small blind) folded before Flop



PokerStars Hand #243029732532: Tournament #3576065925, $0.92+$0.08 USD Hold'em No Limit - Level III (20/40) - 2023/04/11 20:19:08 CET [2023/04/11 14:19:08 ET]
Table '3576065925 1' 3-max Seat #3 is the button
Seat 1: BBBaines (730 in chips) 
Seat 2: hamster6917 (585 in chips) 
Seat 3: Mahu2021 (185 in chips) 
BBBaines: posts small blind 20
hamster6917: posts big blind 40
*** HOLE CARDS ***
Dealt to Mahu2021 [Th 8c]
Mahu2021: folds 
BBBaines: calls 20
hamster6917: checks 
*** FLOP *** [Kd 4d 4c]
BBBaines: checks 
hamster6917: checks 
*** TURN *** [Kd 4d 4c] [2h]
BBBaines: bets 40
hamster6917: folds 
Uncalled bet (40) returned to BBBaines
BBBaines collected 80 from pot
BBBaines: doesn't show hand 
*** SUMMARY ***
Total pot 80 | Rake 0 
Board [Kd 4d 4c 2h]
Seat 1: BBBaines (small blind) collected (80)
Seat 2: hamster6917 (big blind) folded on the Turn
Seat 3: Mahu2021 (button) folded before Flop (didn't bet)



PokerStars Hand #243029739038: Tournament #3576065925, $0.92+$0.08 USD Hold'em No Limit - Level III (20/40) - 2023/04/11 20:19:26 CET [2023/04/11 14:19:26 ET]
Table '3576065925 1' 3-max Seat #1 is the button
Seat 1: BBBaines (770 in chips) 
Seat 2: hamster6917 (545 in chips) 
Seat 3: Mahu2021 (185 in chips) 
hamster6917: posts small blind 20
Mahu2021: posts big blind 40
*** HOLE CARDS ***
Dealt to Mahu2021 [6h 7c]
BBBaines: folds 
hamster6917: raises 505 to 545 and is all-in
Mahu2021: folds 
Uncalled bet (505) returned to hamster6917
hamster6917 collected 80 from pot
*** SUMMARY ***
Total pot 80 | Rake 0 
Seat 1: BBBaines (button) folded before Flop (didn't bet)
Seat 2: hamster6917 (small blind) collected (80)
Seat 3: Mahu2021 (big blind) folded before Flop



PokerStars Hand #243029742690: Tournament #3576065925, $0.92+$0.08 USD Hold'em No Limit - Level III (20/40) - 2023/04/11 20:19:36 CET [2023/04/11 14:19:36 ET]
Table '3576065925 1' 3-max Seat #2 is the button
Seat 1: BBBaines (770 in chips) 
Seat 2: hamster6917 (585 in chips) 
Seat 3: Mahu2021 (145 in chips) 
Mahu2021: posts small blind 20
BBBaines: posts big blind 40
*** HOLE CARDS ***
Dealt to Mahu2021 [3c 5d]
hamster6917: calls 40
Mahu2021: folds 
BBBaines: checks 
*** FLOP *** [Kc 2h 4h]
BBBaines: checks 
hamster6917: checks 
*** TURN *** [Kc 2h 4h] [Qc]
BBBaines: checks 
hamster6917 is disconnected 
hamster6917 is connected 
hamster6917 has timed out
hamster6917: checks 
*** RIVER *** [Kc 2h 4h Qc] [9s]
BBBaines: checks 
hamster6917 has timed out
hamster6917: checks 
*** SHOW DOWN ***
BBBaines: shows [7s Jc] (high card King)
hamster6917: shows [Ah 4s] (a pair of Fours)
hamster6917 collected 100 from pot
*** SUMMARY ***
Total pot 100 | Rake 0 
Board [Kc 2h 4h Qc 9s]
Seat 1: BBBaines (big blind) showed [7s Jc] and lost with high card King
Seat 2: hamster6917 (button) showed [Ah 4s] and won (100) with a pair of Fours
Seat 3: Mahu2021 (small blind) folded before Flop



PokerStars Hand #243029772859: Tournament #3576065925, $0.92+$0.08 USD Hold'em No Limit - Level IV (30/60) - 2023/04/11 20:20:59 CET [2023/04/11 14:20:59 ET]
Table '3576065925 1' 3-max Seat #3 is the button
Seat 1: BBBaines (730 in chips) 
Seat 2: hamster6917 (645 in chips) 
Seat 3: Mahu2021 (125 in chips) 
BBBaines: posts small blind 30
hamster6917: posts big blind 60
*** HOLE CARDS ***
Dealt to Mahu2021 [Qh 8d]
Mahu2021: raises 65 to 125 and is all-in
hamster6917 is disconnected 
BBBaines: folds 
hamster6917 is connected 
hamster6917: calls 65
*** FLOP *** [Jd Ts 3h]
*** TURN *** [Jd Ts 3h] [Th]
*** RIVER *** [Jd Ts 3h Th] [7h]
*** SHOW DOWN ***
hamster6917: shows [4c 2c] (a pair of Tens)
Mahu2021: shows [Qh 8d] (a pair of Tens - Queen kicker)
Mahu2021 collected 280 from pot
*** SUMMARY ***
Total pot 280 | Rake 0 
Board [Jd Ts 3h Th 7h]
Seat 1: BBBaines (small blind) folded before Flop
Seat 2: hamster6917 (big blind) showed [4c 2c] and lost with a pair of Tens
Seat 3: Mahu2021 (button) showed [Qh 8d] and won (280) with a pair of Tens



PokerStars Hand #243029779866: Tournament #3576065925, $0.92+$0.08 USD Hold'em No Limit - Level IV (30/60) - 2023/04/11 20:21:18 CET [2023/04/11 14:21:18 ET]
Table '3576065925 1' 3-max Seat #1 is the button
Seat 1: BBBaines (700 in chips) 
Seat 2: hamster6917 (520 in chips) 
Seat 3: Mahu2021 (280 in chips) 
hamster6917: posts small blind 30
Mahu2021: posts big blind 60
*** HOLE CARDS ***
Dealt to Mahu2021 [Qh Ts]
BBBaines: calls 60
hamster6917: calls 30
Mahu2021: checks 
*** FLOP *** [Ah Kh 8d]
hamster6917: checks 
Mahu2021: bets 220 and is all-in
BBBaines: folds 
hamster6917: folds 
Uncalled bet (220) returned to Mahu2021
Mahu2021 collected 180 from pot
Mahu2021: doesn't show hand 
*** SUMMARY ***
Total pot 180 | Rake 0 
Board [Ah Kh 8d]
Seat 1: BBBaines (button) folded on the Flop
Seat 2: hamster6917 (small blind) folded on the Flop
Seat 3: Mahu2021 (big blind) collected (180)



PokerStars Hand #243029790464: Tournament #3576065925, $0.92+$0.08 USD Hold'em No Limit - Level IV (30/60) - 2023/04/11 20:21:48 CET [2023/04/11 14:21:48 ET]
Table '3576065925 1' 3-max Seat #2 is the button
Seat 1: BBBaines (640 in chips) 
Seat 2: hamster6917 (460 in chips) 
Seat 3: Mahu2021 (400 in chips) 
Mahu2021: posts small blind 30
BBBaines: posts big blind 60
*** HOLE CARDS ***
Dealt to Mahu2021 [Ac 6s]
hamster6917: folds 
Mahu2021: calls 30
BBBaines: checks 
*** FLOP *** [Qh 5c As]
Mahu2021: bets 60
BBBaines: folds 
Uncalled bet (60) returned to Mahu2021
Mahu2021 collected 120 from pot
Mahu2021: doesn't show hand 
*** SUMMARY ***
Total pot 120 | Rake 0 
Board [Qh 5c As]
Seat 1: BBBaines (big blind) folded on the Flop
Seat 2: hamster6917 (button) folded before Flop (didn't bet)
Seat 3: Mahu2021 (small blind) collected (120)



PokerStars Hand #243029796306: Tournament #3576065925, $0.92+$0.08 USD Hold'em No Limit - Level IV (30/60) - 2023/04/11 20:22:04 CET [2023/04/11 14:22:04 ET]
Table '3576065925 1' 3-max Seat #3 is the button
Seat 1: BBBaines (580 in chips) 
Seat 2: hamster6917 (460 in chips) 
Seat 3: Mahu2021 (460 in chips) 
BBBaines: posts small blind 30
hamster6917: posts big blind 60
*** HOLE CARDS ***
Dealt to Mahu2021 [Kd 3h]
Mahu2021: folds 
BBBaines: calls 30
hamster6917: checks 
*** FLOP *** [Js 7d 9d]
BBBaines: bets 520 and is all-in
hamster6917: folds 
Uncalled bet (520) returned to BBBaines
BBBaines collected 120 from pot
BBBaines: doesn't show hand 
*** SUMMARY ***
Total pot 120 | Rake 0 
Board [Js 7d 9d]
Seat 1: BBBaines (small blind) collected (120)
Seat 2: hamster6917 (big blind) folded on the Flop
Seat 3: Mahu2021 (button) folded before Flop (didn't bet)



PokerStars Hand #243029803504: Tournament #3576065925, $0.92+$0.08 USD Hold'em No Limit - Level IV (30/60) - 2023/04/11 20:22:24 CET [2023/04/11 14:22:24 ET]
Table '3576065925 1' 3-max Seat #1 is the button
Seat 1: BBBaines (640 in chips) 
Seat 2: hamster6917 (400 in chips) 
Seat 3: Mahu2021 (460 in chips) 
hamster6917: posts small blind 30
Mahu2021: posts big blind 60
*** HOLE CARDS ***
Dealt to Mahu2021 [3h 4c]
BBBaines: folds 
hamster6917: calls 30
Mahu2021: checks 
*** FLOP *** [Ts 2h 3s]
hamster6917: checks 
Mahu2021: bets 60
hamster6917: calls 60
*** TURN *** [Ts 2h 3s] [9c]
hamster6917: checks 
Mahu2021: checks 
*** RIVER *** [Ts 2h 3s 9c] [7s]
hamster6917: checks 
Mahu2021: checks 
*** SHOW DOWN ***
hamster6917: shows [5h 9h] (a pair of Nines)
Mahu2021: mucks hand 
hamster6917 collected 240 from pot
*** SUMMARY ***
Total pot 240 | Rake 0 
Board [Ts 2h 3s 9c 7s]
Seat 1: BBBaines (button) folded before Flop (didn't bet)
Seat 2: hamster6917 (small blind) showed [5h 9h] and won (240) with a pair of Nines
Seat 3: Mahu2021 (big blind) mucked [3h 4c]



PokerStars Hand #243029814126: Tournament #3576065925, $0.92+$0.08 USD Hold'em No Limit - Level IV (30/60) - 2023/04/11 20:22:53 CET [2023/04/11 14:22:53 ET]
Table '3576065925 1' 3-max Seat #2 is the button
Seat 1: BBBaines (640 in chips) 
Seat 2: hamster6917 (520 in chips) 
Seat 3: Mahu2021 (340 in chips) 
Mahu2021: posts small blind 30
BBBaines: posts big blind 60
*** HOLE CARDS ***
Dealt to Mahu2021 [4s 8h]
hamster6917: calls 60
Mahu2021: folds 
BBBaines: checks 
*** FLOP *** [6d Ah Td]
BBBaines: bets 75
hamster6917: folds 
Uncalled bet (75) returned to BBBaines
BBBaines collected 150 from pot
BBBaines: doesn't show hand 
*** SUMMARY ***
Total pot 150 | Rake 0 
Board [6d Ah Td]
Seat 1: BBBaines (big blind) collected (150)
Seat 2: hamster6917 (button) folded on the Flop
Seat 3: Mahu2021 (small blind) folded before Flop



PokerStars Hand #243029820460: Tournament #3576065925, $0.92+$0.08 USD Hold'em No Limit - Level V (40/80) - 2023/04/11 20:23:10 CET [2023/04/11 14:23:10 ET]
Table '3576065925 1' 3-max Seat #3 is the button
Seat 1: BBBaines (730 in chips) 
Seat 2: hamster6917 (460 in chips) 
Seat 3: Mahu2021 (310 in chips) 
BBBaines: posts small blind 40
hamster6917: posts big blind 80
*** HOLE CARDS ***
Dealt to Mahu2021 [5c 2c]
Mahu2021: folds 
BBBaines: calls 40
hamster6917: checks 
*** FLOP *** [Qc 7h 9d]
BBBaines: bets 80
hamster6917: folds 
Uncalled bet (80) returned to BBBaines
BBBaines collected 160 from pot
BBBaines: doesn't show hand 
*** SUMMARY ***
Total pot 160 | Rake 0 
Board [Qc 7h 9d]
Seat 1: BBBaines (small blind) collected (160)
Seat 2: hamster6917 (big blind) folded on the Flop
Seat 3: Mahu2021 (button) folded before Flop (didn't bet)



PokerStars Hand #243029824586: Tournament #3576065925, $0.92+$0.08 USD Hold'em No Limit - Level V (40/80) - 2023/04/11 20:23:21 CET [2023/04/11 14:23:21 ET]
Table '3576065925 1' 3-max Seat #1 is the button
Seat 1: BBBaines (810 in chips) 
Seat 2: hamster6917 (380 in chips) 
Seat 3: Mahu2021 (310 in chips) 
hamster6917: posts small blind 40
Mahu2021: posts big blind 80
*** HOLE CARDS ***
Dealt to Mahu2021 [Kh 2d]
BBBaines: raises 80 to 160
hamster6917: raises 220 to 380 and is all-in
Mahu2021: folds 
BBBaines: calls 220
*** FLOP *** [5s Qd 4h]
*** TURN *** [5s Qd 4h] [5h]
*** RIVER *** [5s Qd 4h 5h] [9d]
*** SHOW DOWN ***
hamster6917: shows [5d Ah] (three of a kind, Fives)
BBBaines: shows [Jc Kc] (a pair of Fives)
hamster6917 collected 840 from pot
*** SUMMARY ***
Total pot 840 | Rake 0 
Board [5s Qd 4h 5h 9d]
Seat 1: BBBaines (button) showed [Jc Kc] and lost with a pair of Fives
Seat 2: hamster6917 (small blind) showed [5d Ah] and won (840) with three of a kind, Fives
Seat 3: Mahu2021 (big blind) folded before Flop



PokerStars Hand #243029832703: Tournament #3576065925, $0.92+$0.08 USD Hold'em No Limit - Level V (40/80) - 2023/04/11 20:23:43 CET [2023/04/11 14:23:43 ET]
Table '3576065925 1' 3-max Seat #2 is the button
Seat 1: BBBaines (430 in chips) 
Seat 2: hamster6917 (840 in chips) 
Seat 3: Mahu2021 (230 in chips) 
Mahu2021: posts small blind 40
BBBaines: posts big blind 80
*** HOLE CARDS ***
Dealt to Mahu2021 [8h 5s]
hamster6917: folds 
Mahu2021: folds 
Uncalled bet (40) returned to BBBaines
BBBaines collected 80 from pot
BBBaines: doesn't show hand 
*** SUMMARY ***
Total pot 80 | Rake 0 
Seat 1: BBBaines (big blind) collected (80)
Seat 2: hamster6917 (button) folded before Flop (didn't bet)
Seat 3: Mahu2021 (small blind) folded before Flop



PokerStars Hand #243029834995: Tournament #3576065925, $0.92+$0.08 USD Hold'em No Limit - Level V (40/80) - 2023/04/11 20:23:50 CET [2023/04/11 14:23:50 ET]
Table '3576065925 1' 3-max Seat #3 is the button
Seat 1: BBBaines (470 in chips) 
Seat 2: hamster6917 (840 in chips) 
Seat 3: Mahu2021 (190 in chips) 
BBBaines: posts small blind 40
hamster6917: posts big blind 80
*** HOLE CARDS ***
Dealt to Mahu2021 [5s 7d]
Mahu2021: folds 
BBBaines: raises 390 to 470 and is all-in
hamster6917: folds 
Uncalled bet (390) returned to BBBaines
BBBaines collected 160 from pot
BBBaines: doesn't show hand 
*** SUMMARY ***
Total pot 160 | Rake 0 
Seat 1: BBBaines (small blind) collected (160)
Seat 2: hamster6917 (big blind) folded before Flop
Seat 3: Mahu2021 (button) folded before Flop (didn't bet)



PokerStars Hand #243029837999: Tournament #3576065925, $0.92+$0.08 USD Hold'em No Limit - Level V (40/80) - 2023/04/11 20:23:58 CET [2023/04/11 14:23:58 ET]
Table '3576065925 1' 3-max Seat #1 is the button
Seat 1: BBBaines (550 in chips) 
Seat 2: hamster6917 (760 in chips) 
Seat 3: Mahu2021 (190 in chips) 
hamster6917: posts small blind 40
Mahu2021: posts big blind 80
*** HOLE CARDS ***
Dealt to Mahu2021 [3d 2c]
BBBaines: folds 
hamster6917: folds 
Uncalled bet (40) returned to Mahu2021
Mahu2021 collected 80 from pot
Mahu2021: doesn't show hand 
*** SUMMARY ***
Total pot 80 | Rake 0 
Seat 1: BBBaines (button) folded before Flop (didn't bet)
Seat 2: hamster6917 (small blind) folded before Flop
Seat 3: Mahu2021 (big blind) collected (80)



PokerStars Hand #243029839894: Tournament #3576065925, $0.92+$0.08 USD Hold'em No Limit - Level V (40/80) - 2023/04/11 20:24:03 CET [2023/04/11 14:24:03 ET]
Table '3576065925 1' 3-max Seat #2 is the button
Seat 1: BBBaines (550 in chips) 
Seat 2: hamster6917 (720 in chips) 
Seat 3: Mahu2021 (230 in chips) 
Mahu2021: posts small blind 40
BBBaines: posts big blind 80
*** HOLE CARDS ***
Dealt to Mahu2021 [Qd 5c]
hamster6917: folds 
Mahu2021: raises 150 to 230 and is all-in
BBBaines: folds 
Uncalled bet (150) returned to Mahu2021
Mahu2021 collected 160 from pot
Mahu2021: doesn't show hand 
*** SUMMARY ***
Total pot 160 | Rake 0 
Seat 1: BBBaines (big blind) folded before Flop
Seat 2: hamster6917 (button) folded before Flop (didn't bet)
Seat 3: Mahu2021 (small blind) collected (160)



PokerStars Hand #243029844157: Tournament #3576065925, $0.92+$0.08 USD Hold'em No Limit - Level V (40/80) - 2023/04/11 20:24:15 CET [2023/04/11 14:24:15 ET]
Table '3576065925 1' 3-max Seat #3 is the button
Seat 1: BBBaines (470 in chips) 
Seat 2: hamster6917 (720 in chips) 
Seat 3: Mahu2021 (310 in chips) 
BBBaines: posts small blind 40
hamster6917: posts big blind 80
*** HOLE CARDS ***
Dealt to Mahu2021 [4c As]
Mahu2021: raises 230 to 310 and is all-in
BBBaines: folds 
hamster6917: calls 230
*** FLOP *** [8d Tc 5s]
*** TURN *** [8d Tc 5s] [8c]
*** RIVER *** [8d Tc 5s 8c] [Qc]
*** SHOW DOWN ***
hamster6917: shows [2d 2s] (two pair, Eights and Deuces)
Mahu2021: shows [4c As] (a pair of Eights)
hamster6917 collected 660 from pot
Mahu2021 finished the tournament in 3rd place
*** SUMMARY ***
Total pot 660 | Rake 0 
Board [8d Tc 5s 8c Qc]
Seat 1: BBBaines (small blind) folded before Flop
Seat 2: hamster6917 (big blind) showed [2d 2s] and won (660) with two pair, Eights and Deuces
Seat 3: Mahu2021 (button) showed [4c As] and lost with a pair of Eights



