PokerStars Hand #253378644786: Tournament #3822941253, $1.84+$0.16 USD Hold'em No Limit - Level I (10/20) - 2024/11/12 21:29:08 CET [2024/11/12 15:29:08 ET]
Table '3822941253 1' 3-max Seat #1 is the button
Seat 1: PICDAN_01 (500 in chips) 
Seat 2: Mahu2021 (500 in chips) 
Seat 3: V1982V (500 in chips) 
Mahu2021: posts small blind 10
V1982V: posts big blind 20
*** HOLE CARDS ***
Dealt to Mahu2021 [6h 5h]
PICDAN_01: folds 
Mahu2021: raises 20 to 40
V1982V: calls 20
*** FLOP *** [7s Qd Kd]
Mahu2021: checks 
V1982V: checks 
*** TURN *** [7s Qd Kd] [3d]
Mahu2021: checks 
V1982V: checks 
*** RIVER *** [7s Qd Kd 3d] [4h]
Mahu2021: bets 100
V1982V: folds 
Uncalled bet (100) returned to Mahu2021
Mahu2021 collected 80 from pot
Mahu2021: doesn't show hand 
*** SUMMARY ***
Total pot 80 | Rake 0 
Board [7s Qd Kd 3d 4h]
Seat 1: PICDAN_01 (button) folded before Flop (didn't bet)
Seat 2: Mahu2021 (small blind) collected (80)
Seat 3: V1982V (big blind) folded on the River



PokerStars Hand #253378650876: Tournament #3822941253, $1.84+$0.16 USD Hold'em No Limit - Level I (10/20) - 2024/11/12 21:29:27 CET [2024/11/12 15:29:27 ET]
Table '3822941253 1' 3-max Seat #2 is the button
Seat 1: PICDAN_01 (500 in chips) 
Seat 2: Mahu2021 (540 in chips) 
Seat 3: V1982V (460 in chips) 
V1982V: posts small blind 10
PICDAN_01: posts big blind 20
*** HOLE CARDS ***
Dealt to Mahu2021 [Jh Jd]
Mahu2021: raises 520 to 540 and is all-in
V1982V: folds 
PICDAN_01: folds 
Uncalled bet (520) returned to Mahu2021
Mahu2021 collected 50 from pot
Mahu2021: doesn't show hand 
*** SUMMARY ***
Total pot 50 | Rake 0 
Seat 1: PICDAN_01 (big blind) folded before Flop
Seat 2: Mahu2021 (button) collected (50)
Seat 3: V1982V (small blind) folded before Flop



PokerStars Hand #253378654040: Tournament #3822941253, $1.84+$0.16 USD Hold'em No Limit - Level I (10/20) - 2024/11/12 21:29:37 CET [2024/11/12 15:29:37 ET]
Table '3822941253 1' 3-max Seat #3 is the button
Seat 1: PICDAN_01 (480 in chips) 
Seat 2: Mahu2021 (570 in chips) 
Seat 3: V1982V (450 in chips) 
PICDAN_01: posts small blind 10
Mahu2021: posts big blind 20
*** HOLE CARDS ***
Dealt to Mahu2021 [8s 9h]
V1982V: calls 20
PICDAN_01: raises 460 to 480 and is all-in
Mahu2021: folds 
V1982V: folds 
Uncalled bet (460) returned to PICDAN_01
PICDAN_01 collected 60 from pot
PICDAN_01: doesn't show hand 
*** SUMMARY ***
Total pot 60 | Rake 0 
Seat 1: PICDAN_01 (small blind) collected (60)
Seat 2: Mahu2021 (big blind) folded before Flop
Seat 3: V1982V (button) folded before Flop



PokerStars Hand #253378656717: Tournament #3822941253, $1.84+$0.16 USD Hold'em No Limit - Level I (10/20) - 2024/11/12 21:29:46 CET [2024/11/12 15:29:46 ET]
Table '3822941253 1' 3-max Seat #1 is the button
Seat 1: PICDAN_01 (520 in chips) 
Seat 2: Mahu2021 (550 in chips) 
Seat 3: V1982V (430 in chips) 
Mahu2021: posts small blind 10
V1982V: posts big blind 20
*** HOLE CARDS ***
Dealt to Mahu2021 [3d 6c]
PICDAN_01: calls 20
Mahu2021: calls 10
V1982V: checks 
*** FLOP *** [5d Td 6d]
Mahu2021: checks 
V1982V: checks 
PICDAN_01: bets 60
Mahu2021: calls 60
V1982V: folds 
*** TURN *** [5d Td 6d] [8c]
Mahu2021: checks 
PICDAN_01: bets 180
Mahu2021: calls 180
*** RIVER *** [5d Td 6d 8c] [As]
Mahu2021: checks 
PICDAN_01: checks 
*** SHOW DOWN ***
Mahu2021: shows [3d 6c] (a pair of Sixes)
PICDAN_01: shows [5s 6s] (two pair, Sixes and Fives)
PICDAN_01 collected 540 from pot
*** SUMMARY ***
Total pot 540 | Rake 0 
Board [5d Td 6d 8c As]
Seat 1: PICDAN_01 (button) showed [5s 6s] and won (540) with two pair, Sixes and Fives
Seat 2: Mahu2021 (small blind) showed [3d 6c] and lost with a pair of Sixes
Seat 3: V1982V (big blind) folded on the Flop



PokerStars Hand #253378663742: Tournament #3822941253, $1.84+$0.16 USD Hold'em No Limit - Level I (10/20) - 2024/11/12 21:30:08 CET [2024/11/12 15:30:08 ET]
Table '3822941253 1' 3-max Seat #2 is the button
Seat 1: PICDAN_01 (800 in chips) 
Seat 2: Mahu2021 (290 in chips) 
Seat 3: V1982V (410 in chips) 
V1982V: posts small blind 10
PICDAN_01: posts big blind 20
*** HOLE CARDS ***
Dealt to Mahu2021 [Qc 2c]
Mahu2021: calls 20
V1982V: folds 
PICDAN_01: checks 
*** FLOP *** [Ad 5c Qs]
PICDAN_01: bets 50
Mahu2021: raises 220 to 270 and is all-in
PICDAN_01: calls 220
*** TURN *** [Ad 5c Qs] [Th]
*** RIVER *** [Ad 5c Qs Th] [6s]
*** SHOW DOWN ***
PICDAN_01: shows [5d Qh] (two pair, Queens and Fives)
Mahu2021: shows [Qc 2c] (a pair of Queens)
PICDAN_01 collected 590 from pot
Mahu2021 finished the tournament in 3rd place
*** SUMMARY ***
Total pot 590 | Rake 0 
Board [Ad 5c Qs Th 6s]
Seat 1: PICDAN_01 (big blind) showed [5d Qh] and won (590) with two pair, Queens and Fives
Seat 2: Mahu2021 (button) showed [Qc 2c] and lost with a pair of Queens
Seat 3: V1982V (small blind) folded before Flop



