PokerStars Hand #248207175863: Tournament #3699471833, $1.84+$0.16 USD Hold'em No Limit - Level I (10/20) - 2024/01/11 18:38:25 CET [2024/01/11 12:38:25 ET]
Table '3699471833 1' 3-max Seat #1 is the button
Seat 1: Kloppsen28 (500 in chips) 
Seat 2: Mahu2021 (500 in chips) 
Seat 3: BrascoMexico (500 in chips) 
Mahu2021: posts small blind 10
BrascoMexico: posts big blind 20
*** HOLE CARDS ***
Dealt to Mahu2021 [8d 9h]
Kloppsen28: calls 20
Mahu2021: calls 10
BrascoMexico: checks 
*** FLOP *** [Jh Js Th]
Mahu2021: checks 
BrascoMexico: checks 
Kloppsen28: bets 30
Mahu2021: calls 30
BrascoMexico: raises 30 to 60
Kloppsen28: folds 
Mahu2021: calls 30
*** TURN *** [Jh Js Th] [8s]
Mahu2021: checks 
BrascoMexico: bets 60
Mahu2021: calls 60
*** RIVER *** [Jh Js Th 8s] [7c]
Mahu2021: bets 360 and is all-in
BrascoMexico: calls 360 and is all-in
*** SHOW DOWN ***
Mahu2021: shows [8d 9h] (a straight, Seven to Jack)
BrascoMexico: shows [Jc Tc] (a full house, Jacks full of Tens)
BrascoMexico collected 1050 from pot
Mahu2021 finished the tournament in 3rd place
*** SUMMARY ***
Total pot 1050 | Rake 0 
Board [Jh Js Th 8s 7c]
Seat 1: Kloppsen28 (button) folded on the Flop
Seat 2: Mahu2021 (small blind) showed [8d 9h] and lost with a straight, Seven to Jack
Seat 3: BrascoMexico (big blind) showed [Jc Tc] and won (1050) with a full house, Jacks full of Tens



