PokerStars Hand #255327289478: Tournament #3869811594, $0.46+$0.04 USD Hold'em No Limit - Level I (10/20) - 2025/03/17 13:03:35 CET [2025/03/17 8:03:35 ET]
Table '3869811594 1' 3-max Seat #1 is the button
Seat 1: Nencrono1 (500 in chips) 
Seat 2: jcs1157 (500 in chips) 
Seat 3: Mahu2021 (500 in chips) 
jcs1157: posts small blind 10
Mahu2021: posts big blind 20
*** HOLE CARDS ***
Dealt to Mahu2021 [4h 2c]
Nencrono1: calls 20
jcs1157: calls 10
Mahu2021: checks 
*** FLOP *** [7d 9d 5d]
jcs1157: checks 
Mahu2021: checks 
Nencrono1: bets 60
jcs1157: folds 
Mahu2021: folds 
Uncalled bet (60) returned to Nencrono1
Nencrono1 collected 60 from pot
Nencrono1: doesn't show hand 
*** SUMMARY ***
Total pot 60 | Rake 0 
Board [7d 9d 5d]
Seat 1: Nencrono1 (button) collected (60)
Seat 2: jcs1157 (small blind) folded on the Flop
Seat 3: Mahu2021 (big blind) folded on the Flop



PokerStars Hand #255327292080: Tournament #3869811594, $0.46+$0.04 USD Hold'em No Limit - Level I (10/20) - 2025/03/17 13:03:54 CET [2025/03/17 8:03:54 ET]
Table '3869811594 1' 3-max Seat #2 is the button
Seat 1: Nencrono1 (540 in chips) 
Seat 2: jcs1157 (480 in chips) 
Seat 3: Mahu2021 (480 in chips) 
Mahu2021: posts small blind 10
Nencrono1: posts big blind 20
*** HOLE CARDS ***
Dealt to Mahu2021 [4d 6d]
jcs1157: calls 20
Mahu2021: folds 
Nencrono1: raises 180 to 200
jcs1157: calls 180
*** FLOP *** [6c Ad Jc]
Nencrono1: bets 340 and is all-in
jcs1157: calls 280 and is all-in
Uncalled bet (60) returned to Nencrono1
*** TURN *** [6c Ad Jc] [8c]
*** RIVER *** [6c Ad Jc 8c] [Ah]
*** SHOW DOWN ***
Nencrono1: shows [5h 5s] (two pair, Aces and Fives)
jcs1157: shows [Jd 9h] (two pair, Aces and Jacks)
jcs1157 collected 970 from pot
*** SUMMARY ***
Total pot 970 | Rake 0 
Board [6c Ad Jc 8c Ah]
Seat 1: Nencrono1 (big blind) showed [5h 5s] and lost with two pair, Aces and Fives
Seat 2: jcs1157 (button) showed [Jd 9h] and won (970) with two pair, Aces and Jacks
Seat 3: Mahu2021 (small blind) folded before Flop



PokerStars Hand #255327295416: Tournament #3869811594, $0.46+$0.04 USD Hold'em No Limit - Level I (10/20) - 2025/03/17 13:04:20 CET [2025/03/17 8:04:20 ET]
Table '3869811594 1' 3-max Seat #3 is the button
Seat 1: Nencrono1 (60 in chips) 
Seat 2: jcs1157 (970 in chips) 
Seat 3: Mahu2021 (470 in chips) 
Nencrono1: posts small blind 10
jcs1157: posts big blind 20
*** HOLE CARDS ***
Dealt to Mahu2021 [Qs Ts]
Mahu2021: raises 40 to 60
Nencrono1: calls 50 and is all-in
jcs1157: calls 40
*** FLOP *** [Kh 6h Kd]
jcs1157: checks 
Mahu2021: checks 
*** TURN *** [Kh 6h Kd] [6c]
jcs1157: checks 
Mahu2021: checks 
*** RIVER *** [Kh 6h Kd 6c] [Jc]
jcs1157: checks 
Mahu2021: checks 
*** SHOW DOWN ***
Nencrono1: shows [5c 7c] (two pair, Kings and Sixes)
jcs1157: shows [7h As] (two pair, Kings and Sixes - Ace kicker)
Mahu2021: mucks hand 
jcs1157 collected 180 from pot
Nencrono1 finished the tournament in 3rd place
*** SUMMARY ***
Total pot 180 | Rake 0 
Board [Kh 6h Kd 6c Jc]
Seat 1: Nencrono1 (small blind) showed [5c 7c] and lost with two pair, Kings and Sixes
Seat 2: jcs1157 (big blind) showed [7h As] and won (180) with two pair, Kings and Sixes
Seat 3: Mahu2021 (button) mucked [Qs Ts]



PokerStars Hand #255327298980: Tournament #3869811594, $0.46+$0.04 USD Hold'em No Limit - Level I (10/20) - 2025/03/17 13:04:46 CET [2025/03/17 8:04:46 ET]
Table '3869811594 1' 3-max Seat #2 is the button
Seat 2: jcs1157 (1090 in chips) 
Seat 3: Mahu2021 (410 in chips) 
jcs1157: posts small blind 10
Mahu2021: posts big blind 20
*** HOLE CARDS ***
Dealt to Mahu2021 [5c Td]
jcs1157: raises 20 to 40
Mahu2021: folds 
Uncalled bet (20) returned to jcs1157
jcs1157 collected 40 from pot
jcs1157: doesn't show hand 
*** SUMMARY ***
Total pot 40 | Rake 0 
Seat 2: jcs1157 (button) (small blind) collected (40)
Seat 3: Mahu2021 (big blind) folded before Flop



PokerStars Hand #255327299785: Tournament #3869811594, $0.46+$0.04 USD Hold'em No Limit - Level I (10/20) - 2025/03/17 13:04:53 CET [2025/03/17 8:04:53 ET]
Table '3869811594 1' 3-max Seat #3 is the button
Seat 2: jcs1157 (1110 in chips) 
Seat 3: Mahu2021 (390 in chips) 
Mahu2021: posts small blind 10
jcs1157: posts big blind 20
*** HOLE CARDS ***
Dealt to Mahu2021 [Jh Qs]
Mahu2021: raises 20 to 40
jcs1157: calls 20
*** FLOP *** [9s 4s Qc]
jcs1157: bets 40
Mahu2021: raises 100 to 140
jcs1157: calls 100
*** TURN *** [9s 4s Qc] [Kc]
jcs1157: bets 180
Mahu2021: raises 30 to 210 and is all-in
jcs1157: calls 30
*** RIVER *** [9s 4s Qc Kc] [7h]
*** SHOW DOWN ***
jcs1157: shows [7d 4h] (two pair, Sevens and Fours)
Mahu2021: shows [Jh Qs] (a pair of Queens)
jcs1157 collected 780 from pot
Mahu2021 finished the tournament in 2nd place
jcs1157 wins the tournament - congratulations!
jcs1157 wins a '$1.00 Power Path Step 2 Ticket' ticket
*** SUMMARY ***
Total pot 780 | Rake 0 
Board [9s 4s Qc Kc 7h]
Seat 2: jcs1157 (big blind) showed [7d 4h] and won (780) with two pair, Sevens and Fours
Seat 3: Mahu2021 (button) (small blind) showed [Jh Qs] and lost with a pair of Queens



