PokerStars Hand #243269331341: Tournament #3581587757, $0.92+$0.08 USD Hold'em No Limit - Level I (10/20) - 2023/04/23 17:33:01 CET [2023/04/23 11:33:01 ET]
Table '3581587757 1' 3-max Seat #1 is the button
Seat 1: Mahu2021 (500 in chips) 
Seat 2: Maijala17 (500 in chips) 
Seat 3: singureu25 (500 in chips) 
Maijala17: posts small blind 10
singureu25: posts big blind 20
*** HOLE CARDS ***
Dealt to Mahu2021 [Th 9d]
Mahu2021: folds 
Maijala17: raises 40 to 60
singureu25: folds 
Uncalled bet (40) returned to Maijala17
Maijala17 collected 40 from pot
*** SUMMARY ***
Total pot 40 | Rake 0 
Seat 1: Mahu2021 (button) folded before Flop (didn't bet)
Seat 2: Maijala17 (small blind) collected (40)
Seat 3: singureu25 (big blind) folded before Flop



PokerStars Hand #243269334264: Tournament #3581587757, $0.92+$0.08 USD Hold'em No Limit - Level I (10/20) - 2023/04/23 17:33:10 CET [2023/04/23 11:33:10 ET]
Table '3581587757 1' 3-max Seat #2 is the button
Seat 1: Mahu2021 (500 in chips) 
Seat 2: Maijala17 (520 in chips) 
Seat 3: singureu25 (480 in chips) 
singureu25: posts small blind 10
Mahu2021: posts big blind 20
*** HOLE CARDS ***
Dealt to Mahu2021 [Js 2c]
Maijala17: raises 20 to 40
singureu25: folds 
Mahu2021: calls 20
*** FLOP *** [Jd Kh Qh]
Mahu2021: checks 
Maijala17: checks 
*** TURN *** [Jd Kh Qh] [As]
Mahu2021: bets 20
Maijala17: calls 20
*** RIVER *** [Jd Kh Qh As] [4h]
Mahu2021: checks 
Maijala17: checks 
*** SHOW DOWN ***
Mahu2021: shows [Js 2c] (a pair of Jacks)
Maijala17: shows [Ah 9s] (a pair of Aces)
Maijala17 collected 130 from pot
*** SUMMARY ***
Total pot 130 | Rake 0 
Board [Jd Kh Qh As 4h]
Seat 1: Mahu2021 (big blind) showed [Js 2c] and lost with a pair of Jacks
Seat 2: Maijala17 (button) showed [Ah 9s] and won (130) with a pair of Aces
Seat 3: singureu25 (small blind) folded before Flop



PokerStars Hand #243269342567: Tournament #3581587757, $0.92+$0.08 USD Hold'em No Limit - Level I (10/20) - 2023/04/23 17:33:35 CET [2023/04/23 11:33:35 ET]
Table '3581587757 1' 3-max Seat #3 is the button
Seat 1: Mahu2021 (440 in chips) 
Seat 2: Maijala17 (590 in chips) 
Seat 3: singureu25 (470 in chips) 
Mahu2021: posts small blind 10
Maijala17: posts big blind 20
*** HOLE CARDS ***
Dealt to Mahu2021 [8h 8d]
singureu25: folds 
Mahu2021: raises 40 to 60
Maijala17: calls 40
*** FLOP *** [Kc Kd 4c]
Mahu2021: bets 60
Maijala17: folds 
Uncalled bet (60) returned to Mahu2021
Mahu2021 collected 120 from pot
Mahu2021: doesn't show hand 
*** SUMMARY ***
Total pot 120 | Rake 0 
Board [Kc Kd 4c]
Seat 1: Mahu2021 (small blind) collected (120)
Seat 2: Maijala17 (big blind) folded on the Flop
Seat 3: singureu25 (button) folded before Flop (didn't bet)



PokerStars Hand #243269346542: Tournament #3581587757, $0.92+$0.08 USD Hold'em No Limit - Level I (10/20) - 2023/04/23 17:33:46 CET [2023/04/23 11:33:46 ET]
Table '3581587757 1' 3-max Seat #1 is the button
Seat 1: Mahu2021 (500 in chips) 
Seat 2: Maijala17 (530 in chips) 
Seat 3: singureu25 (470 in chips) 
Maijala17: posts small blind 10
singureu25: posts big blind 20
*** HOLE CARDS ***
Dealt to Mahu2021 [Kc 5h]
Mahu2021: folds 
Maijala17: calls 10
singureu25: raises 20 to 40
Maijala17: calls 20
*** FLOP *** [3h 7h 2d]
Maijala17: checks 
singureu25: bets 40
Maijala17: folds 
Uncalled bet (40) returned to singureu25
singureu25 collected 80 from pot
*** SUMMARY ***
Total pot 80 | Rake 0 
Board [3h 7h 2d]
Seat 1: Mahu2021 (button) folded before Flop (didn't bet)
Seat 2: Maijala17 (small blind) folded on the Flop
Seat 3: singureu25 (big blind) collected (80)



PokerStars Hand #243269352062: Tournament #3581587757, $0.92+$0.08 USD Hold'em No Limit - Level I (10/20) - 2023/04/23 17:34:03 CET [2023/04/23 11:34:03 ET]
Table '3581587757 1' 3-max Seat #2 is the button
Seat 1: Mahu2021 (500 in chips) 
Seat 2: Maijala17 (490 in chips) 
Seat 3: singureu25 (510 in chips) 
singureu25: posts small blind 10
Mahu2021: posts big blind 20
*** HOLE CARDS ***
Dealt to Mahu2021 [7c 7d]
Maijala17: folds 
singureu25: folds 
Uncalled bet (10) returned to Mahu2021
Mahu2021 collected 20 from pot
Mahu2021: doesn't show hand 
*** SUMMARY ***
Total pot 20 | Rake 0 
Seat 1: Mahu2021 (big blind) collected (20)
Seat 2: Maijala17 (button) folded before Flop (didn't bet)
Seat 3: singureu25 (small blind) folded before Flop



PokerStars Hand #243269353992: Tournament #3581587757, $0.92+$0.08 USD Hold'em No Limit - Level I (10/20) - 2023/04/23 17:34:09 CET [2023/04/23 11:34:09 ET]
Table '3581587757 1' 3-max Seat #3 is the button
Seat 1: Mahu2021 (510 in chips) 
Seat 2: Maijala17 (490 in chips) 
Seat 3: singureu25 (500 in chips) 
Mahu2021: posts small blind 10
Maijala17: posts big blind 20
*** HOLE CARDS ***
Dealt to Mahu2021 [9d Jc]
singureu25: calls 20
Mahu2021: calls 10
Maijala17: raises 40 to 60
singureu25: folds 
Mahu2021: calls 40
*** FLOP *** [6c 2s Ad]
Mahu2021: checks 
Maijala17: bets 70
Mahu2021: folds 
Uncalled bet (70) returned to Maijala17
Maijala17 collected 140 from pot
*** SUMMARY ***
Total pot 140 | Rake 0 
Board [6c 2s Ad]
Seat 1: Mahu2021 (small blind) folded on the Flop
Seat 2: Maijala17 (big blind) collected (140)
Seat 3: singureu25 (button) folded before Flop



PokerStars Hand #243269361550: Tournament #3581587757, $0.92+$0.08 USD Hold'em No Limit - Level I (10/20) - 2023/04/23 17:34:32 CET [2023/04/23 11:34:32 ET]
Table '3581587757 1' 3-max Seat #1 is the button
Seat 1: Mahu2021 (450 in chips) 
Seat 2: Maijala17 (570 in chips) 
Seat 3: singureu25 (480 in chips) 
Maijala17: posts small blind 10
singureu25: posts big blind 20
*** HOLE CARDS ***
Dealt to Mahu2021 [6d 2c]
Mahu2021: folds 
Maijala17: raises 20 to 40
singureu25: calls 20
*** FLOP *** [Qd Th 6h]
Maijala17: bets 40
singureu25: calls 40
*** TURN *** [Qd Th 6h] [Kh]
Maijala17: checks 
singureu25: bets 160
Maijala17: calls 160
*** RIVER *** [Qd Th 6h Kh] [Tc]
Maijala17: bets 330 and is all-in
singureu25: calls 240 and is all-in
Uncalled bet (90) returned to Maijala17
*** SHOW DOWN ***
Maijala17: shows [Td Ad] (three of a kind, Tens)
singureu25: shows [7h 3h] (a flush, King high)
singureu25 collected 960 from pot
*** SUMMARY ***
Total pot 960 | Rake 0 
Board [Qd Th 6h Kh Tc]
Seat 1: Mahu2021 (button) folded before Flop (didn't bet)
Seat 2: Maijala17 (small blind) showed [Td Ad] and lost with three of a kind, Tens
Seat 3: singureu25 (big blind) showed [7h 3h] and won (960) with a flush, King high



PokerStars Hand #243269376882: Tournament #3581587757, $0.92+$0.08 USD Hold'em No Limit - Level I (10/20) - 2023/04/23 17:35:16 CET [2023/04/23 11:35:16 ET]
Table '3581587757 1' 3-max Seat #2 is the button
Seat 1: Mahu2021 (450 in chips) 
Seat 2: Maijala17 (90 in chips) 
Seat 3: singureu25 (960 in chips) 
singureu25: posts small blind 10
Mahu2021: posts big blind 20
*** HOLE CARDS ***
Dealt to Mahu2021 [4h 9c]
Maijala17: raises 70 to 90 and is all-in
singureu25: folds 
Mahu2021: folds 
Uncalled bet (70) returned to Maijala17
Maijala17 collected 50 from pot
*** SUMMARY ***
Total pot 50 | Rake 0 
Seat 1: Mahu2021 (big blind) folded before Flop
Seat 2: Maijala17 (button) collected (50)
Seat 3: singureu25 (small blind) folded before Flop



PokerStars Hand #243269380264: Tournament #3581587757, $0.92+$0.08 USD Hold'em No Limit - Level I (10/20) - 2023/04/23 17:35:26 CET [2023/04/23 11:35:26 ET]
Table '3581587757 1' 3-max Seat #3 is the button
Seat 1: Mahu2021 (430 in chips) 
Seat 2: Maijala17 (120 in chips) 
Seat 3: singureu25 (950 in chips) 
Mahu2021: posts small blind 10
Maijala17: posts big blind 20
*** HOLE CARDS ***
Dealt to Mahu2021 [9s Qs]
singureu25: folds 
Mahu2021: calls 10
Maijala17: raises 100 to 120 and is all-in
Mahu2021: calls 100
*** FLOP *** [7s 8c Ah]
*** TURN *** [7s 8c Ah] [2d]
*** RIVER *** [7s 8c Ah 2d] [Jc]
*** SHOW DOWN ***
Mahu2021: shows [9s Qs] (high card Ace)
Maijala17: shows [2c As] (two pair, Aces and Deuces)
Maijala17 collected 240 from pot
*** SUMMARY ***
Total pot 240 | Rake 0 
Board [7s 8c Ah 2d Jc]
Seat 1: Mahu2021 (small blind) showed [9s Qs] and lost with high card Ace
Seat 2: Maijala17 (big blind) showed [2c As] and won (240) with two pair, Aces and Deuces
Seat 3: singureu25 (button) folded before Flop (didn't bet)



PokerStars Hand #243269385892: Tournament #3581587757, $0.92+$0.08 USD Hold'em No Limit - Level I (10/20) - 2023/04/23 17:35:42 CET [2023/04/23 11:35:42 ET]
Table '3581587757 1' 3-max Seat #1 is the button
Seat 1: Mahu2021 (310 in chips) 
Seat 2: Maijala17 (240 in chips) 
Seat 3: singureu25 (950 in chips) 
Maijala17: posts small blind 10
singureu25: posts big blind 20
*** HOLE CARDS ***
Dealt to Mahu2021 [Jd 5h]
Mahu2021: folds 
Maijala17: raises 220 to 240 and is all-in
singureu25: folds 
Uncalled bet (220) returned to Maijala17
Maijala17 collected 40 from pot
*** SUMMARY ***
Total pot 40 | Rake 0 
Seat 1: Mahu2021 (button) folded before Flop (didn't bet)
Seat 2: Maijala17 (small blind) collected (40)
Seat 3: singureu25 (big blind) folded before Flop



PokerStars Hand #243269388711: Tournament #3581587757, $0.92+$0.08 USD Hold'em No Limit - Level I (10/20) - 2023/04/23 17:35:51 CET [2023/04/23 11:35:51 ET]
Table '3581587757 1' 3-max Seat #2 is the button
Seat 1: Mahu2021 (310 in chips) 
Seat 2: Maijala17 (260 in chips) 
Seat 3: singureu25 (930 in chips) 
singureu25: posts small blind 10
Mahu2021: posts big blind 20
*** HOLE CARDS ***
Dealt to Mahu2021 [6d Ah]
Maijala17: folds 
singureu25: calls 10
Mahu2021: checks 
*** FLOP *** [Td As 6h]
singureu25: checks 
Mahu2021: bets 20
singureu25: folds 
Uncalled bet (20) returned to Mahu2021
Mahu2021 collected 40 from pot
Mahu2021: doesn't show hand 
*** SUMMARY ***
Total pot 40 | Rake 0 
Board [Td As 6h]
Seat 1: Mahu2021 (big blind) collected (40)
Seat 2: Maijala17 (button) folded before Flop (didn't bet)
Seat 3: singureu25 (small blind) folded on the Flop



PokerStars Hand #243269394025: Tournament #3581587757, $0.92+$0.08 USD Hold'em No Limit - Level II (15/30) - 2023/04/23 17:36:06 CET [2023/04/23 11:36:06 ET]
Table '3581587757 1' 3-max Seat #3 is the button
Seat 1: Mahu2021 (330 in chips) 
Seat 2: Maijala17 (260 in chips) 
Seat 3: singureu25 (910 in chips) 
Mahu2021: posts small blind 15
Maijala17: posts big blind 30
*** HOLE CARDS ***
Dealt to Mahu2021 [4d 8h]
singureu25: calls 30
Mahu2021: folds 
Maijala17: checks 
*** FLOP *** [Tc 4c 6d]
Maijala17: bets 75
singureu25: folds 
Uncalled bet (75) returned to Maijala17
Maijala17 collected 75 from pot
*** SUMMARY ***
Total pot 75 | Rake 0 
Board [Tc 4c 6d]
Seat 1: Mahu2021 (small blind) folded before Flop
Seat 2: Maijala17 (big blind) collected (75)
Seat 3: singureu25 (button) folded on the Flop



PokerStars Hand #243269399490: Tournament #3581587757, $0.92+$0.08 USD Hold'em No Limit - Level II (15/30) - 2023/04/23 17:36:22 CET [2023/04/23 11:36:22 ET]
Table '3581587757 1' 3-max Seat #1 is the button
Seat 1: Mahu2021 (315 in chips) 
Seat 2: Maijala17 (305 in chips) 
Seat 3: singureu25 (880 in chips) 
Maijala17: posts small blind 15
singureu25: posts big blind 30
*** HOLE CARDS ***
Dealt to Mahu2021 [Td Ad]
Mahu2021: raises 60 to 90
Maijala17: raises 215 to 305 and is all-in
singureu25: folds 
Mahu2021: calls 215
*** FLOP *** [Kc 6h 9h]
*** TURN *** [Kc 6h 9h] [Ac]
*** RIVER *** [Kc 6h 9h Ac] [Qd]
*** SHOW DOWN ***
Maijala17: shows [Th 9s] (a pair of Nines)
Mahu2021: shows [Td Ad] (a pair of Aces)
Mahu2021 collected 640 from pot
Maijala17 finished the tournament in 3rd place
*** SUMMARY ***
Total pot 640 | Rake 0 
Board [Kc 6h 9h Ac Qd]
Seat 1: Mahu2021 (button) showed [Td Ad] and won (640) with a pair of Aces
Seat 2: Maijala17 (small blind) showed [Th 9s] and lost with a pair of Nines
Seat 3: singureu25 (big blind) folded before Flop



PokerStars Hand #243269406261: Tournament #3581587757, $0.92+$0.08 USD Hold'em No Limit - Level II (15/30) - 2023/04/23 17:36:42 CET [2023/04/23 11:36:42 ET]
Table '3581587757 1' 3-max Seat #3 is the button
Seat 1: Mahu2021 (650 in chips) 
Seat 3: singureu25 (850 in chips) 
singureu25: posts small blind 15
Mahu2021: posts big blind 30
*** HOLE CARDS ***
Dealt to Mahu2021 [3c 9d]
singureu25: calls 15
Mahu2021: checks 
*** FLOP *** [Qh 5s Ah]
Mahu2021: checks 
singureu25: checks 
*** TURN *** [Qh 5s Ah] [As]
Mahu2021: checks 
singureu25: checks 
*** RIVER *** [Qh 5s Ah As] [Td]
Mahu2021: bets 30
singureu25: folds 
Uncalled bet (30) returned to Mahu2021
Mahu2021 collected 60 from pot
Mahu2021: doesn't show hand 
*** SUMMARY ***
Total pot 60 | Rake 0 
Board [Qh 5s Ah As Td]
Seat 1: Mahu2021 (big blind) collected (60)
Seat 3: singureu25 (button) (small blind) folded on the River



PokerStars Hand #243269412035: Tournament #3581587757, $0.92+$0.08 USD Hold'em No Limit - Level II (15/30) - 2023/04/23 17:36:58 CET [2023/04/23 11:36:58 ET]
Table '3581587757 1' 3-max Seat #1 is the button
Seat 1: Mahu2021 (680 in chips) 
Seat 3: singureu25 (820 in chips) 
Mahu2021: posts small blind 15
singureu25: posts big blind 30
*** HOLE CARDS ***
Dealt to Mahu2021 [2h 9d]
Mahu2021: folds 
Uncalled bet (15) returned to singureu25
singureu25 collected 30 from pot
*** SUMMARY ***
Total pot 30 | Rake 0 
Seat 1: Mahu2021 (button) (small blind) folded before Flop
Seat 3: singureu25 (big blind) collected (30)



PokerStars Hand #243269413527: Tournament #3581587757, $0.92+$0.08 USD Hold'em No Limit - Level II (15/30) - 2023/04/23 17:37:03 CET [2023/04/23 11:37:03 ET]
Table '3581587757 1' 3-max Seat #3 is the button
Seat 1: Mahu2021 (665 in chips) 
Seat 3: singureu25 (835 in chips) 
singureu25: posts small blind 15
Mahu2021: posts big blind 30
*** HOLE CARDS ***
Dealt to Mahu2021 [9d Ts]
singureu25: raises 805 to 835 and is all-in
Mahu2021: folds 
Uncalled bet (805) returned to singureu25
singureu25 collected 60 from pot
*** SUMMARY ***
Total pot 60 | Rake 0 
Seat 1: Mahu2021 (big blind) folded before Flop
Seat 3: singureu25 (button) (small blind) collected (60)



PokerStars Hand #243269416322: Tournament #3581587757, $0.92+$0.08 USD Hold'em No Limit - Level II (15/30) - 2023/04/23 17:37:11 CET [2023/04/23 11:37:11 ET]
Table '3581587757 1' 3-max Seat #1 is the button
Seat 1: Mahu2021 (635 in chips) 
Seat 3: singureu25 (865 in chips) 
Mahu2021: posts small blind 15
singureu25: posts big blind 30
*** HOLE CARDS ***
Dealt to Mahu2021 [Td Kd]
Mahu2021: raises 30 to 60
singureu25: folds 
Uncalled bet (30) returned to Mahu2021
Mahu2021 collected 60 from pot
Mahu2021: doesn't show hand 
*** SUMMARY ***
Total pot 60 | Rake 0 
Seat 1: Mahu2021 (button) (small blind) collected (60)
Seat 3: singureu25 (big blind) folded before Flop



PokerStars Hand #243269419554: Tournament #3581587757, $0.92+$0.08 USD Hold'em No Limit - Level II (15/30) - 2023/04/23 17:37:21 CET [2023/04/23 11:37:21 ET]
Table '3581587757 1' 3-max Seat #3 is the button
Seat 1: Mahu2021 (665 in chips) 
Seat 3: singureu25 (835 in chips) 
singureu25: posts small blind 15
Mahu2021: posts big blind 30
*** HOLE CARDS ***
Dealt to Mahu2021 [4c 3c]
singureu25: raises 805 to 835 and is all-in
Mahu2021: folds 
Uncalled bet (805) returned to singureu25
singureu25 collected 60 from pot
*** SUMMARY ***
Total pot 60 | Rake 0 
Seat 1: Mahu2021 (big blind) folded before Flop
Seat 3: singureu25 (button) (small blind) collected (60)



PokerStars Hand #243269422258: Tournament #3581587757, $0.92+$0.08 USD Hold'em No Limit - Level II (15/30) - 2023/04/23 17:37:29 CET [2023/04/23 11:37:29 ET]
Table '3581587757 1' 3-max Seat #1 is the button
Seat 1: Mahu2021 (635 in chips) 
Seat 3: singureu25 (865 in chips) 
Mahu2021: posts small blind 15
singureu25: posts big blind 30
*** HOLE CARDS ***
Dealt to Mahu2021 [Kd 4s]
Mahu2021: calls 15
singureu25: checks 
*** FLOP *** [3h 6c Js]
singureu25: checks 
Mahu2021: bets 30
singureu25: folds 
Uncalled bet (30) returned to Mahu2021
Mahu2021 collected 60 from pot
Mahu2021: doesn't show hand 
*** SUMMARY ***
Total pot 60 | Rake 0 
Board [3h 6c Js]
Seat 1: Mahu2021 (button) (small blind) collected (60)
Seat 3: singureu25 (big blind) folded on the Flop



PokerStars Hand #243269425889: Tournament #3581587757, $0.92+$0.08 USD Hold'em No Limit - Level II (15/30) - 2023/04/23 17:37:39 CET [2023/04/23 11:37:39 ET]
Table '3581587757 1' 3-max Seat #3 is the button
Seat 1: Mahu2021 (665 in chips) 
Seat 3: singureu25 (835 in chips) 
singureu25: posts small blind 15
Mahu2021: posts big blind 30
*** HOLE CARDS ***
Dealt to Mahu2021 [As 5c]
singureu25: raises 30 to 60
Mahu2021: calls 30
*** FLOP *** [Qd 3h 9d]
Mahu2021: checks 
singureu25: bets 60
Mahu2021: folds 
Uncalled bet (60) returned to singureu25
singureu25 collected 120 from pot
*** SUMMARY ***
Total pot 120 | Rake 0 
Board [Qd 3h 9d]
Seat 1: Mahu2021 (big blind) folded on the Flop
Seat 3: singureu25 (button) (small blind) collected (120)



PokerStars Hand #243269429673: Tournament #3581587757, $0.92+$0.08 USD Hold'em No Limit - Level II (15/30) - 2023/04/23 17:37:50 CET [2023/04/23 11:37:50 ET]
Table '3581587757 1' 3-max Seat #1 is the button
Seat 1: Mahu2021 (605 in chips) 
Seat 3: singureu25 (895 in chips) 
Mahu2021: posts small blind 15
singureu25: posts big blind 30
*** HOLE CARDS ***
Dealt to Mahu2021 [9s 8d]
Mahu2021: calls 15
singureu25: checks 
*** FLOP *** [3d Jd 6d]
singureu25: checks 
Mahu2021: bets 60
singureu25: folds 
Uncalled bet (60) returned to Mahu2021
Mahu2021 collected 60 from pot
Mahu2021: doesn't show hand 
*** SUMMARY ***
Total pot 60 | Rake 0 
Board [3d Jd 6d]
Seat 1: Mahu2021 (button) (small blind) collected (60)
Seat 3: singureu25 (big blind) folded on the Flop



PokerStars Hand #243269434671: Tournament #3581587757, $0.92+$0.08 USD Hold'em No Limit - Level II (15/30) - 2023/04/23 17:38:05 CET [2023/04/23 11:38:05 ET]
Table '3581587757 1' 3-max Seat #3 is the button
Seat 1: Mahu2021 (635 in chips) 
Seat 3: singureu25 (865 in chips) 
singureu25: posts small blind 15
Mahu2021: posts big blind 30
*** HOLE CARDS ***
Dealt to Mahu2021 [5c 8d]
singureu25: calls 15
Mahu2021: checks 
*** FLOP *** [3c Qc 9c]
Mahu2021: checks 
singureu25: bets 30
Mahu2021: calls 30
*** TURN *** [3c Qc 9c] [3s]
Mahu2021: checks 
singureu25: checks 
*** RIVER *** [3c Qc 9c 3s] [4s]
Mahu2021: bets 60
singureu25: folds 
Uncalled bet (60) returned to Mahu2021
Mahu2021 collected 120 from pot
Mahu2021: doesn't show hand 
*** SUMMARY ***
Total pot 120 | Rake 0 
Board [3c Qc 9c 3s 4s]
Seat 1: Mahu2021 (big blind) collected (120)
Seat 3: singureu25 (button) (small blind) folded on the River



PokerStars Hand #243269440642: Tournament #3581587757, $0.92+$0.08 USD Hold'em No Limit - Level II (15/30) - 2023/04/23 17:38:23 CET [2023/04/23 11:38:23 ET]
Table '3581587757 1' 3-max Seat #1 is the button
Seat 1: Mahu2021 (695 in chips) 
Seat 3: singureu25 (805 in chips) 
Mahu2021: posts small blind 15
singureu25: posts big blind 30
*** HOLE CARDS ***
Dealt to Mahu2021 [3d 9d]
Mahu2021: calls 15
singureu25: checks 
*** FLOP *** [Ks Jc Qs]
singureu25: checks 
Mahu2021: bets 60
singureu25: folds 
Uncalled bet (60) returned to Mahu2021
Mahu2021 collected 60 from pot
Mahu2021: doesn't show hand 
*** SUMMARY ***
Total pot 60 | Rake 0 
Board [Ks Jc Qs]
Seat 1: Mahu2021 (button) (small blind) collected (60)
Seat 3: singureu25 (big blind) folded on the Flop



PokerStars Hand #243269444412: Tournament #3581587757, $0.92+$0.08 USD Hold'em No Limit - Level II (15/30) - 2023/04/23 17:38:34 CET [2023/04/23 11:38:34 ET]
Table '3581587757 1' 3-max Seat #3 is the button
Seat 1: Mahu2021 (725 in chips) 
Seat 3: singureu25 (775 in chips) 
singureu25: posts small blind 15
Mahu2021: posts big blind 30
*** HOLE CARDS ***
Dealt to Mahu2021 [4s 2s]
singureu25: calls 15
Mahu2021: checks 
*** FLOP *** [Kd 5c 7h]
Mahu2021: checks 
singureu25: bets 30
Mahu2021: folds 
Uncalled bet (30) returned to singureu25
singureu25 collected 60 from pot
*** SUMMARY ***
Total pot 60 | Rake 0 
Board [Kd 5c 7h]
Seat 1: Mahu2021 (big blind) folded on the Flop
Seat 3: singureu25 (button) (small blind) collected (60)



PokerStars Hand #243269447919: Tournament #3581587757, $0.92+$0.08 USD Hold'em No Limit - Level II (15/30) - 2023/04/23 17:38:44 CET [2023/04/23 11:38:44 ET]
Table '3581587757 1' 3-max Seat #1 is the button
Seat 1: Mahu2021 (695 in chips) 
Seat 3: singureu25 (805 in chips) 
Mahu2021: posts small blind 15
singureu25: posts big blind 30
*** HOLE CARDS ***
Dealt to Mahu2021 [As 6c]
Mahu2021: calls 15
singureu25: raises 30 to 60
Mahu2021: calls 30
*** FLOP *** [3d Ah 6s]
singureu25: bets 30
Mahu2021: calls 30
*** TURN *** [3d Ah 6s] [5s]
singureu25: checks 
Mahu2021: checks 
*** RIVER *** [3d Ah 6s 5s] [9d]
singureu25: checks 
Mahu2021: bets 60
singureu25: folds 
Uncalled bet (60) returned to Mahu2021
Mahu2021 collected 180 from pot
Mahu2021: doesn't show hand 
*** SUMMARY ***
Total pot 180 | Rake 0 
Board [3d Ah 6s 5s 9d]
Seat 1: Mahu2021 (button) (small blind) collected (180)
Seat 3: singureu25 (big blind) folded on the River



PokerStars Hand #243269455680: Tournament #3581587757, $0.92+$0.08 USD Hold'em No Limit - Level III (20/40) - 2023/04/23 17:39:07 CET [2023/04/23 11:39:07 ET]
Table '3581587757 1' 3-max Seat #3 is the button
Seat 1: Mahu2021 (785 in chips) 
Seat 3: singureu25 (715 in chips) 
singureu25: posts small blind 20
Mahu2021: posts big blind 40
*** HOLE CARDS ***
Dealt to Mahu2021 [3s 7h]
singureu25: calls 20
Mahu2021: checks 
*** FLOP *** [8h 4h Kd]
Mahu2021: checks 
singureu25: bets 80
Mahu2021: folds 
Uncalled bet (80) returned to singureu25
singureu25 collected 80 from pot
*** SUMMARY ***
Total pot 80 | Rake 0 
Board [8h 4h Kd]
Seat 1: Mahu2021 (big blind) folded on the Flop
Seat 3: singureu25 (button) (small blind) collected (80)



PokerStars Hand #243269459325: Tournament #3581587757, $0.92+$0.08 USD Hold'em No Limit - Level III (20/40) - 2023/04/23 17:39:17 CET [2023/04/23 11:39:17 ET]
Table '3581587757 1' 3-max Seat #1 is the button
Seat 1: Mahu2021 (745 in chips) 
Seat 3: singureu25 (755 in chips) 
Mahu2021: posts small blind 20
singureu25: posts big blind 40
*** HOLE CARDS ***
Dealt to Mahu2021 [4d Ah]
Mahu2021: calls 20
singureu25: checks 
*** FLOP *** [6d 8h 8d]
singureu25: checks 
Mahu2021: bets 40
singureu25: folds 
Uncalled bet (40) returned to Mahu2021
Mahu2021 collected 80 from pot
Mahu2021: doesn't show hand 
*** SUMMARY ***
Total pot 80 | Rake 0 
Board [6d 8h 8d]
Seat 1: Mahu2021 (button) (small blind) collected (80)
Seat 3: singureu25 (big blind) folded on the Flop



PokerStars Hand #243269464385: Tournament #3581587757, $0.92+$0.08 USD Hold'em No Limit - Level III (20/40) - 2023/04/23 17:39:32 CET [2023/04/23 11:39:32 ET]
Table '3581587757 1' 3-max Seat #3 is the button
Seat 1: Mahu2021 (785 in chips) 
Seat 3: singureu25 (715 in chips) 
singureu25: posts small blind 20
Mahu2021: posts big blind 40
*** HOLE CARDS ***
Dealt to Mahu2021 [Kd 4s]
singureu25: folds 
Uncalled bet (20) returned to Mahu2021
Mahu2021 collected 40 from pot
Mahu2021: doesn't show hand 
*** SUMMARY ***
Total pot 40 | Rake 0 
Seat 1: Mahu2021 (big blind) collected (40)
Seat 3: singureu25 (button) (small blind) folded before Flop



PokerStars Hand #243269465941: Tournament #3581587757, $0.92+$0.08 USD Hold'em No Limit - Level III (20/40) - 2023/04/23 17:39:36 CET [2023/04/23 11:39:36 ET]
Table '3581587757 1' 3-max Seat #1 is the button
Seat 1: Mahu2021 (805 in chips) 
Seat 3: singureu25 (695 in chips) 
Mahu2021: posts small blind 20
singureu25: posts big blind 40
*** HOLE CARDS ***
Dealt to Mahu2021 [8h Qs]
Mahu2021: calls 20
singureu25: checks 
*** FLOP *** [6h 9s 2s]
singureu25: bets 40
Mahu2021: folds 
Uncalled bet (40) returned to singureu25
singureu25 collected 80 from pot
*** SUMMARY ***
Total pot 80 | Rake 0 
Board [6h 9s 2s]
Seat 1: Mahu2021 (button) (small blind) folded on the Flop
Seat 3: singureu25 (big blind) collected (80)



PokerStars Hand #243269469927: Tournament #3581587757, $0.92+$0.08 USD Hold'em No Limit - Level III (20/40) - 2023/04/23 17:39:48 CET [2023/04/23 11:39:48 ET]
Table '3581587757 1' 3-max Seat #3 is the button
Seat 1: Mahu2021 (765 in chips) 
Seat 3: singureu25 (735 in chips) 
singureu25: posts small blind 20
Mahu2021: posts big blind 40
*** HOLE CARDS ***
Dealt to Mahu2021 [6h Kd]
singureu25: raises 80 to 120
Mahu2021: folds 
Uncalled bet (80) returned to singureu25
singureu25 collected 80 from pot
*** SUMMARY ***
Total pot 80 | Rake 0 
Seat 1: Mahu2021 (big blind) folded before Flop
Seat 3: singureu25 (button) (small blind) collected (80)



PokerStars Hand #243269472507: Tournament #3581587757, $0.92+$0.08 USD Hold'em No Limit - Level III (20/40) - 2023/04/23 17:39:56 CET [2023/04/23 11:39:56 ET]
Table '3581587757 1' 3-max Seat #1 is the button
Seat 1: Mahu2021 (725 in chips) 
Seat 3: singureu25 (775 in chips) 
Mahu2021: posts small blind 20
singureu25: posts big blind 40
*** HOLE CARDS ***
Dealt to Mahu2021 [Qs Td]
Mahu2021: calls 20
singureu25: checks 
*** FLOP *** [8s Jh 5d]
singureu25: bets 40
Mahu2021: calls 40
*** TURN *** [8s Jh 5d] [2c]
singureu25: checks 
Mahu2021: checks 
*** RIVER *** [8s Jh 5d 2c] [8d]
singureu25: checks 
Mahu2021: checks 
*** SHOW DOWN ***
singureu25: shows [6c 9d] (a pair of Eights)
Mahu2021: shows [Qs Td] (a pair of Eights - Queen kicker)
Mahu2021 collected 160 from pot
*** SUMMARY ***
Total pot 160 | Rake 0 
Board [8s Jh 5d 2c 8d]
Seat 1: Mahu2021 (button) (small blind) showed [Qs Td] and won (160) with a pair of Eights
Seat 3: singureu25 (big blind) showed [6c 9d] and lost with a pair of Eights



PokerStars Hand #243269478538: Tournament #3581587757, $0.92+$0.08 USD Hold'em No Limit - Level III (20/40) - 2023/04/23 17:40:13 CET [2023/04/23 11:40:13 ET]
Table '3581587757 1' 3-max Seat #3 is the button
Seat 1: Mahu2021 (805 in chips) 
Seat 3: singureu25 (695 in chips) 
singureu25: posts small blind 20
Mahu2021: posts big blind 40
*** HOLE CARDS ***
Dealt to Mahu2021 [7h Ts]
singureu25: calls 20
Mahu2021: checks 
*** FLOP *** [5c Qs 9c]
Mahu2021: checks 
singureu25: checks 
*** TURN *** [5c Qs 9c] [5s]
Mahu2021: checks 
singureu25: checks 
*** RIVER *** [5c Qs 9c 5s] [3s]
Mahu2021: checks 
singureu25: checks 
*** SHOW DOWN ***
Mahu2021: shows [7h Ts] (a pair of Fives)
singureu25: shows [Kd 4h] (a pair of Fives - King kicker)
singureu25 collected 80 from pot
*** SUMMARY ***
Total pot 80 | Rake 0 
Board [5c Qs 9c 5s 3s]
Seat 1: Mahu2021 (big blind) showed [7h Ts] and lost with a pair of Fives
Seat 3: singureu25 (button) (small blind) showed [Kd 4h] and won (80) with a pair of Fives



PokerStars Hand #243269485035: Tournament #3581587757, $0.92+$0.08 USD Hold'em No Limit - Level III (20/40) - 2023/04/23 17:40:31 CET [2023/04/23 11:40:31 ET]
Table '3581587757 1' 3-max Seat #1 is the button
Seat 1: Mahu2021 (765 in chips) 
Seat 3: singureu25 (735 in chips) 
Mahu2021: posts small blind 20
singureu25: posts big blind 40
*** HOLE CARDS ***
Dealt to Mahu2021 [7c Ah]
Mahu2021: calls 20
singureu25: raises 80 to 120
Mahu2021: calls 80
*** FLOP *** [9c Qh Qs]
singureu25: bets 80
Mahu2021: folds 
Uncalled bet (80) returned to singureu25
singureu25 collected 240 from pot
*** SUMMARY ***
Total pot 240 | Rake 0 
Board [9c Qh Qs]
Seat 1: Mahu2021 (button) (small blind) folded on the Flop
Seat 3: singureu25 (big blind) collected (240)



PokerStars Hand #243269489487: Tournament #3581587757, $0.92+$0.08 USD Hold'em No Limit - Level III (20/40) - 2023/04/23 17:40:44 CET [2023/04/23 11:40:44 ET]
Table '3581587757 1' 3-max Seat #3 is the button
Seat 1: Mahu2021 (645 in chips) 
Seat 3: singureu25 (855 in chips) 
singureu25: posts small blind 20
Mahu2021: posts big blind 40
*** HOLE CARDS ***
Dealt to Mahu2021 [Kd Jd]
singureu25: raises 40 to 80
Mahu2021: calls 40
*** FLOP *** [5c 4c 3h]
Mahu2021: checks 
singureu25: checks 
*** TURN *** [5c 4c 3h] [5d]
Mahu2021: bets 80
singureu25: calls 80
*** RIVER *** [5c 4c 3h 5d] [8s]
Mahu2021: bets 320
singureu25: calls 320
*** SHOW DOWN ***
Mahu2021: shows [Kd Jd] (a pair of Fives)
singureu25: shows [8c Ad] (two pair, Eights and Fives)
singureu25 collected 960 from pot
*** SUMMARY ***
Total pot 960 | Rake 0 
Board [5c 4c 3h 5d 8s]
Seat 1: Mahu2021 (big blind) showed [Kd Jd] and lost with a pair of Fives
Seat 3: singureu25 (button) (small blind) showed [8c Ad] and won (960) with two pair, Eights and Fives



PokerStars Hand #243269497125: Tournament #3581587757, $0.92+$0.08 USD Hold'em No Limit - Level III (20/40) - 2023/04/23 17:41:06 CET [2023/04/23 11:41:06 ET]
Table '3581587757 1' 3-max Seat #1 is the button
Seat 1: Mahu2021 (165 in chips) 
Seat 3: singureu25 (1335 in chips) 
Mahu2021: posts small blind 20
singureu25: posts big blind 40
*** HOLE CARDS ***
Dealt to Mahu2021 [9c As]
Mahu2021: raises 125 to 165 and is all-in
singureu25: calls 125
*** FLOP *** [9s Qc Tc]
*** TURN *** [9s Qc Tc] [6s]
*** RIVER *** [9s Qc Tc 6s] [Ts]
*** SHOW DOWN ***
singureu25: shows [Kd 4h] (a pair of Tens)
Mahu2021: shows [9c As] (two pair, Tens and Nines)
Mahu2021 collected 330 from pot
*** SUMMARY ***
Total pot 330 | Rake 0 
Board [9s Qc Tc 6s Ts]
Seat 1: Mahu2021 (button) (small blind) showed [9c As] and won (330) with two pair, Tens and Nines
Seat 3: singureu25 (big blind) showed [Kd 4h] and lost with a pair of Tens



PokerStars Hand #243269502430: Tournament #3581587757, $0.92+$0.08 USD Hold'em No Limit - Level III (20/40) - 2023/04/23 17:41:22 CET [2023/04/23 11:41:22 ET]
Table '3581587757 1' 3-max Seat #3 is the button
Seat 1: Mahu2021 (330 in chips) 
Seat 3: singureu25 (1170 in chips) 
singureu25: posts small blind 20
Mahu2021: posts big blind 40
*** HOLE CARDS ***
Dealt to Mahu2021 [4c Qd]
singureu25: calls 20
Mahu2021: checks 
*** FLOP *** [Kh 3d 8h]
Mahu2021: checks 
singureu25: checks 
*** TURN *** [Kh 3d 8h] [Jc]
Mahu2021: checks 
singureu25: checks 
*** RIVER *** [Kh 3d 8h Jc] [2c]
Mahu2021: bets 40
singureu25: folds 
Uncalled bet (40) returned to Mahu2021
Mahu2021 collected 80 from pot
Mahu2021: doesn't show hand 
*** SUMMARY ***
Total pot 80 | Rake 0 
Board [Kh 3d 8h Jc 2c]
Seat 1: Mahu2021 (big blind) collected (80)
Seat 3: singureu25 (button) (small blind) folded on the River



PokerStars Hand #243269508725: Tournament #3581587757, $0.92+$0.08 USD Hold'em No Limit - Level III (20/40) - 2023/04/23 17:41:40 CET [2023/04/23 11:41:40 ET]
Table '3581587757 1' 3-max Seat #1 is the button
Seat 1: Mahu2021 (370 in chips) 
Seat 3: singureu25 (1130 in chips) 
Mahu2021: posts small blind 20
singureu25: posts big blind 40
*** HOLE CARDS ***
Dealt to Mahu2021 [2d 4c]
Mahu2021: folds 
Uncalled bet (20) returned to singureu25
singureu25 collected 40 from pot
*** SUMMARY ***
Total pot 40 | Rake 0 
Seat 1: Mahu2021 (button) (small blind) folded before Flop
Seat 3: singureu25 (big blind) collected (40)



PokerStars Hand #243269510219: Tournament #3581587757, $0.92+$0.08 USD Hold'em No Limit - Level III (20/40) - 2023/04/23 17:41:44 CET [2023/04/23 11:41:44 ET]
Table '3581587757 1' 3-max Seat #3 is the button
Seat 1: Mahu2021 (350 in chips) 
Seat 3: singureu25 (1150 in chips) 
singureu25: posts small blind 20
Mahu2021: posts big blind 40
*** HOLE CARDS ***
Dealt to Mahu2021 [2d Kc]
singureu25: raises 40 to 80
Mahu2021: folds 
Uncalled bet (40) returned to singureu25
singureu25 collected 80 from pot
*** SUMMARY ***
Total pot 80 | Rake 0 
Seat 1: Mahu2021 (big blind) folded before Flop
Seat 3: singureu25 (button) (small blind) collected (80)



PokerStars Hand #243269512745: Tournament #3581587757, $0.92+$0.08 USD Hold'em No Limit - Level III (20/40) - 2023/04/23 17:41:52 CET [2023/04/23 11:41:52 ET]
Table '3581587757 1' 3-max Seat #1 is the button
Seat 1: Mahu2021 (310 in chips) 
Seat 3: singureu25 (1190 in chips) 
Mahu2021: posts small blind 20
singureu25: posts big blind 40
*** HOLE CARDS ***
Dealt to Mahu2021 [3h 4c]
Mahu2021: folds 
Uncalled bet (20) returned to singureu25
singureu25 collected 40 from pot
*** SUMMARY ***
Total pot 40 | Rake 0 
Seat 1: Mahu2021 (button) (small blind) folded before Flop
Seat 3: singureu25 (big blind) collected (40)



PokerStars Hand #243269514409: Tournament #3581587757, $0.92+$0.08 USD Hold'em No Limit - Level III (20/40) - 2023/04/23 17:41:57 CET [2023/04/23 11:41:57 ET]
Table '3581587757 1' 3-max Seat #3 is the button
Seat 1: Mahu2021 (290 in chips) 
Seat 3: singureu25 (1210 in chips) 
singureu25: posts small blind 20
Mahu2021: posts big blind 40
*** HOLE CARDS ***
Dealt to Mahu2021 [Qc 4s]
singureu25: raises 1170 to 1210 and is all-in
Mahu2021: folds 
Uncalled bet (1170) returned to singureu25
singureu25 collected 80 from pot
*** SUMMARY ***
Total pot 80 | Rake 0 
Seat 1: Mahu2021 (big blind) folded before Flop
Seat 3: singureu25 (button) (small blind) collected (80)



PokerStars Hand #243269518949: Tournament #3581587757, $0.92+$0.08 USD Hold'em No Limit - Level IV (30/60) - 2023/04/23 17:42:10 CET [2023/04/23 11:42:10 ET]
Table '3581587757 1' 3-max Seat #1 is the button
Seat 1: Mahu2021 (250 in chips) 
Seat 3: singureu25 (1250 in chips) 
Mahu2021: posts small blind 30
singureu25: posts big blind 60
*** HOLE CARDS ***
Dealt to Mahu2021 [Qc Ac]
Mahu2021: raises 190 to 250 and is all-in
singureu25: calls 190
*** FLOP *** [7s Jc Ah]
*** TURN *** [7s Jc Ah] [Qd]
*** RIVER *** [7s Jc Ah Qd] [Ks]
*** SHOW DOWN ***
singureu25: shows [As 2c] (a pair of Aces)
Mahu2021: shows [Qc Ac] (two pair, Aces and Queens)
Mahu2021 collected 500 from pot
*** SUMMARY ***
Total pot 500 | Rake 0 
Board [7s Jc Ah Qd Ks]
Seat 1: Mahu2021 (button) (small blind) showed [Qc Ac] and won (500) with two pair, Aces and Queens
Seat 3: singureu25 (big blind) showed [As 2c] and lost with a pair of Aces



PokerStars Hand #243269523479: Tournament #3581587757, $0.92+$0.08 USD Hold'em No Limit - Level IV (30/60) - 2023/04/23 17:42:22 CET [2023/04/23 11:42:22 ET]
Table '3581587757 1' 3-max Seat #3 is the button
Seat 1: Mahu2021 (500 in chips) 
Seat 3: singureu25 (1000 in chips) 
singureu25: posts small blind 30
Mahu2021: posts big blind 60
*** HOLE CARDS ***
Dealt to Mahu2021 [2d 2s]
singureu25: folds 
Uncalled bet (30) returned to Mahu2021
Mahu2021 collected 60 from pot
Mahu2021: doesn't show hand 
*** SUMMARY ***
Total pot 60 | Rake 0 
Seat 1: Mahu2021 (big blind) collected (60)
Seat 3: singureu25 (button) (small blind) folded before Flop



PokerStars Hand #243269525366: Tournament #3581587757, $0.92+$0.08 USD Hold'em No Limit - Level IV (30/60) - 2023/04/23 17:42:28 CET [2023/04/23 11:42:28 ET]
Table '3581587757 1' 3-max Seat #1 is the button
Seat 1: Mahu2021 (530 in chips) 
Seat 3: singureu25 (970 in chips) 
Mahu2021: posts small blind 30
singureu25: posts big blind 60
*** HOLE CARDS ***
Dealt to Mahu2021 [3c Ts]
Mahu2021: folds 
Uncalled bet (30) returned to singureu25
singureu25 collected 60 from pot
*** SUMMARY ***
Total pot 60 | Rake 0 
Seat 1: Mahu2021 (button) (small blind) folded before Flop
Seat 3: singureu25 (big blind) collected (60)



PokerStars Hand #243269526939: Tournament #3581587757, $0.92+$0.08 USD Hold'em No Limit - Level IV (30/60) - 2023/04/23 17:42:33 CET [2023/04/23 11:42:33 ET]
Table '3581587757 1' 3-max Seat #3 is the button
Seat 1: Mahu2021 (500 in chips) 
Seat 3: singureu25 (1000 in chips) 
singureu25: posts small blind 30
Mahu2021: posts big blind 60
*** HOLE CARDS ***
Dealt to Mahu2021 [4s 9h]
singureu25: calls 30
Mahu2021: checks 
*** FLOP *** [Kh Th 9s]
Mahu2021: checks 
singureu25: checks 
*** TURN *** [Kh Th 9s] [Td]
Mahu2021: bets 60
singureu25: calls 60
*** RIVER *** [Kh Th 9s Td] [Ks]
Mahu2021: checks 
singureu25: checks 
*** SHOW DOWN ***
Mahu2021: shows [4s 9h] (two pair, Kings and Tens)
singureu25: shows [Qs 5h] (two pair, Kings and Tens - Queen kicker)
singureu25 collected 240 from pot
*** SUMMARY ***
Total pot 240 | Rake 0 
Board [Kh Th 9s Td Ks]
Seat 1: Mahu2021 (big blind) showed [4s 9h] and lost with two pair, Kings and Tens
Seat 3: singureu25 (button) (small blind) showed [Qs 5h] and won (240) with two pair, Kings and Tens



PokerStars Hand #243269533104: Tournament #3581587757, $0.92+$0.08 USD Hold'em No Limit - Level IV (30/60) - 2023/04/23 17:42:50 CET [2023/04/23 11:42:50 ET]
Table '3581587757 1' 3-max Seat #1 is the button
Seat 1: Mahu2021 (380 in chips) 
Seat 3: singureu25 (1120 in chips) 
Mahu2021: posts small blind 30
singureu25: posts big blind 60
*** HOLE CARDS ***
Dealt to Mahu2021 [8s Qs]
Mahu2021: raises 320 to 380 and is all-in
singureu25: folds 
Uncalled bet (320) returned to Mahu2021
Mahu2021 collected 120 from pot
Mahu2021: doesn't show hand 
*** SUMMARY ***
Total pot 120 | Rake 0 
Seat 1: Mahu2021 (button) (small blind) collected (120)
Seat 3: singureu25 (big blind) folded before Flop



PokerStars Hand #243269535789: Tournament #3581587757, $0.92+$0.08 USD Hold'em No Limit - Level IV (30/60) - 2023/04/23 17:42:58 CET [2023/04/23 11:42:58 ET]
Table '3581587757 1' 3-max Seat #3 is the button
Seat 1: Mahu2021 (440 in chips) 
Seat 3: singureu25 (1060 in chips) 
singureu25: posts small blind 30
Mahu2021: posts big blind 60
*** HOLE CARDS ***
Dealt to Mahu2021 [Jc 9d]
singureu25: calls 30
Mahu2021: checks 
*** FLOP *** [4d 2d Qh]
Mahu2021: checks 
singureu25: checks 
*** TURN *** [4d 2d Qh] [Kc]
Mahu2021: checks 
singureu25: bets 1000 and is all-in
Mahu2021: folds 
Uncalled bet (1000) returned to singureu25
singureu25 collected 120 from pot
*** SUMMARY ***
Total pot 120 | Rake 0 
Board [4d 2d Qh Kc]
Seat 1: Mahu2021 (big blind) folded on the Turn
Seat 3: singureu25 (button) (small blind) collected (120)



PokerStars Hand #243269540921: Tournament #3581587757, $0.92+$0.08 USD Hold'em No Limit - Level IV (30/60) - 2023/04/23 17:43:14 CET [2023/04/23 11:43:14 ET]
Table '3581587757 1' 3-max Seat #1 is the button
Seat 1: Mahu2021 (380 in chips) 
Seat 3: singureu25 (1120 in chips) 
Mahu2021: posts small blind 30
singureu25: posts big blind 60
*** HOLE CARDS ***
Dealt to Mahu2021 [8s Jc]
Mahu2021: calls 30
singureu25: checks 
*** FLOP *** [Kd 7d 5h]
singureu25: checks 
Mahu2021: bets 60
singureu25: folds 
Uncalled bet (60) returned to Mahu2021
Mahu2021 collected 120 from pot
Mahu2021: doesn't show hand 
*** SUMMARY ***
Total pot 120 | Rake 0 
Board [Kd 7d 5h]
Seat 1: Mahu2021 (button) (small blind) collected (120)
Seat 3: singureu25 (big blind) folded on the Flop



PokerStars Hand #243269547328: Tournament #3581587757, $0.92+$0.08 USD Hold'em No Limit - Level IV (30/60) - 2023/04/23 17:43:32 CET [2023/04/23 11:43:32 ET]
Table '3581587757 1' 3-max Seat #3 is the button
Seat 1: Mahu2021 (440 in chips) 
Seat 3: singureu25 (1060 in chips) 
singureu25: posts small blind 30
Mahu2021: posts big blind 60
*** HOLE CARDS ***
Dealt to Mahu2021 [6h 7h]
singureu25: folds 
Uncalled bet (30) returned to Mahu2021
Mahu2021 collected 60 from pot
Mahu2021: doesn't show hand 
*** SUMMARY ***
Total pot 60 | Rake 0 
Seat 1: Mahu2021 (big blind) collected (60)
Seat 3: singureu25 (button) (small blind) folded before Flop



PokerStars Hand #243269549378: Tournament #3581587757, $0.92+$0.08 USD Hold'em No Limit - Level IV (30/60) - 2023/04/23 17:43:38 CET [2023/04/23 11:43:38 ET]
Table '3581587757 1' 3-max Seat #1 is the button
Seat 1: Mahu2021 (470 in chips) 
Seat 3: singureu25 (1030 in chips) 
Mahu2021: posts small blind 30
singureu25: posts big blind 60
*** HOLE CARDS ***
Dealt to Mahu2021 [3h 6s]
Mahu2021: folds 
Uncalled bet (30) returned to singureu25
singureu25 collected 60 from pot
*** SUMMARY ***
Total pot 60 | Rake 0 
Seat 1: Mahu2021 (button) (small blind) folded before Flop
Seat 3: singureu25 (big blind) collected (60)



PokerStars Hand #243269550865: Tournament #3581587757, $0.92+$0.08 USD Hold'em No Limit - Level IV (30/60) - 2023/04/23 17:43:42 CET [2023/04/23 11:43:42 ET]
Table '3581587757 1' 3-max Seat #3 is the button
Seat 1: Mahu2021 (440 in chips) 
Seat 3: singureu25 (1060 in chips) 
singureu25: posts small blind 30
Mahu2021: posts big blind 60
*** HOLE CARDS ***
Dealt to Mahu2021 [As 3c]
singureu25: calls 30
Mahu2021: raises 380 to 440 and is all-in
singureu25: folds 
Uncalled bet (380) returned to Mahu2021
Mahu2021 collected 120 from pot
Mahu2021: doesn't show hand 
*** SUMMARY ***
Total pot 120 | Rake 0 
Seat 1: Mahu2021 (big blind) collected (120)
Seat 3: singureu25 (button) (small blind) folded before Flop



PokerStars Hand #243269553335: Tournament #3581587757, $0.92+$0.08 USD Hold'em No Limit - Level IV (30/60) - 2023/04/23 17:43:49 CET [2023/04/23 11:43:49 ET]
Table '3581587757 1' 3-max Seat #1 is the button
Seat 1: Mahu2021 (500 in chips) 
Seat 3: singureu25 (1000 in chips) 
Mahu2021: posts small blind 30
singureu25: posts big blind 60
*** HOLE CARDS ***
Dealt to Mahu2021 [9d 3s]
Mahu2021: folds 
Uncalled bet (30) returned to singureu25
singureu25 collected 60 from pot
*** SUMMARY ***
Total pot 60 | Rake 0 
Seat 1: Mahu2021 (button) (small blind) folded before Flop
Seat 3: singureu25 (big blind) collected (60)



PokerStars Hand #243269554966: Tournament #3581587757, $0.92+$0.08 USD Hold'em No Limit - Level IV (30/60) - 2023/04/23 17:43:54 CET [2023/04/23 11:43:54 ET]
Table '3581587757 1' 3-max Seat #3 is the button
Seat 1: Mahu2021 (470 in chips) 
Seat 3: singureu25 (1030 in chips) 
singureu25: posts small blind 30
Mahu2021: posts big blind 60
*** HOLE CARDS ***
Dealt to Mahu2021 [Jh 4s]
singureu25: calls 30
Mahu2021: checks 
*** FLOP *** [4c As Qh]
Mahu2021: checks 
singureu25: bets 60
Mahu2021: calls 60
*** TURN *** [4c As Qh] [Ks]
Mahu2021: checks 
singureu25: checks 
*** RIVER *** [4c As Qh Ks] [2d]
Mahu2021: checks 
singureu25: checks 
*** SHOW DOWN ***
Mahu2021: shows [Jh 4s] (a pair of Fours)
singureu25: shows [6h Qd] (a pair of Queens)
singureu25 collected 240 from pot
*** SUMMARY ***
Total pot 240 | Rake 0 
Board [4c As Qh Ks 2d]
Seat 1: Mahu2021 (big blind) showed [Jh 4s] and lost with a pair of Fours
Seat 3: singureu25 (button) (small blind) showed [6h Qd] and won (240) with a pair of Queens



PokerStars Hand #243269560465: Tournament #3581587757, $0.92+$0.08 USD Hold'em No Limit - Level IV (30/60) - 2023/04/23 17:44:10 CET [2023/04/23 11:44:10 ET]
Table '3581587757 1' 3-max Seat #1 is the button
Seat 1: Mahu2021 (350 in chips) 
Seat 3: singureu25 (1150 in chips) 
Mahu2021: posts small blind 30
singureu25: posts big blind 60
*** HOLE CARDS ***
Dealt to Mahu2021 [Jh Ts]
Mahu2021: raises 290 to 350 and is all-in
singureu25: folds 
Uncalled bet (290) returned to Mahu2021
Mahu2021 collected 120 from pot
Mahu2021: doesn't show hand 
*** SUMMARY ***
Total pot 120 | Rake 0 
Seat 1: Mahu2021 (button) (small blind) collected (120)
Seat 3: singureu25 (big blind) folded before Flop



PokerStars Hand #243269562768: Tournament #3581587757, $0.92+$0.08 USD Hold'em No Limit - Level IV (30/60) - 2023/04/23 17:44:17 CET [2023/04/23 11:44:17 ET]
Table '3581587757 1' 3-max Seat #3 is the button
Seat 1: Mahu2021 (410 in chips) 
Seat 3: singureu25 (1090 in chips) 
singureu25: posts small blind 30
Mahu2021: posts big blind 60
*** HOLE CARDS ***
Dealt to Mahu2021 [Qd Kc]
singureu25: raises 60 to 120
Mahu2021: raises 290 to 410 and is all-in
singureu25: calls 290
*** FLOP *** [Jd Ah 7h]
*** TURN *** [Jd Ah 7h] [Qs]
*** RIVER *** [Jd Ah 7h Qs] [2s]
*** SHOW DOWN ***
Mahu2021: shows [Qd Kc] (a pair of Queens)
singureu25: shows [Ad 8h] (a pair of Aces)
singureu25 collected 820 from pot
Mahu2021 finished the tournament in 2nd place
singureu25 wins the tournament and receives $3.00 - congratulations!
*** SUMMARY ***
Total pot 820 | Rake 0 
Board [Jd Ah 7h Qs 2s]
Seat 1: Mahu2021 (big blind) showed [Qd Kc] and lost with a pair of Queens
Seat 3: singureu25 (button) (small blind) showed [Ad 8h] and won (820) with a pair of Aces



