PokerStars Hand #254167779937: Tournament #3841596359, $0.46+$0.04 USD Hold'em No Limit - Level I (10/20) - 2025/01/03 8:33:17 CET [2025/01/03 2:33:17 ET]
Table '3841596359 1' 3-max Seat #1 is the button
Seat 1: isildurEE (500 in chips) 
Seat 2: panoskotre12345 (500 in chips) 
Seat 3: Mahu2021 (500 in chips) 
panoskotre12345: posts small blind 10
Mahu2021: posts big blind 20
*** HOLE CARDS ***
Dealt to Mahu2021 [Jh 6h]
isildurEE: raises 480 to 500 and is all-in
panoskotre12345 has timed out
panoskotre12345: folds 
panoskotre12345 is sitting out
Mahu2021: folds 
Uncalled bet (480) returned to isildurEE
isildurEE collected 50 from pot
isildurEE: doesn't show hand 
*** SUMMARY ***
Total pot 50 | Rake 0 
Seat 1: isildurEE (button) collected (50)
Seat 2: panoskotre12345 (small blind) folded before Flop
Seat 3: Mahu2021 (big blind) folded before Flop



PokerStars Hand #254167782789: Tournament #3841596359, $0.46+$0.04 USD Hold'em No Limit - Level I (10/20) - 2025/01/03 8:33:54 CET [2025/01/03 2:33:54 ET]
Table '3841596359 1' 3-max Seat #2 is the button
Seat 1: isildurEE (530 in chips) 
Seat 2: panoskotre12345 (490 in chips) is sitting out
Seat 3: Mahu2021 (480 in chips) 
Mahu2021: posts small blind 10
isildurEE: posts big blind 20
*** HOLE CARDS ***
Dealt to Mahu2021 [5d 2h]
panoskotre12345: folds 
Mahu2021: folds 
Uncalled bet (10) returned to isildurEE
isildurEE collected 20 from pot
isildurEE: doesn't show hand 
*** SUMMARY ***
Total pot 20 | Rake 0 
Seat 1: isildurEE (big blind) collected (20)
Seat 2: panoskotre12345 (button) folded before Flop (didn't bet)
Seat 3: Mahu2021 (small blind) folded before Flop



PokerStars Hand #254167783148: Tournament #3841596359, $0.46+$0.04 USD Hold'em No Limit - Level I (10/20) - 2025/01/03 8:33:58 CET [2025/01/03 2:33:58 ET]
Table '3841596359 1' 3-max Seat #3 is the button
Seat 1: isildurEE (540 in chips) 
Seat 2: panoskotre12345 (490 in chips) is sitting out
Seat 3: Mahu2021 (470 in chips) 
isildurEE: posts small blind 10
panoskotre12345: posts big blind 20
*** HOLE CARDS ***
Dealt to Mahu2021 [Js 2s]
Mahu2021: folds 
isildurEE: raises 520 to 540 and is all-in
panoskotre12345: folds 
Uncalled bet (520) returned to isildurEE
isildurEE collected 40 from pot
isildurEE: doesn't show hand 
*** SUMMARY ***
Total pot 40 | Rake 0 
Seat 1: isildurEE (small blind) collected (40)
Seat 2: panoskotre12345 (big blind) folded before Flop
Seat 3: Mahu2021 (button) folded before Flop (didn't bet)



PokerStars Hand #254167783680: Tournament #3841596359, $0.46+$0.04 USD Hold'em No Limit - Level I (10/20) - 2025/01/03 8:34:05 CET [2025/01/03 2:34:05 ET]
Table '3841596359 1' 3-max Seat #1 is the button
Seat 1: isildurEE (560 in chips) 
Seat 2: panoskotre12345 (470 in chips) is sitting out
Seat 3: Mahu2021 (470 in chips) 
panoskotre12345: posts small blind 10
Mahu2021: posts big blind 20
*** HOLE CARDS ***
Dealt to Mahu2021 [8s Kh]
isildurEE: folds 
panoskotre12345: folds 
Uncalled bet (10) returned to Mahu2021
Mahu2021 collected 20 from pot
Mahu2021: doesn't show hand 
*** SUMMARY ***
Total pot 20 | Rake 0 
Seat 1: isildurEE (button) folded before Flop (didn't bet)
Seat 2: panoskotre12345 (small blind) folded before Flop
Seat 3: Mahu2021 (big blind) collected (20)



PokerStars Hand #254167784043: Tournament #3841596359, $0.46+$0.04 USD Hold'em No Limit - Level I (10/20) - 2025/01/03 8:34:10 CET [2025/01/03 2:34:10 ET]
Table '3841596359 1' 3-max Seat #2 is the button
Seat 1: isildurEE (560 in chips) 
Seat 2: panoskotre12345 (460 in chips) is sitting out
Seat 3: Mahu2021 (480 in chips) 
Mahu2021: posts small blind 10
isildurEE: posts big blind 20
*** HOLE CARDS ***
Dealt to Mahu2021 [2h 9d]
panoskotre12345: folds 
Mahu2021: folds 
Uncalled bet (10) returned to isildurEE
isildurEE collected 20 from pot
isildurEE: doesn't show hand 
*** SUMMARY ***
Total pot 20 | Rake 0 
Seat 1: isildurEE (big blind) collected (20)
Seat 2: panoskotre12345 (button) folded before Flop (didn't bet)
Seat 3: Mahu2021 (small blind) folded before Flop



PokerStars Hand #254167784384: Tournament #3841596359, $0.46+$0.04 USD Hold'em No Limit - Level I (10/20) - 2025/01/03 8:34:14 CET [2025/01/03 2:34:14 ET]
Table '3841596359 1' 3-max Seat #3 is the button
Seat 1: isildurEE (570 in chips) 
Seat 2: panoskotre12345 (460 in chips) is sitting out
Seat 3: Mahu2021 (470 in chips) 
isildurEE: posts small blind 10
panoskotre12345: posts big blind 20
*** HOLE CARDS ***
Dealt to Mahu2021 [Th 3d]
Mahu2021: folds 
isildurEE: raises 20 to 40
panoskotre12345: folds 
Uncalled bet (20) returned to isildurEE
isildurEE collected 40 from pot
isildurEE: doesn't show hand 
*** SUMMARY ***
Total pot 40 | Rake 0 
Seat 1: isildurEE (small blind) collected (40)
Seat 2: panoskotre12345 (big blind) folded before Flop
Seat 3: Mahu2021 (button) folded before Flop (didn't bet)



PokerStars Hand #254167784865: Tournament #3841596359, $0.46+$0.04 USD Hold'em No Limit - Level I (10/20) - 2025/01/03 8:34:20 CET [2025/01/03 2:34:20 ET]
Table '3841596359 1' 3-max Seat #1 is the button
Seat 1: isildurEE (590 in chips) 
Seat 2: panoskotre12345 (440 in chips) is sitting out
Seat 3: Mahu2021 (470 in chips) 
panoskotre12345: posts small blind 10
Mahu2021: posts big blind 20
*** HOLE CARDS ***
Dealt to Mahu2021 [Jd 8h]
isildurEE: folds 
panoskotre12345: folds 
Uncalled bet (10) returned to Mahu2021
Mahu2021 collected 20 from pot
Mahu2021: doesn't show hand 
*** SUMMARY ***
Total pot 20 | Rake 0 
Seat 1: isildurEE (button) folded before Flop (didn't bet)
Seat 2: panoskotre12345 (small blind) folded before Flop
Seat 3: Mahu2021 (big blind) collected (20)



PokerStars Hand #254167785403: Tournament #3841596359, $0.46+$0.04 USD Hold'em No Limit - Level I (10/20) - 2025/01/03 8:34:27 CET [2025/01/03 2:34:27 ET]
Table '3841596359 1' 3-max Seat #2 is the button
Seat 1: isildurEE (590 in chips) 
Seat 2: panoskotre12345 (430 in chips) is sitting out
Seat 3: Mahu2021 (480 in chips) 
Mahu2021: posts small blind 10
isildurEE: posts big blind 20
*** HOLE CARDS ***
Dealt to Mahu2021 [7s 6c]
panoskotre12345: folds 
Mahu2021: folds 
Uncalled bet (10) returned to isildurEE
isildurEE collected 20 from pot
isildurEE: doesn't show hand 
*** SUMMARY ***
Total pot 20 | Rake 0 
Seat 1: isildurEE (big blind) collected (20)
Seat 2: panoskotre12345 (button) folded before Flop (didn't bet)
Seat 3: Mahu2021 (small blind) folded before Flop



PokerStars Hand #254167785782: Tournament #3841596359, $0.46+$0.04 USD Hold'em No Limit - Level I (10/20) - 2025/01/03 8:34:32 CET [2025/01/03 2:34:32 ET]
Table '3841596359 1' 3-max Seat #3 is the button
Seat 1: isildurEE (600 in chips) 
Seat 2: panoskotre12345 (430 in chips) is sitting out
Seat 3: Mahu2021 (470 in chips) 
isildurEE: posts small blind 10
panoskotre12345: posts big blind 20
*** HOLE CARDS ***
Dealt to Mahu2021 [5h Qd]
Mahu2021: folds 
isildurEE: raises 20 to 40
panoskotre12345: folds 
Uncalled bet (20) returned to isildurEE
isildurEE collected 40 from pot
isildurEE: doesn't show hand 
*** SUMMARY ***
Total pot 40 | Rake 0 
Seat 1: isildurEE (small blind) collected (40)
Seat 2: panoskotre12345 (big blind) folded before Flop
Seat 3: Mahu2021 (button) folded before Flop (didn't bet)



PokerStars Hand #254167786419: Tournament #3841596359, $0.46+$0.04 USD Hold'em No Limit - Level I (10/20) - 2025/01/03 8:34:39 CET [2025/01/03 2:34:39 ET]
Table '3841596359 1' 3-max Seat #1 is the button
Seat 1: isildurEE (620 in chips) 
Seat 2: panoskotre12345 (410 in chips) is sitting out
Seat 3: Mahu2021 (470 in chips) 
panoskotre12345: posts small blind 10
Mahu2021: posts big blind 20
*** HOLE CARDS ***
Dealt to Mahu2021 [4d Ah]
isildurEE: raises 20 to 40
panoskotre12345: folds 
Mahu2021: calls 20
*** FLOP *** [5h 3h Tc]
Mahu2021: checks 
isildurEE: bets 20
Mahu2021: calls 20
*** TURN *** [5h 3h Tc] [Th]
Mahu2021: checks 
isildurEE: checks 
*** RIVER *** [5h 3h Tc Th] [7c]
Mahu2021: bets 60
isildurEE: calls 60
*** SHOW DOWN ***
Mahu2021: shows [4d Ah] (a pair of Tens)
isildurEE: shows [3s Qc] (two pair, Tens and Threes)
isildurEE collected 250 from pot
*** SUMMARY ***
Total pot 250 | Rake 0 
Board [5h 3h Tc Th 7c]
Seat 1: isildurEE (button) showed [3s Qc] and won (250) with two pair, Tens and Threes
Seat 2: panoskotre12345 (small blind) folded before Flop
Seat 3: Mahu2021 (big blind) showed [4d Ah] and lost with a pair of Tens



PokerStars Hand #254167788192: Tournament #3841596359, $0.46+$0.04 USD Hold'em No Limit - Level I (10/20) - 2025/01/03 8:35:02 CET [2025/01/03 2:35:02 ET]
Table '3841596359 1' 3-max Seat #2 is the button
Seat 1: isildurEE (750 in chips) 
Seat 2: panoskotre12345 (400 in chips) is sitting out
Seat 3: Mahu2021 (350 in chips) 
Mahu2021: posts small blind 10
isildurEE: posts big blind 20
*** HOLE CARDS ***
Dealt to Mahu2021 [Ts 2s]
panoskotre12345: folds 
panoskotre12345 has returned
Mahu2021: folds 
Uncalled bet (10) returned to isildurEE
isildurEE collected 20 from pot
isildurEE: doesn't show hand 
*** SUMMARY ***
Total pot 20 | Rake 0 
Seat 1: isildurEE (big blind) collected (20)
Seat 2: panoskotre12345 (button) folded before Flop (didn't bet)
Seat 3: Mahu2021 (small blind) folded before Flop



PokerStars Hand #254167788704: Tournament #3841596359, $0.46+$0.04 USD Hold'em No Limit - Level I (10/20) - 2025/01/03 8:35:08 CET [2025/01/03 2:35:08 ET]
Table '3841596359 1' 3-max Seat #3 is the button
Seat 1: isildurEE (760 in chips) 
Seat 2: panoskotre12345 (400 in chips) 
Seat 3: Mahu2021 (340 in chips) 
isildurEE: posts small blind 10
panoskotre12345: posts big blind 20
*** HOLE CARDS ***
Dealt to Mahu2021 [Kh 4c]
Mahu2021: folds 
isildurEE: raises 740 to 760 and is all-in
panoskotre12345: folds 
Uncalled bet (740) returned to isildurEE
isildurEE collected 40 from pot
isildurEE: doesn't show hand 
*** SUMMARY ***
Total pot 40 | Rake 0 
Seat 1: isildurEE (small blind) collected (40)
Seat 2: panoskotre12345 (big blind) folded before Flop
Seat 3: Mahu2021 (button) folded before Flop (didn't bet)



PokerStars Hand #254167789990: Tournament #3841596359, $0.46+$0.04 USD Hold'em No Limit - Level II (15/30) - 2025/01/03 8:35:24 CET [2025/01/03 2:35:24 ET]
Table '3841596359 1' 3-max Seat #1 is the button
Seat 1: isildurEE (780 in chips) 
Seat 2: panoskotre12345 (380 in chips) 
Seat 3: Mahu2021 (340 in chips) 
panoskotre12345: posts small blind 15
Mahu2021: posts big blind 30
*** HOLE CARDS ***
Dealt to Mahu2021 [9d Js]
isildurEE: folds 
panoskotre12345: raises 30 to 60
Mahu2021: calls 30
*** FLOP *** [6s Ah 8h]
panoskotre12345: checks 
Mahu2021: checks 
*** TURN *** [6s Ah 8h] [8c]
panoskotre12345: checks 
Mahu2021: checks 
*** RIVER *** [6s Ah 8h 8c] [2c]
panoskotre12345: checks 
Mahu2021: checks 
*** SHOW DOWN ***
panoskotre12345: shows [Ks 4d] (a pair of Eights)
Mahu2021: mucks hand 
panoskotre12345 collected 120 from pot
*** SUMMARY ***
Total pot 120 | Rake 0 
Board [6s Ah 8h 8c 2c]
Seat 1: isildurEE (button) folded before Flop (didn't bet)
Seat 2: panoskotre12345 (small blind) showed [Ks 4d] and won (120) with a pair of Eights
Seat 3: Mahu2021 (big blind) mucked [9d Js]



PokerStars Hand #254167792327: Tournament #3841596359, $0.46+$0.04 USD Hold'em No Limit - Level II (15/30) - 2025/01/03 8:35:53 CET [2025/01/03 2:35:53 ET]
Table '3841596359 1' 3-max Seat #2 is the button
Seat 1: isildurEE (780 in chips) 
Seat 2: panoskotre12345 (440 in chips) 
Seat 3: Mahu2021 (280 in chips) 
Mahu2021: posts small blind 15
isildurEE: posts big blind 30
*** HOLE CARDS ***
Dealt to Mahu2021 [6c 3s]
panoskotre12345: raises 410 to 440 and is all-in
Mahu2021: folds 
isildurEE: folds 
Uncalled bet (410) returned to panoskotre12345
panoskotre12345 collected 75 from pot
*** SUMMARY ***
Total pot 75 | Rake 0 
Seat 1: isildurEE (big blind) folded before Flop
Seat 2: panoskotre12345 (button) collected (75)
Seat 3: Mahu2021 (small blind) folded before Flop



PokerStars Hand #254167793672: Tournament #3841596359, $0.46+$0.04 USD Hold'em No Limit - Level II (15/30) - 2025/01/03 8:36:11 CET [2025/01/03 2:36:11 ET]
Table '3841596359 1' 3-max Seat #3 is the button
Seat 1: isildurEE (750 in chips) 
Seat 2: panoskotre12345 (485 in chips) 
Seat 3: Mahu2021 (265 in chips) 
isildurEE: posts small blind 15
panoskotre12345: posts big blind 30
*** HOLE CARDS ***
Dealt to Mahu2021 [6d 4d]
Mahu2021: raises 30 to 60
isildurEE: raises 690 to 750 and is all-in
panoskotre12345: folds 
Mahu2021: folds 
Uncalled bet (690) returned to isildurEE
isildurEE collected 150 from pot
isildurEE: doesn't show hand 
*** SUMMARY ***
Total pot 150 | Rake 0 
Seat 1: isildurEE (small blind) collected (150)
Seat 2: panoskotre12345 (big blind) folded before Flop
Seat 3: Mahu2021 (button) folded before Flop



PokerStars Hand #254167794690: Tournament #3841596359, $0.46+$0.04 USD Hold'em No Limit - Level II (15/30) - 2025/01/03 8:36:24 CET [2025/01/03 2:36:24 ET]
Table '3841596359 1' 3-max Seat #1 is the button
Seat 1: isildurEE (840 in chips) 
Seat 2: panoskotre12345 (455 in chips) 
Seat 3: Mahu2021 (205 in chips) 
panoskotre12345: posts small blind 15
Mahu2021: posts big blind 30
*** HOLE CARDS ***
Dealt to Mahu2021 [Ah 4s]
isildurEE: folds 
panoskotre12345: folds 
Uncalled bet (15) returned to Mahu2021
Mahu2021 collected 30 from pot
Mahu2021: doesn't show hand 
*** SUMMARY ***
Total pot 30 | Rake 0 
Seat 1: isildurEE (button) folded before Flop (didn't bet)
Seat 2: panoskotre12345 (small blind) folded before Flop
Seat 3: Mahu2021 (big blind) collected (30)



PokerStars Hand #254167795439: Tournament #3841596359, $0.46+$0.04 USD Hold'em No Limit - Level II (15/30) - 2025/01/03 8:36:34 CET [2025/01/03 2:36:34 ET]
Table '3841596359 1' 3-max Seat #2 is the button
Seat 1: isildurEE (840 in chips) 
Seat 2: panoskotre12345 (440 in chips) 
Seat 3: Mahu2021 (220 in chips) 
Mahu2021: posts small blind 15
isildurEE: posts big blind 30
*** HOLE CARDS ***
Dealt to Mahu2021 [Kc Jd]
panoskotre12345: raises 410 to 440 and is all-in
Mahu2021: calls 205 and is all-in
isildurEE: folds 
Uncalled bet (220) returned to panoskotre12345
*** FLOP *** [5h Ad 4c]
*** TURN *** [5h Ad 4c] [4d]
*** RIVER *** [5h Ad 4c 4d] [Ts]
*** SHOW DOWN ***
Mahu2021: shows [Kc Jd] (a pair of Fours)
panoskotre12345: shows [9h Qh] (a pair of Fours - lower kicker)
Mahu2021 collected 470 from pot
*** SUMMARY ***
Total pot 470 | Rake 0 
Board [5h Ad 4c 4d Ts]
Seat 1: isildurEE (big blind) folded before Flop
Seat 2: panoskotre12345 (button) showed [9h Qh] and lost with a pair of Fours
Seat 3: Mahu2021 (small blind) showed [Kc Jd] and won (470) with a pair of Fours



PokerStars Hand #254167796801: Tournament #3841596359, $0.46+$0.04 USD Hold'em No Limit - Level II (15/30) - 2025/01/03 8:36:50 CET [2025/01/03 2:36:50 ET]
Table '3841596359 1' 3-max Seat #3 is the button
Seat 1: isildurEE (810 in chips) 
Seat 2: panoskotre12345 (220 in chips) 
Seat 3: Mahu2021 (470 in chips) 
isildurEE: posts small blind 15
panoskotre12345: posts big blind 30
*** HOLE CARDS ***
Dealt to Mahu2021 [Ks 7s]
Mahu2021: calls 30
isildurEE: raises 780 to 810 and is all-in
panoskotre12345: calls 190 and is all-in
Mahu2021: folds 
Uncalled bet (590) returned to isildurEE
*** FLOP *** [8h 7h 9h]
*** TURN *** [8h 7h 9h] [2d]
*** RIVER *** [8h 7h 9h 2d] [2c]
*** SHOW DOWN ***
isildurEE: shows [Qc Kh] (a pair of Deuces)
panoskotre12345: shows [Kd Ad] (a pair of Deuces - Ace kicker)
panoskotre12345 collected 470 from pot
*** SUMMARY ***
Total pot 470 | Rake 0 
Board [8h 7h 9h 2d 2c]
Seat 1: isildurEE (small blind) showed [Qc Kh] and lost with a pair of Deuces
Seat 2: panoskotre12345 (big blind) showed [Kd Ad] and won (470) with a pair of Deuces
Seat 3: Mahu2021 (button) folded before Flop



PokerStars Hand #254167798189: Tournament #3841596359, $0.46+$0.04 USD Hold'em No Limit - Level II (15/30) - 2025/01/03 8:37:08 CET [2025/01/03 2:37:08 ET]
Table '3841596359 1' 3-max Seat #1 is the button
Seat 1: isildurEE (590 in chips) 
Seat 2: panoskotre12345 (470 in chips) 
Seat 3: Mahu2021 (440 in chips) 
panoskotre12345: posts small blind 15
Mahu2021: posts big blind 30
*** HOLE CARDS ***
Dealt to Mahu2021 [6d Jd]
isildurEE: folds 
panoskotre12345: folds 
Uncalled bet (15) returned to Mahu2021
Mahu2021 collected 30 from pot
Mahu2021: doesn't show hand 
*** SUMMARY ***
Total pot 30 | Rake 0 
Seat 1: isildurEE (button) folded before Flop (didn't bet)
Seat 2: panoskotre12345 (small blind) folded before Flop
Seat 3: Mahu2021 (big blind) collected (30)



PokerStars Hand #254167798854: Tournament #3841596359, $0.46+$0.04 USD Hold'em No Limit - Level II (15/30) - 2025/01/03 8:37:16 CET [2025/01/03 2:37:16 ET]
Table '3841596359 1' 3-max Seat #2 is the button
Seat 1: isildurEE (590 in chips) 
Seat 2: panoskotre12345 (455 in chips) 
Seat 3: Mahu2021 (455 in chips) 
Mahu2021: posts small blind 15
isildurEE: posts big blind 30
*** HOLE CARDS ***
Dealt to Mahu2021 [8d 6s]
panoskotre12345: folds 
Mahu2021: folds 
Uncalled bet (15) returned to isildurEE
isildurEE collected 30 from pot
isildurEE: doesn't show hand 
*** SUMMARY ***
Total pot 30 | Rake 0 
Seat 1: isildurEE (big blind) collected (30)
Seat 2: panoskotre12345 (button) folded before Flop (didn't bet)
Seat 3: Mahu2021 (small blind) folded before Flop



PokerStars Hand #254167799588: Tournament #3841596359, $0.46+$0.04 USD Hold'em No Limit - Level III (20/40) - 2025/01/03 8:37:26 CET [2025/01/03 2:37:26 ET]
Table '3841596359 1' 3-max Seat #3 is the button
Seat 1: isildurEE (605 in chips) 
Seat 2: panoskotre12345 (455 in chips) 
Seat 3: Mahu2021 (440 in chips) 
isildurEE: posts small blind 20
panoskotre12345: posts big blind 40
*** HOLE CARDS ***
Dealt to Mahu2021 [Td Qc]
Mahu2021: raises 40 to 80
isildurEE: raises 525 to 605 and is all-in
panoskotre12345: folds 
Mahu2021: folds 
Uncalled bet (525) returned to isildurEE
isildurEE collected 200 from pot
isildurEE: doesn't show hand 
*** SUMMARY ***
Total pot 200 | Rake 0 
Seat 1: isildurEE (small blind) collected (200)
Seat 2: panoskotre12345 (big blind) folded before Flop
Seat 3: Mahu2021 (button) folded before Flop



PokerStars Hand #254167800226: Tournament #3841596359, $0.46+$0.04 USD Hold'em No Limit - Level III (20/40) - 2025/01/03 8:37:34 CET [2025/01/03 2:37:34 ET]
Table '3841596359 1' 3-max Seat #1 is the button
Seat 1: isildurEE (725 in chips) 
Seat 2: panoskotre12345 (415 in chips) 
Seat 3: Mahu2021 (360 in chips) 
panoskotre12345: posts small blind 20
Mahu2021: posts big blind 40
*** HOLE CARDS ***
Dealt to Mahu2021 [8c Ad]
isildurEE: folds 
panoskotre12345: raises 375 to 415 and is all-in
Mahu2021: calls 320 and is all-in
Uncalled bet (55) returned to panoskotre12345
*** FLOP *** [2c 7h Jd]
*** TURN *** [2c 7h Jd] [5h]
*** RIVER *** [2c 7h Jd 5h] [Td]
*** SHOW DOWN ***
panoskotre12345: shows [Jc Qh] (a pair of Jacks)
Mahu2021: shows [8c Ad] (high card Ace)
panoskotre12345 collected 720 from pot
Mahu2021 finished the tournament in 3rd place
*** SUMMARY ***
Total pot 720 | Rake 0 
Board [2c 7h Jd 5h Td]
Seat 1: isildurEE (button) folded before Flop (didn't bet)
Seat 2: panoskotre12345 (small blind) showed [Jc Qh] and won (720) with a pair of Jacks
Seat 3: Mahu2021 (big blind) showed [8c Ad] and lost with high card Ace



