PokerStars Hand #247084084632: Tournament #3672615986, $1.84+$0.16 USD Hold'em No Limit - Level I (10/20) - 2023/11/13 12:57:07 CET [2023/11/13 6:57:07 ET]
Table '3672615986 1' 3-max Seat #1 is the button
Seat 1: Mahu2021 (500 in chips) 
Seat 2: Villains123 (500 in chips) 
Seat 3: eudesbombado (500 in chips) 
Villains123: posts small blind 10
eudesbombado: posts big blind 20
*** HOLE CARDS ***
Dealt to Mahu2021 [2s Qd]
Mahu2021: folds 
Villains123: calls 10
eudesbombado: checks 
*** FLOP *** [5s Kh 3c]
Villains123: bets 40
eudesbombado: folds 
Uncalled bet (40) returned to Villains123
Villains123 collected 40 from pot
Villains123: doesn't show hand 
*** SUMMARY ***
Total pot 40 | Rake 0 
Board [5s Kh 3c]
Seat 1: Mahu2021 (button) folded before Flop (didn't bet)
Seat 2: Villains123 (small blind) collected (40)
Seat 3: eudesbombado (big blind) folded on the Flop



PokerStars Hand #247084087126: Tournament #3672615986, $1.84+$0.16 USD Hold'em No Limit - Level I (10/20) - 2023/11/13 12:57:27 CET [2023/11/13 6:57:27 ET]
Table '3672615986 1' 3-max Seat #2 is the button
Seat 1: Mahu2021 (500 in chips) 
Seat 2: Villains123 (520 in chips) 
Seat 3: eudesbombado (480 in chips) 
eudesbombado: posts small blind 10
Mahu2021: posts big blind 20
*** HOLE CARDS ***
Dealt to Mahu2021 [Jd 3h]
Villains123: folds 
eudesbombado: calls 10
Mahu2021: checks 
*** FLOP *** [Js Th 2d]
eudesbombado: bets 20
Mahu2021: calls 20
*** TURN *** [Js Th 2d] [Kh]
eudesbombado: bets 40
Mahu2021: calls 40
*** RIVER *** [Js Th 2d Kh] [4d]
eudesbombado: bets 60
Mahu2021: calls 60
*** SHOW DOWN ***
eudesbombado: shows [7s Ts] (a pair of Tens)
Mahu2021: shows [Jd 3h] (a pair of Jacks)
Mahu2021 collected 280 from pot
*** SUMMARY ***
Total pot 280 | Rake 0 
Board [Js Th 2d Kh 4d]
Seat 1: Mahu2021 (big blind) showed [Jd 3h] and won (280) with a pair of Jacks
Seat 2: Villains123 (button) folded before Flop (didn't bet)
Seat 3: eudesbombado (small blind) showed [7s Ts] and lost with a pair of Tens



PokerStars Hand #247084091303: Tournament #3672615986, $1.84+$0.16 USD Hold'em No Limit - Level I (10/20) - 2023/11/13 12:57:59 CET [2023/11/13 6:57:59 ET]
Table '3672615986 1' 3-max Seat #3 is the button
Seat 1: Mahu2021 (640 in chips) 
Seat 2: Villains123 (520 in chips) 
Seat 3: eudesbombado (340 in chips) 
Mahu2021: posts small blind 10
Villains123: posts big blind 20
*** HOLE CARDS ***
Dealt to Mahu2021 [Ac 5s]
eudesbombado: calls 20
Mahu2021: calls 10
Villains123: checks 
*** FLOP *** [2h 2c 4c]
Mahu2021: bets 20
Villains123: folds 
eudesbombado: calls 20
*** TURN *** [2h 2c 4c] [8c]
Mahu2021: bets 40
eudesbombado: calls 40
*** RIVER *** [2h 2c 4c 8c] [Ks]
Mahu2021: checks 
eudesbombado: bets 60
Mahu2021: calls 60
*** SHOW DOWN ***
eudesbombado: shows [Qc 5c] (a flush, Queen high)
Mahu2021: mucks hand 
eudesbombado collected 300 from pot
*** SUMMARY ***
Total pot 300 | Rake 0 
Board [2h 2c 4c 8c Ks]
Seat 1: Mahu2021 (small blind) mucked [Ac 5s]
Seat 2: Villains123 (big blind) folded on the Flop
Seat 3: eudesbombado (button) showed [Qc 5c] and won (300) with a flush, Queen high



PokerStars Hand #247084096470: Tournament #3672615986, $1.84+$0.16 USD Hold'em No Limit - Level I (10/20) - 2023/11/13 12:58:39 CET [2023/11/13 6:58:39 ET]
Table '3672615986 1' 3-max Seat #1 is the button
Seat 1: Mahu2021 (500 in chips) 
Seat 2: Villains123 (500 in chips) 
Seat 3: eudesbombado (500 in chips) 
Villains123: posts small blind 10
eudesbombado: posts big blind 20
*** HOLE CARDS ***
Dealt to Mahu2021 [Qh 2d]
Mahu2021: folds 
Villains123: raises 20 to 40
eudesbombado: raises 40 to 80
Villains123: calls 40
*** FLOP *** [5c 2s 3s]
Villains123: checks 
eudesbombado: bets 80
Villains123: calls 80
*** TURN *** [5c 2s 3s] [8d]
Villains123: bets 160
eudesbombado: calls 160
*** RIVER *** [5c 2s 3s 8d] [8c]
Villains123: checks 
eudesbombado: bets 180 and is all-in
Villains123: folds 
Uncalled bet (180) returned to eudesbombado
eudesbombado collected 640 from pot
*** SUMMARY ***
Total pot 640 | Rake 0 
Board [5c 2s 3s 8d 8c]
Seat 1: Mahu2021 (button) folded before Flop (didn't bet)
Seat 2: Villains123 (small blind) folded on the River
Seat 3: eudesbombado (big blind) collected (640)



PokerStars Hand #247084101032: Tournament #3672615986, $1.84+$0.16 USD Hold'em No Limit - Level II (15/30) - 2023/11/13 12:59:15 CET [2023/11/13 6:59:15 ET]
Table '3672615986 1' 3-max Seat #2 is the button
Seat 1: Mahu2021 (500 in chips) 
Seat 2: Villains123 (180 in chips) 
Seat 3: eudesbombado (820 in chips) 
eudesbombado: posts small blind 15
Mahu2021: posts big blind 30
*** HOLE CARDS ***
Dealt to Mahu2021 [6c 9c]
Villains123: raises 150 to 180 and is all-in
eudesbombado: calls 165
Mahu2021: folds 
*** FLOP *** [Jc Jd 8s]
*** TURN *** [Jc Jd 8s] [Kc]
*** RIVER *** [Jc Jd 8s Kc] [9s]
*** SHOW DOWN ***
eudesbombado: shows [Ks 8h] (two pair, Kings and Jacks)
Villains123: shows [Qd 9h] (two pair, Jacks and Nines)
eudesbombado collected 390 from pot
Villains123 finished the tournament in 3rd place
*** SUMMARY ***
Total pot 390 | Rake 0 
Board [Jc Jd 8s Kc 9s]
Seat 1: Mahu2021 (big blind) folded before Flop
Seat 2: Villains123 (button) showed [Qd 9h] and lost with two pair, Jacks and Nines
Seat 3: eudesbombado (small blind) showed [Ks 8h] and won (390) with two pair, Kings and Jacks



PokerStars Hand #247084103211: Tournament #3672615986, $1.84+$0.16 USD Hold'em No Limit - Level II (15/30) - 2023/11/13 12:59:32 CET [2023/11/13 6:59:32 ET]
Table '3672615986 1' 3-max Seat #1 is the button
Seat 1: Mahu2021 (470 in chips) 
Seat 3: eudesbombado (1030 in chips) 
Mahu2021: posts small blind 15
eudesbombado: posts big blind 30
*** HOLE CARDS ***
Dealt to Mahu2021 [3d Ts]
Mahu2021: folds 
Uncalled bet (15) returned to eudesbombado
eudesbombado collected 30 from pot
*** SUMMARY ***
Total pot 30 | Rake 0 
Seat 1: Mahu2021 (button) (small blind) folded before Flop
Seat 3: eudesbombado (big blind) collected (30)



PokerStars Hand #247084103817: Tournament #3672615986, $1.84+$0.16 USD Hold'em No Limit - Level II (15/30) - 2023/11/13 12:59:37 CET [2023/11/13 6:59:37 ET]
Table '3672615986 1' 3-max Seat #3 is the button
Seat 1: Mahu2021 (455 in chips) 
Seat 3: eudesbombado (1045 in chips) 
eudesbombado: posts small blind 15
Mahu2021: posts big blind 30
*** HOLE CARDS ***
Dealt to Mahu2021 [3s 4d]
eudesbombado: calls 15
Mahu2021: checks 
*** FLOP *** [Th 5c 5d]
Mahu2021: checks 
eudesbombado: bets 30
Mahu2021: folds 
Uncalled bet (30) returned to eudesbombado
eudesbombado collected 60 from pot
*** SUMMARY ***
Total pot 60 | Rake 0 
Board [Th 5c 5d]
Seat 1: Mahu2021 (big blind) folded on the Flop
Seat 3: eudesbombado (button) (small blind) collected (60)



PokerStars Hand #247084105686: Tournament #3672615986, $1.84+$0.16 USD Hold'em No Limit - Level II (15/30) - 2023/11/13 12:59:51 CET [2023/11/13 6:59:51 ET]
Table '3672615986 1' 3-max Seat #1 is the button
Seat 1: Mahu2021 (425 in chips) 
Seat 3: eudesbombado (1075 in chips) 
Mahu2021: posts small blind 15
eudesbombado: posts big blind 30
*** HOLE CARDS ***
Dealt to Mahu2021 [5h 4s]
Mahu2021: calls 15
eudesbombado: raises 60 to 90
Mahu2021: calls 60
*** FLOP *** [5c 8d Th]
eudesbombado: bets 90
Mahu2021: raises 245 to 335 and is all-in
eudesbombado: calls 245
*** TURN *** [5c 8d Th] [Ah]
*** RIVER *** [5c 8d Th Ah] [Kd]
*** SHOW DOWN ***
eudesbombado: shows [7h 7s] (a pair of Sevens)
Mahu2021: shows [5h 4s] (a pair of Fives)
eudesbombado collected 850 from pot
Mahu2021 finished the tournament in 2nd place
eudesbombado wins the tournament and receives $4.00 - congratulations!
*** SUMMARY ***
Total pot 850 | Rake 0 
Board [5c 8d Th Ah Kd]
Seat 1: Mahu2021 (button) (small blind) showed [5h 4s] and lost with a pair of Fives
Seat 3: eudesbombado (big blind) showed [7h 7s] and won (850) with a pair of Sevens



