PokerStars Hand #244088683071: Tournament #3600208237, $1.38+$0.12 USD Hold'em No Limit - Level I (10/20) - 2023/06/04 19:18:31 CET [2023/06/04 13:18:31 ET]
Table '3600208237 1' 3-max Seat #1 is the button
Seat 1: Mahu2021 (500 in chips) 
Seat 2: almaysir (500 in chips) 
Seat 3: AMKRnono (500 in chips) 
almaysir: posts small blind 10
AMKRnono: posts big blind 20
*** HOLE CARDS ***
Dealt to Mahu2021 [4h Js]
Mahu2021: folds 
almaysir: folds 
Uncalled bet (10) returned to AMKRnono
AMKRnono collected 20 from pot
*** SUMMARY ***
Total pot 20 | Rake 0 
Seat 1: Mahu2021 (button) folded before Flop (didn't bet)
Seat 2: almaysir (small blind) folded before Flop
Seat 3: AMKRnono (big blind) collected (20)



PokerStars Hand #244088685198: Tournament #3600208237, $1.38+$0.12 USD Hold'em No Limit - Level I (10/20) - 2023/06/04 19:18:37 CET [2023/06/04 13:18:37 ET]
Table '3600208237 1' 3-max Seat #2 is the button
Seat 1: Mahu2021 (500 in chips) 
Seat 2: almaysir (490 in chips) 
Seat 3: AMKRnono (510 in chips) 
AMKRnono: posts small blind 10
Mahu2021: posts big blind 20
*** HOLE CARDS ***
Dealt to Mahu2021 [5c Kd]
almaysir: folds 
AMKRnono: calls 10
Mahu2021: checks 
*** FLOP *** [2s Qs Ac]
AMKRnono: checks 
Mahu2021: checks 
*** TURN *** [2s Qs Ac] [Ks]
AMKRnono: bets 20
Mahu2021: calls 20
*** RIVER *** [2s Qs Ac Ks] [Th]
AMKRnono: checks 
Mahu2021: checks 
*** SHOW DOWN ***
AMKRnono: shows [8c 6c] (high card Ace)
Mahu2021: shows [5c Kd] (a pair of Kings)
Mahu2021 collected 80 from pot
*** SUMMARY ***
Total pot 80 | Rake 0 
Board [2s Qs Ac Ks Th]
Seat 1: Mahu2021 (big blind) showed [5c Kd] and won (80) with a pair of Kings
Seat 2: almaysir (button) folded before Flop (didn't bet)
Seat 3: AMKRnono (small blind) showed [8c 6c] and lost with high card Ace



PokerStars Hand #244088693782: Tournament #3600208237, $1.38+$0.12 USD Hold'em No Limit - Level I (10/20) - 2023/06/04 19:19:03 CET [2023/06/04 13:19:03 ET]
Table '3600208237 1' 3-max Seat #3 is the button
Seat 1: Mahu2021 (540 in chips) 
Seat 2: almaysir (490 in chips) 
Seat 3: AMKRnono (470 in chips) 
Mahu2021: posts small blind 10
almaysir: posts big blind 20
*** HOLE CARDS ***
Dealt to Mahu2021 [Js 9s]
AMKRnono: folds 
Mahu2021: calls 10
almaysir: checks 
*** FLOP *** [6h 6d As]
Mahu2021: checks 
almaysir: checks 
*** TURN *** [6h 6d As] [Tc]
Mahu2021: checks 
almaysir: checks 
*** RIVER *** [6h 6d As Tc] [Td]
Mahu2021: checks 
almaysir: checks 
*** SHOW DOWN ***
Mahu2021: shows [Js 9s] (two pair, Tens and Sixes)
almaysir: shows [3s Qc] (two pair, Tens and Sixes)
Mahu2021 collected 20 from pot
almaysir collected 20 from pot
*** SUMMARY ***
Total pot 40 | Rake 0 
Board [6h 6d As Tc Td]
Seat 1: Mahu2021 (small blind) showed [Js 9s] and won (20) with two pair, Tens and Sixes
Seat 2: almaysir (big blind) showed [3s Qc] and won (20) with two pair, Tens and Sixes
Seat 3: AMKRnono (button) folded before Flop (didn't bet)



PokerStars Hand #244088702892: Tournament #3600208237, $1.38+$0.12 USD Hold'em No Limit - Level I (10/20) - 2023/06/04 19:19:29 CET [2023/06/04 13:19:29 ET]
Table '3600208237 1' 3-max Seat #1 is the button
Seat 1: Mahu2021 (540 in chips) 
Seat 2: almaysir (490 in chips) 
Seat 3: AMKRnono (470 in chips) 
almaysir: posts small blind 10
AMKRnono: posts big blind 20
*** HOLE CARDS ***
Dealt to Mahu2021 [Kd 9c]
Mahu2021: raises 20 to 40
almaysir: folds 
AMKRnono: calls 20
*** FLOP *** [Td 3c Ad]
AMKRnono: checks 
Mahu2021: checks 
*** TURN *** [Td 3c Ad] [9h]
AMKRnono: bets 90
Mahu2021: folds 
Uncalled bet (90) returned to AMKRnono
AMKRnono collected 90 from pot
*** SUMMARY ***
Total pot 90 | Rake 0 
Board [Td 3c Ad 9h]
Seat 1: Mahu2021 (button) folded on the Turn
Seat 2: almaysir (small blind) folded before Flop
Seat 3: AMKRnono (big blind) collected (90)



PokerStars Hand #244088709212: Tournament #3600208237, $1.38+$0.12 USD Hold'em No Limit - Level I (10/20) - 2023/06/04 19:19:47 CET [2023/06/04 13:19:47 ET]
Table '3600208237 1' 3-max Seat #2 is the button
Seat 1: Mahu2021 (500 in chips) 
Seat 2: almaysir (480 in chips) 
Seat 3: AMKRnono (520 in chips) 
AMKRnono: posts small blind 10
Mahu2021: posts big blind 20
*** HOLE CARDS ***
Dealt to Mahu2021 [9s Jc]
almaysir: raises 25 to 45
AMKRnono: folds 
Mahu2021: calls 25
*** FLOP *** [4s Kd Qh]
Mahu2021: checks 
almaysir: bets 60
Mahu2021: folds 
Uncalled bet (60) returned to almaysir
almaysir collected 100 from pot
*** SUMMARY ***
Total pot 100 | Rake 0 
Board [4s Kd Qh]
Seat 1: Mahu2021 (big blind) folded on the Flop
Seat 2: almaysir (button) collected (100)
Seat 3: AMKRnono (small blind) folded before Flop



PokerStars Hand #244088716724: Tournament #3600208237, $1.38+$0.12 USD Hold'em No Limit - Level I (10/20) - 2023/06/04 19:20:09 CET [2023/06/04 13:20:09 ET]
Table '3600208237 1' 3-max Seat #3 is the button
Seat 1: Mahu2021 (455 in chips) 
Seat 2: almaysir (535 in chips) 
Seat 3: AMKRnono (510 in chips) 
Mahu2021: posts small blind 10
almaysir: posts big blind 20
*** HOLE CARDS ***
Dealt to Mahu2021 [Qd Ac]
AMKRnono: raises 40 to 60
Mahu2021: calls 50
almaysir: folds 
*** FLOP *** [5s 7h 4h]
Mahu2021: checks 
AMKRnono: bets 140
Mahu2021: calls 140
*** TURN *** [5s 7h 4h] [Td]
Mahu2021: checks 
AMKRnono: bets 20
Mahu2021: raises 100 to 120
AMKRnono: raises 100 to 220
Mahu2021: raises 35 to 255 and is all-in
AMKRnono: calls 35
*** RIVER *** [5s 7h 4h Td] [3h]
*** SHOW DOWN ***
Mahu2021: shows [Qd Ac] (high card Ace)
AMKRnono: shows [Ah Ks] (high card Ace - King kicker)
AMKRnono collected 930 from pot
Mahu2021 finished the tournament in 3rd place
*** SUMMARY ***
Total pot 930 | Rake 0 
Board [5s 7h 4h Td 3h]
Seat 1: Mahu2021 (small blind) showed [Qd Ac] and lost with high card Ace
Seat 2: almaysir (big blind) folded before Flop
Seat 3: AMKRnono (button) showed [Ah Ks] and won (930) with high card Ace



