PokerStars Hand #243223048004: Tournament #3580520467, $0.92+$0.08 USD Hold'em No Limit - Level I (10/20) - 2023/04/21 10:16:49 CET [2023/04/21 4:16:49 ET]
Table '3580520467 1' 3-max Seat #1 is the button
Seat 1: Mahu2021 (500 in chips) 
Seat 2: SniffDaddy (500 in chips) 
Seat 3: vladyw (500 in chips) 
SniffDaddy: posts small blind 10
vladyw: posts big blind 20
*** HOLE CARDS ***
Dealt to Mahu2021 [7c Kc]
Mahu2021: calls 20
SniffDaddy: folds 
vladyw: checks 
*** FLOP *** [5d 9s 3s]
vladyw: checks 
Mahu2021: checks 
*** TURN *** [5d 9s 3s] [Qc]
vladyw: checks 
Mahu2021: checks 
*** RIVER *** [5d 9s 3s Qc] [4c]
vladyw: checks 
Mahu2021: checks 
*** SHOW DOWN ***
vladyw: shows [6c Th] (high card Queen)
Mahu2021: shows [7c Kc] (high card King)
Mahu2021 collected 50 from pot
*** SUMMARY ***
Total pot 50 | Rake 0 
Board [5d 9s 3s Qc 4c]
Seat 1: Mahu2021 (button) showed [7c Kc] and won (50) with high card King
Seat 2: SniffDaddy (small blind) folded before Flop
Seat 3: vladyw (big blind) showed [6c Th] and lost with high card Queen



PokerStars Hand #243223050682: Tournament #3580520467, $0.92+$0.08 USD Hold'em No Limit - Level I (10/20) - 2023/04/21 10:17:10 CET [2023/04/21 4:17:10 ET]
Table '3580520467 1' 3-max Seat #2 is the button
Seat 1: Mahu2021 (530 in chips) 
Seat 2: SniffDaddy (490 in chips) 
Seat 3: vladyw (480 in chips) 
vladyw: posts small blind 10
Mahu2021: posts big blind 20
*** HOLE CARDS ***
Dealt to Mahu2021 [9h Qs]
SniffDaddy: folds 
vladyw: calls 10
Mahu2021: checks 
*** FLOP *** [6c 8d 5h]
vladyw: bets 20
Mahu2021: calls 20
*** TURN *** [6c 8d 5h] [Ts]
vladyw: bets 20
Mahu2021: calls 20
*** RIVER *** [6c 8d 5h Ts] [8s]
vladyw: bets 20
Mahu2021: folds 
Uncalled bet (20) returned to vladyw
vladyw collected 120 from pot
vladyw: doesn't show hand 
*** SUMMARY ***
Total pot 120 | Rake 0 
Board [6c 8d 5h Ts 8s]
Seat 1: Mahu2021 (big blind) folded on the River
Seat 2: SniffDaddy (button) folded before Flop (didn't bet)
Seat 3: vladyw (small blind) collected (120)



PokerStars Hand #243223052879: Tournament #3580520467, $0.92+$0.08 USD Hold'em No Limit - Level I (10/20) - 2023/04/21 10:17:27 CET [2023/04/21 4:17:27 ET]
Table '3580520467 1' 3-max Seat #3 is the button
Seat 1: Mahu2021 (470 in chips) 
Seat 2: SniffDaddy (490 in chips) 
Seat 3: vladyw (540 in chips) 
Mahu2021: posts small blind 10
SniffDaddy: posts big blind 20
*** HOLE CARDS ***
Dealt to Mahu2021 [9h 7h]
vladyw: calls 20
Mahu2021: calls 10
SniffDaddy: checks 
*** FLOP *** [2h Jd 2s]
Mahu2021: checks 
SniffDaddy: bets 20
vladyw: folds 
Mahu2021: folds 
Uncalled bet (20) returned to SniffDaddy
SniffDaddy collected 60 from pot
*** SUMMARY ***
Total pot 60 | Rake 0 
Board [2h Jd 2s]
Seat 1: Mahu2021 (small blind) folded on the Flop
Seat 2: SniffDaddy (big blind) collected (60)
Seat 3: vladyw (button) folded on the Flop



PokerStars Hand #243223054368: Tournament #3580520467, $0.92+$0.08 USD Hold'em No Limit - Level I (10/20) - 2023/04/21 10:17:39 CET [2023/04/21 4:17:39 ET]
Table '3580520467 1' 3-max Seat #1 is the button
Seat 1: Mahu2021 (450 in chips) 
Seat 2: SniffDaddy (530 in chips) 
Seat 3: vladyw (520 in chips) 
SniffDaddy: posts small blind 10
vladyw: posts big blind 20
*** HOLE CARDS ***
Dealt to Mahu2021 [3h 7s]
Mahu2021: folds 
SniffDaddy: raises 20 to 40
vladyw: calls 20
*** FLOP *** [3d 2d Th]
SniffDaddy: checks 
vladyw: bets 20
SniffDaddy: calls 20
*** TURN *** [3d 2d Th] [5h]
SniffDaddy: checks 
vladyw: bets 120
SniffDaddy: raises 350 to 470 and is all-in
vladyw: calls 340 and is all-in
Uncalled bet (10) returned to SniffDaddy
*** RIVER *** [3d 2d Th 5h] [Kh]
*** SHOW DOWN ***
SniffDaddy: shows [8h 8c] (a pair of Eights)
vladyw: shows [2c 5c] (two pair, Fives and Deuces)
vladyw collected 1040 from pot
*** SUMMARY ***
Total pot 1040 | Rake 0 
Board [3d 2d Th 5h Kh]
Seat 1: Mahu2021 (button) folded before Flop (didn't bet)
Seat 2: SniffDaddy (small blind) showed [8h 8c] and lost with a pair of Eights
Seat 3: vladyw (big blind) showed [2c 5c] and won (1040) with two pair, Fives and Deuces



PokerStars Hand #243223057697: Tournament #3580520467, $0.92+$0.08 USD Hold'em No Limit - Level I (10/20) - 2023/04/21 10:18:05 CET [2023/04/21 4:18:05 ET]
Table '3580520467 1' 3-max Seat #2 is the button
Seat 1: Mahu2021 (450 in chips) 
Seat 2: SniffDaddy (10 in chips) 
Seat 3: vladyw (1040 in chips) 
vladyw: posts small blind 10
Mahu2021: posts big blind 20
*** HOLE CARDS ***
Dealt to Mahu2021 [Ah Ts]
SniffDaddy: calls 10 and is all-in
vladyw: calls 10
Mahu2021: checks 
*** FLOP *** [6c 3c 6h]
vladyw: checks 
Mahu2021: checks 
*** TURN *** [6c 3c 6h] [6s]
vladyw: checks 
Mahu2021: checks 
*** RIVER *** [6c 3c 6h 6s] [4s]
vladyw: checks 
Mahu2021: checks 
*** SHOW DOWN ***
vladyw: shows [2c Td] (three of a kind, Sixes)
Mahu2021: shows [Ah Ts] (three of a kind, Sixes - Ace kicker)
Mahu2021 collected 20 from side pot
SniffDaddy: mucks hand 
Mahu2021 collected 30 from main pot
SniffDaddy finished the tournament in 3rd place
*** SUMMARY ***
Total pot 50 Main pot 30. Side pot 20. | Rake 0 
Board [6c 3c 6h 6s 4s]
Seat 1: Mahu2021 (big blind) showed [Ah Ts] and won (50) with three of a kind, Sixes
Seat 2: SniffDaddy (button) mucked [9h As]
Seat 3: vladyw (small blind) showed [2c Td] and lost with three of a kind, Sixes



PokerStars Hand #243223060786: Tournament #3580520467, $0.92+$0.08 USD Hold'em No Limit - Level I (10/20) - 2023/04/21 10:18:29 CET [2023/04/21 4:18:29 ET]
Table '3580520467 1' 3-max Seat #1 is the button
Seat 1: Mahu2021 (480 in chips) 
Seat 3: vladyw (1020 in chips) 
Mahu2021: posts small blind 10
vladyw: posts big blind 20
*** HOLE CARDS ***
Dealt to Mahu2021 [Th 6s]
Mahu2021: calls 10
vladyw: checks 
*** FLOP *** [Js 3s Ad]
vladyw: checks 
Mahu2021: bets 20
vladyw: folds 
Uncalled bet (20) returned to Mahu2021
Mahu2021 collected 40 from pot
Mahu2021: doesn't show hand 
*** SUMMARY ***
Total pot 40 | Rake 0 
Board [Js 3s Ad]
Seat 1: Mahu2021 (button) (small blind) collected (40)
Seat 3: vladyw (big blind) folded on the Flop



PokerStars Hand #243223062093: Tournament #3580520467, $0.92+$0.08 USD Hold'em No Limit - Level I (10/20) - 2023/04/21 10:18:39 CET [2023/04/21 4:18:39 ET]
Table '3580520467 1' 3-max Seat #3 is the button
Seat 1: Mahu2021 (500 in chips) 
Seat 3: vladyw (1000 in chips) 
vladyw: posts small blind 10
Mahu2021: posts big blind 20
*** HOLE CARDS ***
Dealt to Mahu2021 [2d Th]
vladyw: calls 10
Mahu2021: checks 
*** FLOP *** [As Ts 8d]
Mahu2021: checks 
vladyw: bets 20
Mahu2021: calls 20
*** TURN *** [As Ts 8d] [7c]
Mahu2021: checks 
vladyw: checks 
*** RIVER *** [As Ts 8d 7c] [Ks]
Mahu2021: checks 
vladyw: checks 
*** SHOW DOWN ***
Mahu2021: shows [2d Th] (a pair of Tens)
vladyw: mucks hand 
Mahu2021 collected 80 from pot
*** SUMMARY ***
Total pot 80 | Rake 0 
Board [As Ts 8d 7c Ks]
Seat 1: Mahu2021 (big blind) showed [2d Th] and won (80) with a pair of Tens
Seat 3: vladyw (button) (small blind) mucked [8h 2h]



PokerStars Hand #243223064331: Tournament #3580520467, $0.92+$0.08 USD Hold'em No Limit - Level II (15/30) - 2023/04/21 10:18:56 CET [2023/04/21 4:18:56 ET]
Table '3580520467 1' 3-max Seat #1 is the button
Seat 1: Mahu2021 (540 in chips) 
Seat 3: vladyw (960 in chips) 
Mahu2021: posts small blind 15
vladyw: posts big blind 30
*** HOLE CARDS ***
Dealt to Mahu2021 [Qd Ac]
Mahu2021: raises 60 to 90
vladyw: calls 60
*** FLOP *** [Ad Ts 8c]
vladyw: checks 
Mahu2021: bets 180
vladyw: calls 180
*** TURN *** [Ad Ts 8c] [3d]
vladyw: checks 
Mahu2021: bets 270 and is all-in
vladyw: folds 
Uncalled bet (270) returned to Mahu2021
Mahu2021 collected 540 from pot
Mahu2021: doesn't show hand 
*** SUMMARY ***
Total pot 540 | Rake 0 
Board [Ad Ts 8c 3d]
Seat 1: Mahu2021 (button) (small blind) collected (540)
Seat 3: vladyw (big blind) folded on the Turn



PokerStars Hand #243223066413: Tournament #3580520467, $0.92+$0.08 USD Hold'em No Limit - Level II (15/30) - 2023/04/21 10:19:13 CET [2023/04/21 4:19:13 ET]
Table '3580520467 1' 3-max Seat #3 is the button
Seat 1: Mahu2021 (810 in chips) 
Seat 3: vladyw (690 in chips) 
vladyw: posts small blind 15
Mahu2021: posts big blind 30
*** HOLE CARDS ***
Dealt to Mahu2021 [5h 9d]
vladyw: raises 660 to 690 and is all-in
Mahu2021: folds 
Uncalled bet (660) returned to vladyw
vladyw collected 60 from pot
vladyw: doesn't show hand 
*** SUMMARY ***
Total pot 60 | Rake 0 
Seat 1: Mahu2021 (big blind) folded before Flop
Seat 3: vladyw (button) (small blind) collected (60)



PokerStars Hand #243223067303: Tournament #3580520467, $0.92+$0.08 USD Hold'em No Limit - Level II (15/30) - 2023/04/21 10:19:20 CET [2023/04/21 4:19:20 ET]
Table '3580520467 1' 3-max Seat #1 is the button
Seat 1: Mahu2021 (780 in chips) 
Seat 3: vladyw (720 in chips) 
Mahu2021: posts small blind 15
vladyw: posts big blind 30
*** HOLE CARDS ***
Dealt to Mahu2021 [Qd 5d]
Mahu2021: calls 15
vladyw: checks 
*** FLOP *** [Th 2d 5c]
vladyw: checks 
Mahu2021: bets 30
vladyw: calls 30
*** TURN *** [Th 2d 5c] [Jc]
vladyw: checks 
Mahu2021: bets 30
vladyw: calls 30
*** RIVER *** [Th 2d 5c Jc] [8h]
vladyw: checks 
Mahu2021: checks 
*** SHOW DOWN ***
vladyw: shows [6c As] (high card Ace)
Mahu2021: shows [Qd 5d] (a pair of Fives)
Mahu2021 collected 180 from pot
*** SUMMARY ***
Total pot 180 | Rake 0 
Board [Th 2d 5c Jc 8h]
Seat 1: Mahu2021 (button) (small blind) showed [Qd 5d] and won (180) with a pair of Fives
Seat 3: vladyw (big blind) showed [6c As] and lost with high card Ace



PokerStars Hand #243223069712: Tournament #3580520467, $0.92+$0.08 USD Hold'em No Limit - Level II (15/30) - 2023/04/21 10:19:38 CET [2023/04/21 4:19:38 ET]
Table '3580520467 1' 3-max Seat #3 is the button
Seat 1: Mahu2021 (870 in chips) 
Seat 3: vladyw (630 in chips) 
vladyw: posts small blind 15
Mahu2021: posts big blind 30
*** HOLE CARDS ***
Dealt to Mahu2021 [Ah 6d]
vladyw: folds 
Uncalled bet (15) returned to Mahu2021
Mahu2021 collected 30 from pot
Mahu2021: doesn't show hand 
*** SUMMARY ***
Total pot 30 | Rake 0 
Seat 1: Mahu2021 (big blind) collected (30)
Seat 3: vladyw (button) (small blind) folded before Flop



PokerStars Hand #243223070322: Tournament #3580520467, $0.92+$0.08 USD Hold'em No Limit - Level II (15/30) - 2023/04/21 10:19:43 CET [2023/04/21 4:19:43 ET]
Table '3580520467 1' 3-max Seat #1 is the button
Seat 1: Mahu2021 (885 in chips) 
Seat 3: vladyw (615 in chips) 
Mahu2021: posts small blind 15
vladyw: posts big blind 30
*** HOLE CARDS ***
Dealt to Mahu2021 [4d Ah]
Mahu2021: calls 15
vladyw: raises 585 to 615 and is all-in
Mahu2021: folds 
Uncalled bet (585) returned to vladyw
vladyw collected 60 from pot
vladyw: doesn't show hand 
*** SUMMARY ***
Total pot 60 | Rake 0 
Seat 1: Mahu2021 (button) (small blind) folded before Flop
Seat 3: vladyw (big blind) collected (60)



PokerStars Hand #243223071376: Tournament #3580520467, $0.92+$0.08 USD Hold'em No Limit - Level II (15/30) - 2023/04/21 10:19:51 CET [2023/04/21 4:19:51 ET]
Table '3580520467 1' 3-max Seat #3 is the button
Seat 1: Mahu2021 (855 in chips) 
Seat 3: vladyw (645 in chips) 
vladyw: posts small blind 15
Mahu2021: posts big blind 30
*** HOLE CARDS ***
Dealt to Mahu2021 [Kh 2h]
vladyw: calls 15
Mahu2021: checks 
*** FLOP *** [6s 9d 5c]
Mahu2021: checks 
vladyw: checks 
*** TURN *** [6s 9d 5c] [2c]
Mahu2021: bets 30
vladyw: calls 30
*** RIVER *** [6s 9d 5c 2c] [4h]
Mahu2021: checks 
vladyw: checks 
*** SHOW DOWN ***
Mahu2021: shows [Kh 2h] (a pair of Deuces)
vladyw: shows [4d 2d] (two pair, Fours and Deuces)
vladyw collected 120 from pot
*** SUMMARY ***
Total pot 120 | Rake 0 
Board [6s 9d 5c 2c 4h]
Seat 1: Mahu2021 (big blind) showed [Kh 2h] and lost with a pair of Deuces
Seat 3: vladyw (button) (small blind) showed [4d 2d] and won (120) with two pair, Fours and Deuces



PokerStars Hand #243223073245: Tournament #3580520467, $0.92+$0.08 USD Hold'em No Limit - Level II (15/30) - 2023/04/21 10:20:05 CET [2023/04/21 4:20:05 ET]
Table '3580520467 1' 3-max Seat #1 is the button
Seat 1: Mahu2021 (795 in chips) 
Seat 3: vladyw (705 in chips) 
Mahu2021: posts small blind 15
vladyw: posts big blind 30
*** HOLE CARDS ***
Dealt to Mahu2021 [2c 8h]
Mahu2021: folds 
Uncalled bet (15) returned to vladyw
vladyw collected 30 from pot
vladyw: doesn't show hand 
*** SUMMARY ***
Total pot 30 | Rake 0 
Seat 1: Mahu2021 (button) (small blind) folded before Flop
Seat 3: vladyw (big blind) collected (30)



PokerStars Hand #243223073769: Tournament #3580520467, $0.92+$0.08 USD Hold'em No Limit - Level II (15/30) - 2023/04/21 10:20:09 CET [2023/04/21 4:20:09 ET]
Table '3580520467 1' 3-max Seat #3 is the button
Seat 1: Mahu2021 (780 in chips) 
Seat 3: vladyw (720 in chips) 
vladyw: posts small blind 15
Mahu2021: posts big blind 30
*** HOLE CARDS ***
Dealt to Mahu2021 [4s 3h]
vladyw: calls 15
Mahu2021: checks 
*** FLOP *** [Td Ac 8h]
Mahu2021: checks 
vladyw: checks 
*** TURN *** [Td Ac 8h] [2h]
Mahu2021: bets 30
vladyw: calls 30
*** RIVER *** [Td Ac 8h 2h] [2c]
Mahu2021: checks 
vladyw: bets 660 and is all-in
Mahu2021: folds 
Uncalled bet (660) returned to vladyw
vladyw collected 120 from pot
vladyw: doesn't show hand 
*** SUMMARY ***
Total pot 120 | Rake 0 
Board [Td Ac 8h 2h 2c]
Seat 1: Mahu2021 (big blind) folded on the River
Seat 3: vladyw (button) (small blind) collected (120)



PokerStars Hand #243223075937: Tournament #3580520467, $0.92+$0.08 USD Hold'em No Limit - Level II (15/30) - 2023/04/21 10:20:26 CET [2023/04/21 4:20:26 ET]
Table '3580520467 1' 3-max Seat #1 is the button
Seat 1: Mahu2021 (720 in chips) 
Seat 3: vladyw (780 in chips) 
Mahu2021: posts small blind 15
vladyw: posts big blind 30
*** HOLE CARDS ***
Dealt to Mahu2021 [Js 2s]
Mahu2021: calls 15
vladyw: checks 
*** FLOP *** [3h Tc 2d]
vladyw: checks 
Mahu2021: bets 30
vladyw: folds 
Uncalled bet (30) returned to Mahu2021
Mahu2021 collected 60 from pot
Mahu2021: doesn't show hand 
*** SUMMARY ***
Total pot 60 | Rake 0 
Board [3h Tc 2d]
Seat 1: Mahu2021 (button) (small blind) collected (60)
Seat 3: vladyw (big blind) folded on the Flop



PokerStars Hand #243223077291: Tournament #3580520467, $0.92+$0.08 USD Hold'em No Limit - Level II (15/30) - 2023/04/21 10:20:36 CET [2023/04/21 4:20:36 ET]
Table '3580520467 1' 3-max Seat #3 is the button
Seat 1: Mahu2021 (750 in chips) 
Seat 3: vladyw (750 in chips) 
vladyw: posts small blind 15
Mahu2021: posts big blind 30
*** HOLE CARDS ***
Dealt to Mahu2021 [Tc 7h]
vladyw: calls 15
Mahu2021: checks 
*** FLOP *** [9d 3s Ac]
Mahu2021: checks 
vladyw: checks 
*** TURN *** [9d 3s Ac] [4c]
Mahu2021: checks 
vladyw: bets 30
Mahu2021: folds 
Uncalled bet (30) returned to vladyw
vladyw collected 60 from pot
vladyw: doesn't show hand 
*** SUMMARY ***
Total pot 60 | Rake 0 
Board [9d 3s Ac 4c]
Seat 1: Mahu2021 (big blind) folded on the Turn
Seat 3: vladyw (button) (small blind) collected (60)



PokerStars Hand #243223079035: Tournament #3580520467, $0.92+$0.08 USD Hold'em No Limit - Level II (15/30) - 2023/04/21 10:20:50 CET [2023/04/21 4:20:50 ET]
Table '3580520467 1' 3-max Seat #1 is the button
Seat 1: Mahu2021 (720 in chips) 
Seat 3: vladyw (780 in chips) 
Mahu2021: posts small blind 15
vladyw: posts big blind 30
*** HOLE CARDS ***
Dealt to Mahu2021 [5c 4s]
Mahu2021: calls 15
vladyw: checks 
*** FLOP *** [6d 8c Ah]
vladyw: checks 
Mahu2021: checks 
*** TURN *** [6d 8c Ah] [2s]
vladyw: checks 
Mahu2021: checks 
*** RIVER *** [6d 8c Ah 2s] [Tc]
vladyw: checks 
Mahu2021: checks 
*** SHOW DOWN ***
vladyw: shows [Jc 9d] (high card Ace)
Mahu2021: mucks hand 
vladyw collected 60 from pot
*** SUMMARY ***
Total pot 60 | Rake 0 
Board [6d 8c Ah 2s Tc]
Seat 1: Mahu2021 (button) (small blind) mucked [5c 4s]
Seat 3: vladyw (big blind) showed [Jc 9d] and won (60) with high card Ace



PokerStars Hand #243223080888: Tournament #3580520467, $0.92+$0.08 USD Hold'em No Limit - Level III (20/40) - 2023/04/21 10:21:05 CET [2023/04/21 4:21:05 ET]
Table '3580520467 1' 3-max Seat #3 is the button
Seat 1: Mahu2021 (690 in chips) 
Seat 3: vladyw (810 in chips) 
vladyw: posts small blind 20
Mahu2021: posts big blind 40
*** HOLE CARDS ***
Dealt to Mahu2021 [Tc 9s]
vladyw: calls 20
Mahu2021: checks 
*** FLOP *** [2c Td 8s]
Mahu2021: bets 40
vladyw: calls 40
*** TURN *** [2c Td 8s] [4c]
Mahu2021: bets 40
vladyw: calls 40
*** RIVER *** [2c Td 8s 4c] [Qs]
Mahu2021: bets 40
vladyw: raises 650 to 690 and is all-in
Mahu2021: folds 
Uncalled bet (650) returned to vladyw
vladyw collected 320 from pot
vladyw: doesn't show hand 
*** SUMMARY ***
Total pot 320 | Rake 0 
Board [2c Td 8s 4c Qs]
Seat 1: Mahu2021 (big blind) folded on the River
Seat 3: vladyw (button) (small blind) collected (320)



PokerStars Hand #243223083051: Tournament #3580520467, $0.92+$0.08 USD Hold'em No Limit - Level III (20/40) - 2023/04/21 10:21:22 CET [2023/04/21 4:21:22 ET]
Table '3580520467 1' 3-max Seat #1 is the button
Seat 1: Mahu2021 (530 in chips) 
Seat 3: vladyw (970 in chips) 
Mahu2021: posts small blind 20
vladyw: posts big blind 40
*** HOLE CARDS ***
Dealt to Mahu2021 [9h Jc]
Mahu2021: calls 20
vladyw: checks 
*** FLOP *** [6d 4h 9d]
vladyw: checks 
Mahu2021: bets 80
vladyw: calls 80
*** TURN *** [6d 4h 9d] [8c]
vladyw: checks 
Mahu2021: checks 
*** RIVER *** [6d 4h 9d 8c] [3d]
vladyw: checks 
Mahu2021: checks 
*** SHOW DOWN ***
vladyw: shows [Ts 5d] (high card Ten)
Mahu2021: shows [9h Jc] (a pair of Nines)
Mahu2021 collected 240 from pot
*** SUMMARY ***
Total pot 240 | Rake 0 
Board [6d 4h 9d 8c 3d]
Seat 1: Mahu2021 (button) (small blind) showed [9h Jc] and won (240) with a pair of Nines
Seat 3: vladyw (big blind) showed [Ts 5d] and lost with high card Ten



PokerStars Hand #243223085068: Tournament #3580520467, $0.92+$0.08 USD Hold'em No Limit - Level III (20/40) - 2023/04/21 10:21:38 CET [2023/04/21 4:21:38 ET]
Table '3580520467 1' 3-max Seat #3 is the button
Seat 1: Mahu2021 (650 in chips) 
Seat 3: vladyw (850 in chips) 
vladyw: posts small blind 20
Mahu2021: posts big blind 40
*** HOLE CARDS ***
Dealt to Mahu2021 [Ts 7h]
vladyw: folds 
Uncalled bet (20) returned to Mahu2021
Mahu2021 collected 40 from pot
Mahu2021: doesn't show hand 
*** SUMMARY ***
Total pot 40 | Rake 0 
Seat 1: Mahu2021 (big blind) collected (40)
Seat 3: vladyw (button) (small blind) folded before Flop



PokerStars Hand #243223085701: Tournament #3580520467, $0.92+$0.08 USD Hold'em No Limit - Level III (20/40) - 2023/04/21 10:21:43 CET [2023/04/21 4:21:43 ET]
Table '3580520467 1' 3-max Seat #1 is the button
Seat 1: Mahu2021 (670 in chips) 
Seat 3: vladyw (830 in chips) 
Mahu2021: posts small blind 20
vladyw: posts big blind 40
*** HOLE CARDS ***
Dealt to Mahu2021 [9h 7c]
Mahu2021: calls 20
vladyw: checks 
*** FLOP *** [6d Th 8s]
vladyw: checks 
Mahu2021: bets 40
vladyw: folds 
Uncalled bet (40) returned to Mahu2021
Mahu2021 collected 80 from pot
Mahu2021: doesn't show hand 
*** SUMMARY ***
Total pot 80 | Rake 0 
Board [6d Th 8s]
Seat 1: Mahu2021 (button) (small blind) collected (80)
Seat 3: vladyw (big blind) folded on the Flop



PokerStars Hand #243223086798: Tournament #3580520467, $0.92+$0.08 USD Hold'em No Limit - Level III (20/40) - 2023/04/21 10:21:52 CET [2023/04/21 4:21:52 ET]
Table '3580520467 1' 3-max Seat #3 is the button
Seat 1: Mahu2021 (710 in chips) 
Seat 3: vladyw (790 in chips) 
vladyw: posts small blind 20
Mahu2021: posts big blind 40
*** HOLE CARDS ***
Dealt to Mahu2021 [9s Qd]
vladyw: raises 80 to 120
Mahu2021: folds 
Uncalled bet (80) returned to vladyw
vladyw collected 80 from pot
vladyw: doesn't show hand 
*** SUMMARY ***
Total pot 80 | Rake 0 
Seat 1: Mahu2021 (big blind) folded before Flop
Seat 3: vladyw (button) (small blind) collected (80)



PokerStars Hand #243223087849: Tournament #3580520467, $0.92+$0.08 USD Hold'em No Limit - Level III (20/40) - 2023/04/21 10:22:00 CET [2023/04/21 4:22:00 ET]
Table '3580520467 1' 3-max Seat #1 is the button
Seat 1: Mahu2021 (670 in chips) 
Seat 3: vladyw (830 in chips) 
Mahu2021: posts small blind 20
vladyw: posts big blind 40
*** HOLE CARDS ***
Dealt to Mahu2021 [6d 5d]
Mahu2021: calls 20
vladyw: raises 80 to 120
Mahu2021: calls 80
*** FLOP *** [Kh Jd 4c]
vladyw: bets 710 and is all-in
Mahu2021: folds 
Uncalled bet (710) returned to vladyw
vladyw collected 240 from pot
vladyw: doesn't show hand 
*** SUMMARY ***
Total pot 240 | Rake 0 
Board [Kh Jd 4c]
Seat 1: Mahu2021 (button) (small blind) folded on the Flop
Seat 3: vladyw (big blind) collected (240)



PokerStars Hand #243223089358: Tournament #3580520467, $0.92+$0.08 USD Hold'em No Limit - Level III (20/40) - 2023/04/21 10:22:12 CET [2023/04/21 4:22:12 ET]
Table '3580520467 1' 3-max Seat #3 is the button
Seat 1: Mahu2021 (550 in chips) 
Seat 3: vladyw (950 in chips) 
vladyw: posts small blind 20
Mahu2021: posts big blind 40
*** HOLE CARDS ***
Dealt to Mahu2021 [Jd 9h]
vladyw: calls 20
Mahu2021: checks 
*** FLOP *** [7c Th 2h]
Mahu2021: checks 
vladyw: checks 
*** TURN *** [7c Th 2h] [4d]
Mahu2021: checks 
vladyw: checks 
*** RIVER *** [7c Th 2h 4d] [9c]
Mahu2021: bets 40
vladyw: folds 
Uncalled bet (40) returned to Mahu2021
Mahu2021 collected 80 from pot
Mahu2021: doesn't show hand 
*** SUMMARY ***
Total pot 80 | Rake 0 
Board [7c Th 2h 4d 9c]
Seat 1: Mahu2021 (big blind) collected (80)
Seat 3: vladyw (button) (small blind) folded on the River



PokerStars Hand #243223090984: Tournament #3580520467, $0.92+$0.08 USD Hold'em No Limit - Level III (20/40) - 2023/04/21 10:22:25 CET [2023/04/21 4:22:25 ET]
Table '3580520467 1' 3-max Seat #1 is the button
Seat 1: Mahu2021 (590 in chips) 
Seat 3: vladyw (910 in chips) 
Mahu2021: posts small blind 20
vladyw: posts big blind 40
*** HOLE CARDS ***
Dealt to Mahu2021 [7h 5h]
Mahu2021: calls 20
vladyw: checks 
*** FLOP *** [Th Qh 2d]
vladyw: checks 
Mahu2021: bets 40
vladyw: folds 
Uncalled bet (40) returned to Mahu2021
Mahu2021 collected 80 from pot
Mahu2021: doesn't show hand 
*** SUMMARY ***
Total pot 80 | Rake 0 
Board [Th Qh 2d]
Seat 1: Mahu2021 (button) (small blind) collected (80)
Seat 3: vladyw (big blind) folded on the Flop



PokerStars Hand #243223092444: Tournament #3580520467, $0.92+$0.08 USD Hold'em No Limit - Level III (20/40) - 2023/04/21 10:22:37 CET [2023/04/21 4:22:37 ET]
Table '3580520467 1' 3-max Seat #3 is the button
Seat 1: Mahu2021 (630 in chips) 
Seat 3: vladyw (870 in chips) 
vladyw: posts small blind 20
Mahu2021: posts big blind 40
*** HOLE CARDS ***
Dealt to Mahu2021 [Th 9c]
vladyw: raises 80 to 120
Mahu2021: folds 
Uncalled bet (80) returned to vladyw
vladyw collected 80 from pot
vladyw: doesn't show hand 
*** SUMMARY ***
Total pot 80 | Rake 0 
Seat 1: Mahu2021 (big blind) folded before Flop
Seat 3: vladyw (button) (small blind) collected (80)



PokerStars Hand #243223093302: Tournament #3580520467, $0.92+$0.08 USD Hold'em No Limit - Level III (20/40) - 2023/04/21 10:22:44 CET [2023/04/21 4:22:44 ET]
Table '3580520467 1' 3-max Seat #1 is the button
Seat 1: Mahu2021 (590 in chips) 
Seat 3: vladyw (910 in chips) 
Mahu2021: posts small blind 20
vladyw: posts big blind 40
*** HOLE CARDS ***
Dealt to Mahu2021 [9h 3d]
Mahu2021: folds 
Uncalled bet (20) returned to vladyw
vladyw collected 40 from pot
vladyw: doesn't show hand 
*** SUMMARY ***
Total pot 40 | Rake 0 
Seat 1: Mahu2021 (button) (small blind) folded before Flop
Seat 3: vladyw (big blind) collected (40)



PokerStars Hand #243223093839: Tournament #3580520467, $0.92+$0.08 USD Hold'em No Limit - Level III (20/40) - 2023/04/21 10:22:49 CET [2023/04/21 4:22:49 ET]
Table '3580520467 1' 3-max Seat #3 is the button
Seat 1: Mahu2021 (570 in chips) 
Seat 3: vladyw (930 in chips) 
vladyw: posts small blind 20
Mahu2021: posts big blind 40
*** HOLE CARDS ***
Dealt to Mahu2021 [As 2s]
vladyw: raises 160 to 200
Mahu2021: raises 370 to 570 and is all-in
vladyw: calls 370
*** FLOP *** [Jc 3c 5d]
*** TURN *** [Jc 3c 5d] [Jd]
*** RIVER *** [Jc 3c 5d Jd] [6h]
*** SHOW DOWN ***
Mahu2021: shows [As 2s] (a pair of Jacks)
vladyw: shows [Ah Qs] (a pair of Jacks - Ace+Queen kicker)
vladyw collected 1140 from pot
Mahu2021 finished the tournament in 2nd place
vladyw wins the tournament and receives $2.00 - congratulations!
*** SUMMARY ***
Total pot 1140 | Rake 0 
Board [Jc 3c 5d Jd 6h]
Seat 1: Mahu2021 (big blind) showed [As 2s] and lost with a pair of Jacks
Seat 3: vladyw (button) (small blind) showed [Ah Qs] and won (1140) with a pair of Jacks



