PokerStars Hand #249721212975: Tournament #3735915483, $1.84+$0.16 USD Hold'em No Limit - Level I (10/20) - 2024/03/31 15:04:46 CET [2024/03/31 9:04:46 ET]
Table '3735915483 1' 3-max Seat #1 is the button
Seat 1: RoyalRiverBluff (500 in chips) 
Seat 2: milaconpure (500 in chips) 
Seat 3: Mahu2021 (500 in chips) 
milaconpure: posts small blind 10
Mahu2021: posts big blind 20
*** HOLE CARDS ***
Dealt to Mahu2021 [Ad Ac]
RoyalRiverBluff: folds 
milaconpure: raises 20 to 40
Mahu2021: raises 460 to 500 and is all-in
milaconpure: folds 
Uncalled bet (460) returned to Mahu2021
Mahu2021 collected 80 from pot
Mahu2021: doesn't show hand 
*** SUMMARY ***
Total pot 80 | Rake 0 
Seat 1: RoyalRiverBluff (button) folded before Flop (didn't bet)
Seat 2: milaconpure (small blind) folded before Flop
Seat 3: Mahu2021 (big blind) collected (80)



PokerStars Hand #249721216764: Tournament #3735915483, $1.84+$0.16 USD Hold'em No Limit - Level I (10/20) - 2024/03/31 15:05:07 CET [2024/03/31 9:05:07 ET]
Table '3735915483 1' 3-max Seat #2 is the button
Seat 1: RoyalRiverBluff (500 in chips) 
Seat 2: milaconpure (460 in chips) 
Seat 3: Mahu2021 (540 in chips) 
Mahu2021: posts small blind 10
RoyalRiverBluff: posts big blind 20
*** HOLE CARDS ***
Dealt to Mahu2021 [2h Qc]
milaconpure: raises 20 to 40
Mahu2021: folds 
RoyalRiverBluff: folds 
Uncalled bet (20) returned to milaconpure
milaconpure collected 50 from pot
milaconpure: doesn't show hand 
*** SUMMARY ***
Total pot 50 | Rake 0 
Seat 1: RoyalRiverBluff (big blind) folded before Flop
Seat 2: milaconpure (button) collected (50)
Seat 3: Mahu2021 (small blind) folded before Flop



PokerStars Hand #249721219489: Tournament #3735915483, $1.84+$0.16 USD Hold'em No Limit - Level I (10/20) - 2024/03/31 15:05:21 CET [2024/03/31 9:05:21 ET]
Table '3735915483 1' 3-max Seat #3 is the button
Seat 1: RoyalRiverBluff (480 in chips) 
Seat 2: milaconpure (490 in chips) 
Seat 3: Mahu2021 (530 in chips) 
RoyalRiverBluff: posts small blind 10
milaconpure: posts big blind 20
*** HOLE CARDS ***
Dealt to Mahu2021 [4h 8d]
Mahu2021: folds 
RoyalRiverBluff: folds 
Uncalled bet (10) returned to milaconpure
milaconpure collected 20 from pot
milaconpure: doesn't show hand 
*** SUMMARY ***
Total pot 20 | Rake 0 
Seat 1: RoyalRiverBluff (small blind) folded before Flop
Seat 2: milaconpure (big blind) collected (20)
Seat 3: Mahu2021 (button) folded before Flop (didn't bet)



PokerStars Hand #249721220383: Tournament #3735915483, $1.84+$0.16 USD Hold'em No Limit - Level I (10/20) - 2024/03/31 15:05:26 CET [2024/03/31 9:05:26 ET]
Table '3735915483 1' 3-max Seat #1 is the button
Seat 1: RoyalRiverBluff (470 in chips) 
Seat 2: milaconpure (500 in chips) 
Seat 3: Mahu2021 (530 in chips) 
milaconpure: posts small blind 10
Mahu2021: posts big blind 20
*** HOLE CARDS ***
Dealt to Mahu2021 [6h 5c]
RoyalRiverBluff: raises 20 to 40
milaconpure: calls 30
Mahu2021: calls 20
*** FLOP *** [6d 3c Qs]
milaconpure: checks 
Mahu2021: checks 
RoyalRiverBluff: checks 
*** TURN *** [6d 3c Qs] [Ad]
milaconpure: bets 80
Mahu2021: folds 
RoyalRiverBluff: folds 
Uncalled bet (80) returned to milaconpure
milaconpure collected 120 from pot
milaconpure: doesn't show hand 
*** SUMMARY ***
Total pot 120 | Rake 0 
Board [6d 3c Qs Ad]
Seat 1: RoyalRiverBluff (button) folded on the Turn
Seat 2: milaconpure (small blind) collected (120)
Seat 3: Mahu2021 (big blind) folded on the Turn



PokerStars Hand #249721228318: Tournament #3735915483, $1.84+$0.16 USD Hold'em No Limit - Level I (10/20) - 2024/03/31 15:06:08 CET [2024/03/31 9:06:08 ET]
Table '3735915483 1' 3-max Seat #2 is the button
Seat 1: RoyalRiverBluff (430 in chips) 
Seat 2: milaconpure (580 in chips) 
Seat 3: Mahu2021 (490 in chips) 
Mahu2021: posts small blind 10
RoyalRiverBluff: posts big blind 20
*** HOLE CARDS ***
Dealt to Mahu2021 [8c 3c]
milaconpure: folds 
Mahu2021: folds 
Uncalled bet (10) returned to RoyalRiverBluff
RoyalRiverBluff collected 20 from pot
RoyalRiverBluff: doesn't show hand 
*** SUMMARY ***
Total pot 20 | Rake 0 
Seat 1: RoyalRiverBluff (big blind) collected (20)
Seat 2: milaconpure (button) folded before Flop (didn't bet)
Seat 3: Mahu2021 (small blind) folded before Flop



PokerStars Hand #249721229162: Tournament #3735915483, $1.84+$0.16 USD Hold'em No Limit - Level I (10/20) - 2024/03/31 15:06:13 CET [2024/03/31 9:06:13 ET]
Table '3735915483 1' 3-max Seat #3 is the button
Seat 1: RoyalRiverBluff (440 in chips) 
Seat 2: milaconpure (580 in chips) 
Seat 3: Mahu2021 (480 in chips) 
RoyalRiverBluff: posts small blind 10
milaconpure: posts big blind 20
*** HOLE CARDS ***
Dealt to Mahu2021 [Qh 4d]
Mahu2021: folds 
RoyalRiverBluff: folds 
Uncalled bet (10) returned to milaconpure
milaconpure collected 20 from pot
milaconpure: doesn't show hand 
*** SUMMARY ***
Total pot 20 | Rake 0 
Seat 1: RoyalRiverBluff (small blind) folded before Flop
Seat 2: milaconpure (big blind) collected (20)
Seat 3: Mahu2021 (button) folded before Flop (didn't bet)



PokerStars Hand #249721230436: Tournament #3735915483, $1.84+$0.16 USD Hold'em No Limit - Level I (10/20) - 2024/03/31 15:06:20 CET [2024/03/31 9:06:20 ET]
Table '3735915483 1' 3-max Seat #1 is the button
Seat 1: RoyalRiverBluff (430 in chips) 
Seat 2: milaconpure (590 in chips) 
Seat 3: Mahu2021 (480 in chips) 
milaconpure: posts small blind 10
Mahu2021: posts big blind 20
*** HOLE CARDS ***
Dealt to Mahu2021 [Jc 7h]
RoyalRiverBluff: raises 20 to 40
milaconpure: folds 
Mahu2021: calls 20
*** FLOP *** [5h Js Ts]
Mahu2021: bets 90
RoyalRiverBluff: calls 90
*** TURN *** [5h Js Ts] [As]
Mahu2021: bets 350 and is all-in
RoyalRiverBluff: calls 300 and is all-in
Uncalled bet (50) returned to Mahu2021
*** RIVER *** [5h Js Ts As] [Ad]
*** SHOW DOWN ***
Mahu2021: shows [Jc 7h] (two pair, Aces and Jacks)
RoyalRiverBluff: shows [Ac Ah] (four of a kind, Aces)
RoyalRiverBluff collected 870 from pot
*** SUMMARY ***
Total pot 870 | Rake 0 
Board [5h Js Ts As Ad]
Seat 1: RoyalRiverBluff (button) showed [Ac Ah] and won (870) with four of a kind, Aces
Seat 2: milaconpure (small blind) folded before Flop
Seat 3: Mahu2021 (big blind) showed [Jc 7h] and lost with two pair, Aces and Jacks



PokerStars Hand #249721234929: Tournament #3735915483, $1.84+$0.16 USD Hold'em No Limit - Level I (10/20) - 2024/03/31 15:06:44 CET [2024/03/31 9:06:44 ET]
Table '3735915483 1' 3-max Seat #2 is the button
Seat 1: RoyalRiverBluff (870 in chips) 
Seat 2: milaconpure (580 in chips) 
Seat 3: Mahu2021 (50 in chips) 
Mahu2021: posts small blind 10
RoyalRiverBluff: posts big blind 20
*** HOLE CARDS ***
Dealt to Mahu2021 [4s 9h]
milaconpure: folds 
Mahu2021: folds 
Uncalled bet (10) returned to RoyalRiverBluff
RoyalRiverBluff collected 20 from pot
RoyalRiverBluff: doesn't show hand 
*** SUMMARY ***
Total pot 20 | Rake 0 
Seat 1: RoyalRiverBluff (big blind) collected (20)
Seat 2: milaconpure (button) folded before Flop (didn't bet)
Seat 3: Mahu2021 (small blind) folded before Flop



PokerStars Hand #249721235825: Tournament #3735915483, $1.84+$0.16 USD Hold'em No Limit - Level I (10/20) - 2024/03/31 15:06:49 CET [2024/03/31 9:06:49 ET]
Table '3735915483 1' 3-max Seat #3 is the button
Seat 1: RoyalRiverBluff (880 in chips) 
Seat 2: milaconpure (580 in chips) 
Seat 3: Mahu2021 (40 in chips) 
RoyalRiverBluff: posts small blind 10
milaconpure: posts big blind 20
*** HOLE CARDS ***
Dealt to Mahu2021 [Ah Js]
Mahu2021: raises 20 to 40 and is all-in
RoyalRiverBluff: folds 
milaconpure: calls 20
*** FLOP *** [8s Ts 5d]
*** TURN *** [8s Ts 5d] [7c]
*** RIVER *** [8s Ts 5d 7c] [9d]
*** SHOW DOWN ***
milaconpure: shows [Th Qd] (a pair of Tens)
Mahu2021: shows [Ah Js] (a straight, Seven to Jack)
Mahu2021 collected 90 from pot
*** SUMMARY ***
Total pot 90 | Rake 0 
Board [8s Ts 5d 7c 9d]
Seat 1: RoyalRiverBluff (small blind) folded before Flop
Seat 2: milaconpure (big blind) showed [Th Qd] and lost with a pair of Tens
Seat 3: Mahu2021 (button) showed [Ah Js] and won (90) with a straight, Seven to Jack



PokerStars Hand #249721238722: Tournament #3735915483, $1.84+$0.16 USD Hold'em No Limit - Level I (10/20) - 2024/03/31 15:07:05 CET [2024/03/31 9:07:05 ET]
Table '3735915483 1' 3-max Seat #1 is the button
Seat 1: RoyalRiverBluff (870 in chips) 
Seat 2: milaconpure (540 in chips) 
Seat 3: Mahu2021 (90 in chips) 
milaconpure: posts small blind 10
Mahu2021: posts big blind 20
*** HOLE CARDS ***
Dealt to Mahu2021 [Jd 2h]
RoyalRiverBluff: raises 20 to 40
milaconpure: calls 30
Mahu2021: calls 20
*** FLOP *** [8d 9d 9s]
milaconpure: checks 
Mahu2021: checks 
RoyalRiverBluff: bets 60
milaconpure: calls 60
Mahu2021: folds 
*** TURN *** [8d 9d 9s] [4d]
milaconpure: checks 
RoyalRiverBluff: checks 
*** RIVER *** [8d 9d 9s 4d] [4c]
milaconpure: bets 120
RoyalRiverBluff: folds 
Uncalled bet (120) returned to milaconpure
milaconpure collected 240 from pot
milaconpure: doesn't show hand 
*** SUMMARY ***
Total pot 240 | Rake 0 
Board [8d 9d 9s 4d 4c]
Seat 1: RoyalRiverBluff (button) folded on the River
Seat 2: milaconpure (small blind) collected (240)
Seat 3: Mahu2021 (big blind) folded on the Flop



PokerStars Hand #249721249568: Tournament #3735915483, $1.84+$0.16 USD Hold'em No Limit - Level II (15/30) - 2024/03/31 15:08:03 CET [2024/03/31 9:08:03 ET]
Table '3735915483 1' 3-max Seat #2 is the button
Seat 1: RoyalRiverBluff (770 in chips) 
Seat 2: milaconpure (680 in chips) 
Seat 3: Mahu2021 (50 in chips) 
Mahu2021: posts small blind 15
RoyalRiverBluff: posts big blind 30
*** HOLE CARDS ***
Dealt to Mahu2021 [6c 6s]
milaconpure: folds 
Mahu2021: raises 20 to 50 and is all-in
RoyalRiverBluff: calls 20
*** FLOP *** [Ah Jd Js]
*** TURN *** [Ah Jd Js] [4s]
*** RIVER *** [Ah Jd Js 4s] [9s]
*** SHOW DOWN ***
Mahu2021: shows [6c 6s] (two pair, Jacks and Sixes)
RoyalRiverBluff: shows [Kh Ts] (a pair of Jacks)
Mahu2021 collected 100 from pot
*** SUMMARY ***
Total pot 100 | Rake 0 
Board [Ah Jd Js 4s 9s]
Seat 1: RoyalRiverBluff (big blind) showed [Kh Ts] and lost with a pair of Jacks
Seat 2: milaconpure (button) folded before Flop (didn't bet)
Seat 3: Mahu2021 (small blind) showed [6c 6s] and won (100) with two pair, Jacks and Sixes



PokerStars Hand #249721252592: Tournament #3735915483, $1.84+$0.16 USD Hold'em No Limit - Level II (15/30) - 2024/03/31 15:08:19 CET [2024/03/31 9:08:19 ET]
Table '3735915483 1' 3-max Seat #3 is the button
Seat 1: RoyalRiverBluff (720 in chips) 
Seat 2: milaconpure (680 in chips) 
Seat 3: Mahu2021 (100 in chips) 
RoyalRiverBluff: posts small blind 15
milaconpure: posts big blind 30
*** HOLE CARDS ***
Dealt to Mahu2021 [Kc Jc]
Mahu2021: raises 70 to 100 and is all-in
RoyalRiverBluff: folds 
milaconpure: calls 70
*** FLOP *** [2s 6s Th]
*** TURN *** [2s 6s Th] [8s]
*** RIVER *** [2s 6s Th 8s] [5s]
*** SHOW DOWN ***
milaconpure: shows [Tc Kh] (a pair of Tens)
Mahu2021: shows [Kc Jc] (high card King)
milaconpure collected 215 from pot
Mahu2021 finished the tournament in 3rd place
*** SUMMARY ***
Total pot 215 | Rake 0 
Board [2s 6s Th 8s 5s]
Seat 1: RoyalRiverBluff (small blind) folded before Flop
Seat 2: milaconpure (big blind) showed [Tc Kh] and won (215) with a pair of Tens
Seat 3: Mahu2021 (button) showed [Kc Jc] and lost with high card King



