PokerStars Hand #249595328254: Tournament #3732966724, $9.30+$0.70 USD Hold'em No Limit - Level I (10/20) - 2024/03/24 15:15:17 CET [2024/03/24 10:15:17 ET]
Table '3732966724 1' 3-max Seat #1 is the button
Seat 1: powerdream91 (500 in chips) 
Seat 2: Nouj56haidar (500 in chips) 
Seat 3: Mahu2021 (500 in chips) 
Nouj56haidar: posts small blind 10
Mahu2021: posts big blind 20
*** HOLE CARDS ***
Dealt to Mahu2021 [6s 8d]
powerdream91: raises 20 to 40
Nouj56haidar: raises 460 to 500 and is all-in
Mahu2021: folds 
powerdream91: calls 460 and is all-in
*** FLOP *** [3d 9s 6d]
*** TURN *** [3d 9s 6d] [Jd]
*** RIVER *** [3d 9s 6d Jd] [Kd]
*** SHOW DOWN ***
Nouj56haidar: shows [3s 4c] (a pair of Threes)
powerdream91: shows [Qc Ad] (a flush, Ace high)
powerdream91 collected 1020 from pot
Nouj56haidar finished the tournament in 3rd place
*** SUMMARY ***
Total pot 1020 | Rake 0 
Board [3d 9s 6d Jd Kd]
Seat 1: powerdream91 (button) showed [Qc Ad] and won (1020) with a flush, Ace high
Seat 2: Nouj56haidar (small blind) showed [3s 4c] and lost with a pair of Threes
Seat 3: Mahu2021 (big blind) folded before Flop



PokerStars Hand #249595332459: Tournament #3732966724, $9.30+$0.70 USD Hold'em No Limit - Level I (10/20) - 2024/03/24 15:15:35 CET [2024/03/24 10:15:35 ET]
Table '3732966724 1' 3-max Seat #3 is the button
Seat 1: powerdream91 (1020 in chips) 
Seat 3: Mahu2021 (480 in chips) 
Mahu2021: posts small blind 10
powerdream91: posts big blind 20
*** HOLE CARDS ***
Dealt to Mahu2021 [Qs Jd]
Mahu2021: calls 10
powerdream91: checks 
*** FLOP *** [9h 7s Qh]
powerdream91: checks 
Mahu2021: bets 20
powerdream91: folds 
Uncalled bet (20) returned to Mahu2021
Mahu2021 collected 40 from pot
Mahu2021: doesn't show hand 
*** SUMMARY ***
Total pot 40 | Rake 0 
Board [9h 7s Qh]
Seat 1: powerdream91 (big blind) folded on the Flop
Seat 3: Mahu2021 (button) (small blind) collected (40)



PokerStars Hand #249595335818: Tournament #3732966724, $9.30+$0.70 USD Hold'em No Limit - Level I (10/20) - 2024/03/24 15:15:48 CET [2024/03/24 10:15:48 ET]
Table '3732966724 1' 3-max Seat #1 is the button
Seat 1: powerdream91 (1000 in chips) 
Seat 3: Mahu2021 (500 in chips) 
powerdream91: posts small blind 10
Mahu2021: posts big blind 20
*** HOLE CARDS ***
Dealt to Mahu2021 [Ks Tc]
powerdream91: raises 20 to 40
Mahu2021: calls 20
*** FLOP *** [2h 8c Kc]
Mahu2021: checks 
powerdream91: bets 30
Mahu2021: calls 30
*** TURN *** [2h 8c Kc] [Ad]
Mahu2021: checks 
powerdream91: bets 80
Mahu2021: calls 80
*** RIVER *** [2h 8c Kc Ad] [9c]
Mahu2021: checks 
powerdream91: checks 
*** SHOW DOWN ***
Mahu2021: shows [Ks Tc] (a pair of Kings)
powerdream91: mucks hand 
Mahu2021 collected 300 from pot
*** SUMMARY ***
Total pot 300 | Rake 0 
Board [2h 8c Kc Ad 9c]
Seat 1: powerdream91 (button) (small blind) mucked [7d 5c]
Seat 3: Mahu2021 (big blind) showed [Ks Tc] and won (300) with a pair of Kings



PokerStars Hand #249595340537: Tournament #3732966724, $9.30+$0.70 USD Hold'em No Limit - Level I (10/20) - 2024/03/24 15:16:08 CET [2024/03/24 10:16:08 ET]
Table '3732966724 1' 3-max Seat #3 is the button
Seat 1: powerdream91 (850 in chips) 
Seat 3: Mahu2021 (650 in chips) 
Mahu2021: posts small blind 10
powerdream91: posts big blind 20
*** HOLE CARDS ***
Dealt to Mahu2021 [Ah 3h]
Mahu2021: raises 20 to 40
powerdream91: folds 
Uncalled bet (20) returned to Mahu2021
Mahu2021 collected 40 from pot
Mahu2021: doesn't show hand 
*** SUMMARY ***
Total pot 40 | Rake 0 
Seat 1: powerdream91 (big blind) folded before Flop
Seat 3: Mahu2021 (button) (small blind) collected (40)



PokerStars Hand #249595342174: Tournament #3732966724, $9.30+$0.70 USD Hold'em No Limit - Level I (10/20) - 2024/03/24 15:16:15 CET [2024/03/24 10:16:15 ET]
Table '3732966724 1' 3-max Seat #1 is the button
Seat 1: powerdream91 (830 in chips) 
Seat 3: Mahu2021 (670 in chips) 
powerdream91: posts small blind 10
Mahu2021: posts big blind 20
*** HOLE CARDS ***
Dealt to Mahu2021 [7s 5h]
powerdream91: raises 20 to 40
Mahu2021: folds 
Uncalled bet (20) returned to powerdream91
powerdream91 collected 40 from pot
powerdream91: doesn't show hand 
*** SUMMARY ***
Total pot 40 | Rake 0 
Seat 1: powerdream91 (button) (small blind) collected (40)
Seat 3: Mahu2021 (big blind) folded before Flop



PokerStars Hand #249595343457: Tournament #3732966724, $9.30+$0.70 USD Hold'em No Limit - Level I (10/20) - 2024/03/24 15:16:20 CET [2024/03/24 10:16:20 ET]
Table '3732966724 1' 3-max Seat #3 is the button
Seat 1: powerdream91 (850 in chips) 
Seat 3: Mahu2021 (650 in chips) 
Mahu2021: posts small blind 10
powerdream91: posts big blind 20
*** HOLE CARDS ***
Dealt to Mahu2021 [3s Tc]
Mahu2021: folds 
Uncalled bet (10) returned to powerdream91
powerdream91 collected 20 from pot
powerdream91: doesn't show hand 
*** SUMMARY ***
Total pot 20 | Rake 0 
Seat 1: powerdream91 (big blind) collected (20)
Seat 3: Mahu2021 (button) (small blind) folded before Flop



PokerStars Hand #249595344497: Tournament #3732966724, $9.30+$0.70 USD Hold'em No Limit - Level I (10/20) - 2024/03/24 15:16:24 CET [2024/03/24 10:16:24 ET]
Table '3732966724 1' 3-max Seat #1 is the button
Seat 1: powerdream91 (860 in chips) 
Seat 3: Mahu2021 (640 in chips) 
powerdream91: posts small blind 10
Mahu2021: posts big blind 20
*** HOLE CARDS ***
Dealt to Mahu2021 [Qc Kc]
powerdream91: calls 10
Mahu2021: raises 60 to 80
powerdream91: folds 
Uncalled bet (60) returned to Mahu2021
Mahu2021 collected 40 from pot
Mahu2021: doesn't show hand 
*** SUMMARY ***
Total pot 40 | Rake 0 
Seat 1: powerdream91 (button) (small blind) folded before Flop
Seat 3: Mahu2021 (big blind) collected (40)



PokerStars Hand #249595347048: Tournament #3732966724, $9.30+$0.70 USD Hold'em No Limit - Level I (10/20) - 2024/03/24 15:16:34 CET [2024/03/24 10:16:34 ET]
Table '3732966724 1' 3-max Seat #3 is the button
Seat 1: powerdream91 (840 in chips) 
Seat 3: Mahu2021 (660 in chips) 
Mahu2021: posts small blind 10
powerdream91: posts big blind 20
*** HOLE CARDS ***
Dealt to Mahu2021 [2c Js]
Mahu2021: folds 
Uncalled bet (10) returned to powerdream91
powerdream91 collected 20 from pot
powerdream91: doesn't show hand 
*** SUMMARY ***
Total pot 20 | Rake 0 
Seat 1: powerdream91 (big blind) collected (20)
Seat 3: Mahu2021 (button) (small blind) folded before Flop



PokerStars Hand #249595348217: Tournament #3732966724, $9.30+$0.70 USD Hold'em No Limit - Level I (10/20) - 2024/03/24 15:16:39 CET [2024/03/24 10:16:39 ET]
Table '3732966724 1' 3-max Seat #1 is the button
Seat 1: powerdream91 (850 in chips) 
Seat 3: Mahu2021 (650 in chips) 
powerdream91: posts small blind 10
Mahu2021: posts big blind 20
*** HOLE CARDS ***
Dealt to Mahu2021 [6d 8h]
powerdream91: raises 20 to 40
Mahu2021: folds 
Uncalled bet (20) returned to powerdream91
powerdream91 collected 40 from pot
powerdream91: doesn't show hand 
*** SUMMARY ***
Total pot 40 | Rake 0 
Seat 1: powerdream91 (button) (small blind) collected (40)
Seat 3: Mahu2021 (big blind) folded before Flop



PokerStars Hand #249595350465: Tournament #3732966724, $9.30+$0.70 USD Hold'em No Limit - Level I (10/20) - 2024/03/24 15:16:48 CET [2024/03/24 10:16:48 ET]
Table '3732966724 1' 3-max Seat #3 is the button
Seat 1: powerdream91 (870 in chips) 
Seat 3: Mahu2021 (630 in chips) 
Mahu2021: posts small blind 10
powerdream91: posts big blind 20
*** HOLE CARDS ***
Dealt to Mahu2021 [7c Jd]
Mahu2021: raises 20 to 40
powerdream91: calls 20
*** FLOP *** [7h 9c Qs]
powerdream91: checks 
Mahu2021: checks 
*** TURN *** [7h 9c Qs] [5h]
powerdream91: checks 
Mahu2021: checks 
*** RIVER *** [7h 9c Qs 5h] [Ad]
powerdream91: checks 
Mahu2021: checks 
*** SHOW DOWN ***
powerdream91: shows [8c 2s] (high card Ace)
Mahu2021: shows [7c Jd] (a pair of Sevens)
Mahu2021 collected 80 from pot
*** SUMMARY ***
Total pot 80 | Rake 0 
Board [7h 9c Qs 5h Ad]
Seat 1: powerdream91 (big blind) showed [8c 2s] and lost with high card Ace
Seat 3: Mahu2021 (button) (small blind) showed [7c Jd] and won (80) with a pair of Sevens



PokerStars Hand #249595355584: Tournament #3732966724, $9.30+$0.70 USD Hold'em No Limit - Level I (10/20) - 2024/03/24 15:17:09 CET [2024/03/24 10:17:09 ET]
Table '3732966724 1' 3-max Seat #1 is the button
Seat 1: powerdream91 (830 in chips) 
Seat 3: Mahu2021 (670 in chips) 
powerdream91: posts small blind 10
Mahu2021: posts big blind 20
*** HOLE CARDS ***
Dealt to Mahu2021 [2h Kc]
powerdream91: raises 20 to 40
Mahu2021: folds 
Uncalled bet (20) returned to powerdream91
powerdream91 collected 40 from pot
powerdream91: doesn't show hand 
*** SUMMARY ***
Total pot 40 | Rake 0 
Seat 1: powerdream91 (button) (small blind) collected (40)
Seat 3: Mahu2021 (big blind) folded before Flop



PokerStars Hand #249595357063: Tournament #3732966724, $9.30+$0.70 USD Hold'em No Limit - Level I (10/20) - 2024/03/24 15:17:16 CET [2024/03/24 10:17:16 ET]
Table '3732966724 1' 3-max Seat #3 is the button
Seat 1: powerdream91 (850 in chips) 
Seat 3: Mahu2021 (650 in chips) 
Mahu2021: posts small blind 10
powerdream91: posts big blind 20
*** HOLE CARDS ***
Dealt to Mahu2021 [2s Kh]
Mahu2021: calls 10
powerdream91: checks 
*** FLOP *** [7d 3s 8d]
powerdream91: checks 
Mahu2021: checks 
*** TURN *** [7d 3s 8d] [Ts]
powerdream91: checks 
Mahu2021: checks 
*** RIVER *** [7d 3s 8d Ts] [Qh]
powerdream91: checks 
Mahu2021: checks 
*** SHOW DOWN ***
powerdream91: shows [3c 4d] (a pair of Threes)
Mahu2021: mucks hand 
powerdream91 collected 40 from pot
*** SUMMARY ***
Total pot 40 | Rake 0 
Board [7d 3s 8d Ts Qh]
Seat 1: powerdream91 (big blind) showed [3c 4d] and won (40) with a pair of Threes
Seat 3: Mahu2021 (button) (small blind) mucked [2s Kh]



PokerStars Hand #249595362415: Tournament #3732966724, $9.30+$0.70 USD Hold'em No Limit - Level II (15/30) - 2024/03/24 15:17:38 CET [2024/03/24 10:17:38 ET]
Table '3732966724 1' 3-max Seat #1 is the button
Seat 1: powerdream91 (870 in chips) 
Seat 3: Mahu2021 (630 in chips) 
powerdream91: posts small blind 15
Mahu2021: posts big blind 30
*** HOLE CARDS ***
Dealt to Mahu2021 [4d 8s]
powerdream91: calls 15
Mahu2021: checks 
*** FLOP *** [9c Kd 9d]
Mahu2021: checks 
powerdream91: bets 30
Mahu2021: folds 
Uncalled bet (30) returned to powerdream91
powerdream91 collected 60 from pot
powerdream91: doesn't show hand 
*** SUMMARY ***
Total pot 60 | Rake 0 
Board [9c Kd 9d]
Seat 1: powerdream91 (button) (small blind) collected (60)
Seat 3: Mahu2021 (big blind) folded on the Flop



PokerStars Hand #249595365461: Tournament #3732966724, $9.30+$0.70 USD Hold'em No Limit - Level II (15/30) - 2024/03/24 15:17:50 CET [2024/03/24 10:17:50 ET]
Table '3732966724 1' 3-max Seat #3 is the button
Seat 1: powerdream91 (900 in chips) 
Seat 3: Mahu2021 (600 in chips) 
Mahu2021: posts small blind 15
powerdream91: posts big blind 30
*** HOLE CARDS ***
Dealt to Mahu2021 [6h Qs]
Mahu2021: calls 15
powerdream91: raises 45 to 75
Mahu2021: folds 
Uncalled bet (45) returned to powerdream91
powerdream91 collected 60 from pot
powerdream91: doesn't show hand 
*** SUMMARY ***
Total pot 60 | Rake 0 
Seat 1: powerdream91 (big blind) collected (60)
Seat 3: Mahu2021 (button) (small blind) folded before Flop



PokerStars Hand #249595367756: Tournament #3732966724, $9.30+$0.70 USD Hold'em No Limit - Level II (15/30) - 2024/03/24 15:18:00 CET [2024/03/24 10:18:00 ET]
Table '3732966724 1' 3-max Seat #1 is the button
Seat 1: powerdream91 (930 in chips) 
Seat 3: Mahu2021 (570 in chips) 
powerdream91: posts small blind 15
Mahu2021: posts big blind 30
*** HOLE CARDS ***
Dealt to Mahu2021 [8s 5c]
powerdream91: calls 15
Mahu2021: checks 
*** FLOP *** [9s Kc 9d]
Mahu2021: checks 
powerdream91: bets 30
Mahu2021: folds 
Uncalled bet (30) returned to powerdream91
powerdream91 collected 60 from pot
powerdream91: doesn't show hand 
*** SUMMARY ***
Total pot 60 | Rake 0 
Board [9s Kc 9d]
Seat 1: powerdream91 (button) (small blind) collected (60)
Seat 3: Mahu2021 (big blind) folded on the Flop



PokerStars Hand #249595372577: Tournament #3732966724, $9.30+$0.70 USD Hold'em No Limit - Level II (15/30) - 2024/03/24 15:18:19 CET [2024/03/24 10:18:19 ET]
Table '3732966724 1' 3-max Seat #3 is the button
Seat 1: powerdream91 (960 in chips) 
Seat 3: Mahu2021 (540 in chips) 
Mahu2021: posts small blind 15
powerdream91: posts big blind 30
*** HOLE CARDS ***
Dealt to Mahu2021 [Qh 6d]
Mahu2021: folds 
Uncalled bet (15) returned to powerdream91
powerdream91 collected 30 from pot
powerdream91: doesn't show hand 
*** SUMMARY ***
Total pot 30 | Rake 0 
Seat 1: powerdream91 (big blind) collected (30)
Seat 3: Mahu2021 (button) (small blind) folded before Flop



PokerStars Hand #249595373682: Tournament #3732966724, $9.30+$0.70 USD Hold'em No Limit - Level II (15/30) - 2024/03/24 15:18:24 CET [2024/03/24 10:18:24 ET]
Table '3732966724 1' 3-max Seat #1 is the button
Seat 1: powerdream91 (975 in chips) 
Seat 3: Mahu2021 (525 in chips) 
powerdream91: posts small blind 15
Mahu2021: posts big blind 30
*** HOLE CARDS ***
Dealt to Mahu2021 [Qd 2d]
powerdream91: calls 15
Mahu2021: checks 
*** FLOP *** [Ac 8d 7d]
Mahu2021: bets 60
powerdream91: calls 60
*** TURN *** [Ac 8d 7d] [6h]
Mahu2021: bets 60
powerdream91: calls 60
*** RIVER *** [Ac 8d 7d 6h] [9h]
Mahu2021: checks 
powerdream91: checks 
*** SHOW DOWN ***
Mahu2021: shows [Qd 2d] (high card Ace)
powerdream91: shows [4c 6d] (a pair of Sixes)
powerdream91 collected 300 from pot
*** SUMMARY ***
Total pot 300 | Rake 0 
Board [Ac 8d 7d 6h 9h]
Seat 1: powerdream91 (button) (small blind) showed [4c 6d] and won (300) with a pair of Sixes
Seat 3: Mahu2021 (big blind) showed [Qd 2d] and lost with high card Ace



PokerStars Hand #249595381612: Tournament #3732966724, $9.30+$0.70 USD Hold'em No Limit - Level II (15/30) - 2024/03/24 15:18:56 CET [2024/03/24 10:18:56 ET]
Table '3732966724 1' 3-max Seat #3 is the button
Seat 1: powerdream91 (1125 in chips) 
Seat 3: Mahu2021 (375 in chips) 
Mahu2021: posts small blind 15
powerdream91: posts big blind 30
*** HOLE CARDS ***
Dealt to Mahu2021 [4d Ks]
Mahu2021: calls 15
powerdream91: raises 1095 to 1125 and is all-in
Mahu2021: folds 
Uncalled bet (1095) returned to powerdream91
powerdream91 collected 60 from pot
powerdream91: doesn't show hand 
*** SUMMARY ***
Total pot 60 | Rake 0 
Seat 1: powerdream91 (big blind) collected (60)
Seat 3: Mahu2021 (button) (small blind) folded before Flop



PokerStars Hand #249595383544: Tournament #3732966724, $9.30+$0.70 USD Hold'em No Limit - Level II (15/30) - 2024/03/24 15:19:04 CET [2024/03/24 10:19:04 ET]
Table '3732966724 1' 3-max Seat #1 is the button
Seat 1: powerdream91 (1155 in chips) 
Seat 3: Mahu2021 (345 in chips) 
powerdream91: posts small blind 15
Mahu2021: posts big blind 30
*** HOLE CARDS ***
Dealt to Mahu2021 [9s 2c]
powerdream91: calls 15
Mahu2021: checks 
*** FLOP *** [4s 6s Ad]
Mahu2021: checks 
powerdream91: bets 30
Mahu2021: folds 
Uncalled bet (30) returned to powerdream91
powerdream91 collected 60 from pot
powerdream91: doesn't show hand 
*** SUMMARY ***
Total pot 60 | Rake 0 
Board [4s 6s Ad]
Seat 1: powerdream91 (button) (small blind) collected (60)
Seat 3: Mahu2021 (big blind) folded on the Flop



PokerStars Hand #249595385744: Tournament #3732966724, $9.30+$0.70 USD Hold'em No Limit - Level II (15/30) - 2024/03/24 15:19:13 CET [2024/03/24 10:19:13 ET]
Table '3732966724 1' 3-max Seat #3 is the button
Seat 1: powerdream91 (1185 in chips) 
Seat 3: Mahu2021 (315 in chips) 
Mahu2021: posts small blind 15
powerdream91: posts big blind 30
*** HOLE CARDS ***
Dealt to Mahu2021 [2d 6d]
Mahu2021: folds 
Uncalled bet (15) returned to powerdream91
powerdream91 collected 30 from pot
powerdream91: doesn't show hand 
*** SUMMARY ***
Total pot 30 | Rake 0 
Seat 1: powerdream91 (big blind) collected (30)
Seat 3: Mahu2021 (button) (small blind) folded before Flop



PokerStars Hand #249595386838: Tournament #3732966724, $9.30+$0.70 USD Hold'em No Limit - Level II (15/30) - 2024/03/24 15:19:18 CET [2024/03/24 10:19:18 ET]
Table '3732966724 1' 3-max Seat #1 is the button
Seat 1: powerdream91 (1200 in chips) 
Seat 3: Mahu2021 (300 in chips) 
powerdream91: posts small blind 15
Mahu2021: posts big blind 30
*** HOLE CARDS ***
Dealt to Mahu2021 [Kd 9c]
powerdream91: calls 15
Mahu2021: checks 
*** FLOP *** [Td 4s Qc]
Mahu2021: checks 
powerdream91: bets 30
Mahu2021: calls 30
*** TURN *** [Td 4s Qc] [Js]
Mahu2021: checks 
powerdream91: bets 90
Mahu2021: raises 150 to 240 and is all-in
powerdream91: calls 150
*** RIVER *** [Td 4s Qc Js] [As]
*** SHOW DOWN ***
Mahu2021: shows [Kd 9c] (a straight, Ten to Ace)
powerdream91: shows [Qs 4d] (two pair, Queens and Fours)
Mahu2021 collected 600 from pot
*** SUMMARY ***
Total pot 600 | Rake 0 
Board [Td 4s Qc Js As]
Seat 1: powerdream91 (button) (small blind) showed [Qs 4d] and lost with two pair, Queens and Fours
Seat 3: Mahu2021 (big blind) showed [Kd 9c] and won (600) with a straight, Ten to Ace



PokerStars Hand #249595394884: Tournament #3732966724, $9.30+$0.70 USD Hold'em No Limit - Level III (20/40) - 2024/03/24 15:19:51 CET [2024/03/24 10:19:51 ET]
Table '3732966724 1' 3-max Seat #3 is the button
Seat 1: powerdream91 (900 in chips) 
Seat 3: Mahu2021 (600 in chips) 
Mahu2021: posts small blind 20
powerdream91: posts big blind 40
*** HOLE CARDS ***
Dealt to Mahu2021 [Kh Js]
Mahu2021: raises 40 to 80
powerdream91: raises 820 to 900 and is all-in
Mahu2021: calls 520 and is all-in
Uncalled bet (300) returned to powerdream91
*** FLOP *** [8d Ts Qc]
*** TURN *** [8d Ts Qc] [Ac]
*** RIVER *** [8d Ts Qc Ac] [2d]
*** SHOW DOWN ***
powerdream91: shows [6c As] (a pair of Aces)
Mahu2021: shows [Kh Js] (a straight, Ten to Ace)
Mahu2021 collected 1200 from pot
*** SUMMARY ***
Total pot 1200 | Rake 0 
Board [8d Ts Qc Ac 2d]
Seat 1: powerdream91 (big blind) showed [6c As] and lost with a pair of Aces
Seat 3: Mahu2021 (button) (small blind) showed [Kh Js] and won (1200) with a straight, Ten to Ace



PokerStars Hand #249595399346: Tournament #3732966724, $9.30+$0.70 USD Hold'em No Limit - Level III (20/40) - 2024/03/24 15:20:09 CET [2024/03/24 10:20:09 ET]
Table '3732966724 1' 3-max Seat #1 is the button
Seat 1: powerdream91 (300 in chips) 
Seat 3: Mahu2021 (1200 in chips) 
powerdream91: posts small blind 20
Mahu2021: posts big blind 40
*** HOLE CARDS ***
Dealt to Mahu2021 [6s Ks]
powerdream91: raises 260 to 300 and is all-in
Mahu2021: calls 260
*** FLOP *** [8c 9h Th]
*** TURN *** [8c 9h Th] [Qs]
*** RIVER *** [8c 9h Th Qs] [Qd]
*** SHOW DOWN ***
Mahu2021: shows [6s Ks] (a pair of Queens)
powerdream91: shows [6h 5h] (a pair of Queens - lower kicker)
Mahu2021 collected 600 from pot
powerdream91 finished the tournament in 2nd place
Mahu2021 wins the tournament and receives $20.00 - congratulations!
*** SUMMARY ***
Total pot 600 | Rake 0 
Board [8c 9h Th Qs Qd]
Seat 1: powerdream91 (button) (small blind) showed [6h 5h] and lost with a pair of Queens
Seat 3: Mahu2021 (big blind) showed [6s Ks] and won (600) with a pair of Queens



