PokerStars Hand #248353585517: Tournament #3702947583, $1.84+$0.16 USD Hold'em No Limit - Level I (10/20) - 2024/01/18 20:39:58 CET [2024/01/18 14:39:58 ET]
Table '3702947583 1' 3-max Seat #1 is the button
Seat 1: Mahu2021 (500 in chips) 
Seat 2: actionkima11 (500 in chips) 
Seat 3: AndersonLimapb (500 in chips) 
actionkima11: posts small blind 10
AndersonLimapb: posts big blind 20
*** HOLE CARDS ***
Dealt to Mahu2021 [5c Ac]
Mahu2021: calls 20
actionkima11: raises 40 to 60
AndersonLimapb: folds 
Mahu2021: calls 40
*** FLOP *** [Ah 2s Jh]
actionkima11: bets 60
Mahu2021: calls 60
*** TURN *** [Ah 2s Jh] [8h]
actionkima11: checks 
Mahu2021: checks 
*** RIVER *** [Ah 2s Jh 8h] [Ts]
actionkima11: checks 
Mahu2021: checks 
*** SHOW DOWN ***
actionkima11: shows [Kd 2h] (a pair of Deuces)
Mahu2021: shows [5c Ac] (a pair of Aces)
Mahu2021 collected 260 from pot
*** SUMMARY ***
Total pot 260 | Rake 0 
Board [Ah 2s Jh 8h Ts]
Seat 1: Mahu2021 (button) showed [5c Ac] and won (260) with a pair of Aces
Seat 2: actionkima11 (small blind) showed [Kd 2h] and lost with a pair of Deuces
Seat 3: AndersonLimapb (big blind) folded before Flop



PokerStars Hand #248353597850: Tournament #3702947583, $1.84+$0.16 USD Hold'em No Limit - Level I (10/20) - 2024/01/18 20:40:31 CET [2024/01/18 14:40:31 ET]
Table '3702947583 1' 3-max Seat #2 is the button
Seat 1: Mahu2021 (640 in chips) 
Seat 2: actionkima11 (380 in chips) 
Seat 3: AndersonLimapb (480 in chips) 
AndersonLimapb: posts small blind 10
Mahu2021: posts big blind 20
*** HOLE CARDS ***
Dealt to Mahu2021 [6s Ts]
actionkima11: raises 40 to 60
AndersonLimapb: raises 420 to 480 and is all-in
Mahu2021: folds 
actionkima11: folds 
Uncalled bet (420) returned to AndersonLimapb
AndersonLimapb collected 140 from pot
AndersonLimapb: doesn't show hand 
*** SUMMARY ***
Total pot 140 | Rake 0 
Seat 1: Mahu2021 (big blind) folded before Flop
Seat 2: actionkima11 (button) folded before Flop
Seat 3: AndersonLimapb (small blind) collected (140)



PokerStars Hand #248353602788: Tournament #3702947583, $1.84+$0.16 USD Hold'em No Limit - Level I (10/20) - 2024/01/18 20:40:45 CET [2024/01/18 14:40:45 ET]
Table '3702947583 1' 3-max Seat #3 is the button
Seat 1: Mahu2021 (620 in chips) 
Seat 2: actionkima11 (320 in chips) 
Seat 3: AndersonLimapb (560 in chips) 
Mahu2021: posts small blind 10
actionkima11: posts big blind 20
*** HOLE CARDS ***
Dealt to Mahu2021 [Kc 2h]
AndersonLimapb: folds 
Mahu2021: folds 
Uncalled bet (10) returned to actionkima11
actionkima11 collected 20 from pot
*** SUMMARY ***
Total pot 20 | Rake 0 
Seat 1: Mahu2021 (small blind) folded before Flop
Seat 2: actionkima11 (big blind) collected (20)
Seat 3: AndersonLimapb (button) folded before Flop (didn't bet)



PokerStars Hand #248353604450: Tournament #3702947583, $1.84+$0.16 USD Hold'em No Limit - Level I (10/20) - 2024/01/18 20:40:49 CET [2024/01/18 14:40:49 ET]
Table '3702947583 1' 3-max Seat #1 is the button
Seat 1: Mahu2021 (610 in chips) 
Seat 2: actionkima11 (330 in chips) 
Seat 3: AndersonLimapb (560 in chips) 
actionkima11: posts small blind 10
AndersonLimapb: posts big blind 20
*** HOLE CARDS ***
Dealt to Mahu2021 [3d 6h]
Mahu2021: folds 
actionkima11: raises 40 to 60
AndersonLimapb: calls 40
*** FLOP *** [Td Ks Jc]
actionkima11: checks 
AndersonLimapb: bets 60
actionkima11: folds 
Uncalled bet (60) returned to AndersonLimapb
AndersonLimapb collected 120 from pot
AndersonLimapb: doesn't show hand 
*** SUMMARY ***
Total pot 120 | Rake 0 
Board [Td Ks Jc]
Seat 1: Mahu2021 (button) folded before Flop (didn't bet)
Seat 2: actionkima11 (small blind) folded on the Flop
Seat 3: AndersonLimapb (big blind) collected (120)



PokerStars Hand #248353616050: Tournament #3702947583, $1.84+$0.16 USD Hold'em No Limit - Level I (10/20) - 2024/01/18 20:41:21 CET [2024/01/18 14:41:21 ET]
Table '3702947583 1' 3-max Seat #2 is the button
Seat 1: Mahu2021 (610 in chips) 
Seat 2: actionkima11 (270 in chips) 
Seat 3: AndersonLimapb (620 in chips) 
AndersonLimapb: posts small blind 10
Mahu2021: posts big blind 20
*** HOLE CARDS ***
Dealt to Mahu2021 [Td 6c]
actionkima11: raises 40 to 60
AndersonLimapb: folds 
Mahu2021: folds 
Uncalled bet (40) returned to actionkima11
actionkima11 collected 50 from pot
*** SUMMARY ***
Total pot 50 | Rake 0 
Seat 1: Mahu2021 (big blind) folded before Flop
Seat 2: actionkima11 (button) collected (50)
Seat 3: AndersonLimapb (small blind) folded before Flop



PokerStars Hand #248353619034: Tournament #3702947583, $1.84+$0.16 USD Hold'em No Limit - Level I (10/20) - 2024/01/18 20:41:29 CET [2024/01/18 14:41:29 ET]
Table '3702947583 1' 3-max Seat #3 is the button
Seat 1: Mahu2021 (590 in chips) 
Seat 2: actionkima11 (300 in chips) 
Seat 3: AndersonLimapb (610 in chips) 
Mahu2021: posts small blind 10
actionkima11: posts big blind 20
*** HOLE CARDS ***
Dealt to Mahu2021 [As Ac]
AndersonLimapb: folds 
Mahu2021: calls 10
actionkima11: raises 40 to 60
Mahu2021: raises 530 to 590 and is all-in
actionkima11: calls 240 and is all-in
Uncalled bet (290) returned to Mahu2021
*** FLOP *** [Jd 8h 5d]
*** TURN *** [Jd 8h 5d] [Jc]
*** RIVER *** [Jd 8h 5d Jc] [9c]
*** SHOW DOWN ***
Mahu2021: shows [As Ac] (two pair, Aces and Jacks)
actionkima11: shows [Ks 5h] (two pair, Jacks and Fives)
Mahu2021 collected 600 from pot
actionkima11 finished the tournament in 3rd place
*** SUMMARY ***
Total pot 600 | Rake 0 
Board [Jd 8h 5d Jc 9c]
Seat 1: Mahu2021 (small blind) showed [As Ac] and won (600) with two pair, Aces and Jacks
Seat 2: actionkima11 (big blind) showed [Ks 5h] and lost with two pair, Jacks and Fives
Seat 3: AndersonLimapb (button) folded before Flop (didn't bet)



PokerStars Hand #248353627307: Tournament #3702947583, $1.84+$0.16 USD Hold'em No Limit - Level I (10/20) - 2024/01/18 20:41:51 CET [2024/01/18 14:41:51 ET]
Table '3702947583 1' 3-max Seat #1 is the button
Seat 1: Mahu2021 (890 in chips) 
Seat 3: AndersonLimapb (610 in chips) 
Mahu2021: posts small blind 10
AndersonLimapb: posts big blind 20
*** HOLE CARDS ***
Dealt to Mahu2021 [Tc 4s]
Mahu2021: folds 
Uncalled bet (10) returned to AndersonLimapb
AndersonLimapb collected 20 from pot
AndersonLimapb: doesn't show hand 
*** SUMMARY ***
Total pot 20 | Rake 0 
Seat 1: Mahu2021 (button) (small blind) folded before Flop
Seat 3: AndersonLimapb (big blind) collected (20)



PokerStars Hand #248353628816: Tournament #3702947583, $1.84+$0.16 USD Hold'em No Limit - Level I (10/20) - 2024/01/18 20:41:55 CET [2024/01/18 14:41:55 ET]
Table '3702947583 1' 3-max Seat #3 is the button
Seat 1: Mahu2021 (880 in chips) 
Seat 3: AndersonLimapb (620 in chips) 
AndersonLimapb: posts small blind 10
Mahu2021: posts big blind 20
*** HOLE CARDS ***
Dealt to Mahu2021 [Qh As]
AndersonLimapb: folds 
Uncalled bet (10) returned to Mahu2021
Mahu2021 collected 20 from pot
Mahu2021: doesn't show hand 
*** SUMMARY ***
Total pot 20 | Rake 0 
Seat 1: Mahu2021 (big blind) collected (20)
Seat 3: AndersonLimapb (button) (small blind) folded before Flop



PokerStars Hand #248353630267: Tournament #3702947583, $1.84+$0.16 USD Hold'em No Limit - Level I (10/20) - 2024/01/18 20:41:59 CET [2024/01/18 14:41:59 ET]
Table '3702947583 1' 3-max Seat #1 is the button
Seat 1: Mahu2021 (890 in chips) 
Seat 3: AndersonLimapb (610 in chips) 
Mahu2021: posts small blind 10
AndersonLimapb: posts big blind 20
*** HOLE CARDS ***
Dealt to Mahu2021 [As Ah]
Mahu2021: raises 40 to 60
AndersonLimapb: folds 
Uncalled bet (40) returned to Mahu2021
Mahu2021 collected 40 from pot
Mahu2021: doesn't show hand 
*** SUMMARY ***
Total pot 40 | Rake 0 
Seat 1: Mahu2021 (button) (small blind) collected (40)
Seat 3: AndersonLimapb (big blind) folded before Flop



PokerStars Hand #248353634025: Tournament #3702947583, $1.84+$0.16 USD Hold'em No Limit - Level II (15/30) - 2024/01/18 20:42:09 CET [2024/01/18 14:42:09 ET]
Table '3702947583 1' 3-max Seat #3 is the button
Seat 1: Mahu2021 (910 in chips) 
Seat 3: AndersonLimapb (590 in chips) 
AndersonLimapb: posts small blind 15
Mahu2021: posts big blind 30
*** HOLE CARDS ***
Dealt to Mahu2021 [5d 8s]
AndersonLimapb: folds 
Uncalled bet (15) returned to Mahu2021
Mahu2021 collected 30 from pot
Mahu2021: doesn't show hand 
*** SUMMARY ***
Total pot 30 | Rake 0 
Seat 1: Mahu2021 (big blind) collected (30)
Seat 3: AndersonLimapb (button) (small blind) folded before Flop



PokerStars Hand #248353635903: Tournament #3702947583, $1.84+$0.16 USD Hold'em No Limit - Level II (15/30) - 2024/01/18 20:42:14 CET [2024/01/18 14:42:14 ET]
Table '3702947583 1' 3-max Seat #1 is the button
Seat 1: Mahu2021 (925 in chips) 
Seat 3: AndersonLimapb (575 in chips) 
Mahu2021: posts small blind 15
AndersonLimapb: posts big blind 30
*** HOLE CARDS ***
Dealt to Mahu2021 [Th 9s]
Mahu2021: calls 15
AndersonLimapb: checks 
*** FLOP *** [Kc As Qc]
AndersonLimapb: checks 
Mahu2021: bets 30
AndersonLimapb: folds 
Uncalled bet (30) returned to Mahu2021
Mahu2021 collected 60 from pot
Mahu2021: doesn't show hand 
*** SUMMARY ***
Total pot 60 | Rake 0 
Board [Kc As Qc]
Seat 1: Mahu2021 (button) (small blind) collected (60)
Seat 3: AndersonLimapb (big blind) folded on the Flop



PokerStars Hand #248353640014: Tournament #3702947583, $1.84+$0.16 USD Hold'em No Limit - Level II (15/30) - 2024/01/18 20:42:25 CET [2024/01/18 14:42:25 ET]
Table '3702947583 1' 3-max Seat #3 is the button
Seat 1: Mahu2021 (955 in chips) 
Seat 3: AndersonLimapb (545 in chips) 
AndersonLimapb: posts small blind 15
Mahu2021: posts big blind 30
*** HOLE CARDS ***
Dealt to Mahu2021 [6h 4d]
AndersonLimapb: raises 30 to 60
Mahu2021: folds 
Uncalled bet (30) returned to AndersonLimapb
AndersonLimapb collected 60 from pot
AndersonLimapb: doesn't show hand 
*** SUMMARY ***
Total pot 60 | Rake 0 
Seat 1: Mahu2021 (big blind) folded before Flop
Seat 3: AndersonLimapb (button) (small blind) collected (60)



PokerStars Hand #248353641922: Tournament #3702947583, $1.84+$0.16 USD Hold'em No Limit - Level II (15/30) - 2024/01/18 20:42:30 CET [2024/01/18 14:42:30 ET]
Table '3702947583 1' 3-max Seat #1 is the button
Seat 1: Mahu2021 (925 in chips) 
Seat 3: AndersonLimapb (575 in chips) 
Mahu2021: posts small blind 15
AndersonLimapb: posts big blind 30
*** HOLE CARDS ***
Dealt to Mahu2021 [Qh 6h]
Mahu2021: calls 15
AndersonLimapb: raises 45 to 75
Mahu2021: calls 45
*** FLOP *** [3h 4d 2s]
AndersonLimapb: bets 45
Mahu2021: calls 45
*** TURN *** [3h 4d 2s] [Qd]
AndersonLimapb: bets 120
Mahu2021: calls 120
*** RIVER *** [3h 4d 2s Qd] [Qs]
AndersonLimapb: checks 
Mahu2021: bets 90
AndersonLimapb: folds 
Uncalled bet (90) returned to Mahu2021
Mahu2021 collected 480 from pot
Mahu2021: doesn't show hand 
*** SUMMARY ***
Total pot 480 | Rake 0 
Board [3h 4d 2s Qd Qs]
Seat 1: Mahu2021 (button) (small blind) collected (480)
Seat 3: AndersonLimapb (big blind) folded on the River



PokerStars Hand #248353654832: Tournament #3702947583, $1.84+$0.16 USD Hold'em No Limit - Level II (15/30) - 2024/01/18 20:43:05 CET [2024/01/18 14:43:05 ET]
Table '3702947583 1' 3-max Seat #3 is the button
Seat 1: Mahu2021 (1165 in chips) 
Seat 3: AndersonLimapb (335 in chips) 
AndersonLimapb: posts small blind 15
Mahu2021: posts big blind 30
*** HOLE CARDS ***
Dealt to Mahu2021 [Kh Th]
AndersonLimapb: calls 15
Mahu2021: raises 60 to 90
AndersonLimapb: folds 
Uncalled bet (60) returned to Mahu2021
Mahu2021 collected 60 from pot
Mahu2021: doesn't show hand 
*** SUMMARY ***
Total pot 60 | Rake 0 
Seat 1: Mahu2021 (big blind) collected (60)
Seat 3: AndersonLimapb (button) (small blind) folded before Flop



PokerStars Hand #248353657817: Tournament #3702947583, $1.84+$0.16 USD Hold'em No Limit - Level II (15/30) - 2024/01/18 20:43:13 CET [2024/01/18 14:43:13 ET]
Table '3702947583 1' 3-max Seat #1 is the button
Seat 1: Mahu2021 (1195 in chips) 
Seat 3: AndersonLimapb (305 in chips) 
Mahu2021: posts small blind 15
AndersonLimapb: posts big blind 30
*** HOLE CARDS ***
Dealt to Mahu2021 [Kh Ks]
Mahu2021: raises 60 to 90
AndersonLimapb: raises 215 to 305 and is all-in
Mahu2021: calls 215
*** FLOP *** [6d Ts As]
*** TURN *** [6d Ts As] [9d]
*** RIVER *** [6d Ts As 9d] [5h]
*** SHOW DOWN ***
AndersonLimapb: shows [Th Qc] (a pair of Tens)
Mahu2021: shows [Kh Ks] (a pair of Kings)
Mahu2021 collected 610 from pot
AndersonLimapb finished the tournament in 2nd place
Mahu2021 wins the tournament and receives $4.00 - congratulations!
*** SUMMARY ***
Total pot 610 | Rake 0 
Board [6d Ts As 9d 5h]
Seat 1: Mahu2021 (button) (small blind) showed [Kh Ks] and won (610) with a pair of Kings
Seat 3: AndersonLimapb (big blind) showed [Th Qc] and lost with a pair of Tens



