PokerStars Hand #255469563081: Tournament #3873125862, $0.46+$0.04 USD Hold'em No Limit - Level I (10/20) - 2025/03/27 9:46:53 CET [2025/03/27 4:46:53 ET]
Table '3873125862 1' 3-max Seat #1 is the button
Seat 1: JB181 (500 in chips) 
Seat 2: Mahu2021 (500 in chips) 
Seat 3: Opaschkou (500 in chips) 
Mahu2021: posts small blind 10
Opaschkou: posts big blind 20
*** HOLE CARDS ***
Dealt to Mahu2021 [8s 7h]
JB181: folds 
Mahu2021: raises 20 to 40
Opaschkou: calls 20
*** FLOP *** [7s 3s Td]
Mahu2021: bets 40
Opaschkou: calls 40
*** TURN *** [7s 3s Td] [4c]
Mahu2021: bets 40
Opaschkou: calls 40
*** RIVER *** [7s 3s Td 4c] [8c]
Mahu2021: bets 240
Opaschkou: calls 240
*** SHOW DOWN ***
Mahu2021: shows [8s 7h] (two pair, Eights and Sevens)
Opaschkou: mucks hand 
Mahu2021 collected 720 from pot
*** SUMMARY ***
Total pot 720 | Rake 0 
Board [7s 3s Td 4c 8c]
Seat 1: JB181 (button) folded before Flop (didn't bet)
Seat 2: Mahu2021 (small blind) showed [8s 7h] and won (720) with two pair, Eights and Sevens
Seat 3: Opaschkou (big blind) mucked [Qh Th]



PokerStars Hand #255469564940: Tournament #3873125862, $0.46+$0.04 USD Hold'em No Limit - Level I (10/20) - 2025/03/27 9:47:16 CET [2025/03/27 4:47:16 ET]
Table '3873125862 1' 3-max Seat #2 is the button
Seat 1: JB181 (500 in chips) 
Seat 2: Mahu2021 (860 in chips) 
Seat 3: Opaschkou (140 in chips) 
Opaschkou: posts small blind 10
JB181: posts big blind 20
*** HOLE CARDS ***
Dealt to Mahu2021 [Jh 3s]
Mahu2021: folds 
Opaschkou: folds 
Uncalled bet (10) returned to JB181
JB181 collected 20 from pot
JB181: doesn't show hand 
*** SUMMARY ***
Total pot 20 | Rake 0 
Seat 1: JB181 (big blind) collected (20)
Seat 2: Mahu2021 (button) folded before Flop (didn't bet)
Seat 3: Opaschkou (small blind) folded before Flop



PokerStars Hand #255469565890: Tournament #3873125862, $0.46+$0.04 USD Hold'em No Limit - Level I (10/20) - 2025/03/27 9:47:28 CET [2025/03/27 4:47:28 ET]
Table '3873125862 1' 3-max Seat #3 is the button
Seat 1: JB181 (510 in chips) 
Seat 2: Mahu2021 (860 in chips) 
Seat 3: Opaschkou (130 in chips) 
JB181: posts small blind 10
Mahu2021: posts big blind 20
*** HOLE CARDS ***
Dealt to Mahu2021 [9s 4h]
Opaschkou: calls 20
JB181: folds 
Mahu2021: checks 
*** FLOP *** [2c 7c Td]
Mahu2021: checks 
Opaschkou: checks 
*** TURN *** [2c 7c Td] [4s]
Mahu2021: bets 20
Opaschkou: calls 20
*** RIVER *** [2c 7c Td 4s] [2d]
Mahu2021: bets 20
Opaschkou: raises 70 to 90 and is all-in
Mahu2021: calls 70
*** SHOW DOWN ***
Opaschkou: shows [Kc Kd] (two pair, Kings and Deuces)
Mahu2021: shows [9s 4h] (two pair, Fours and Deuces)
Opaschkou collected 270 from pot
*** SUMMARY ***
Total pot 270 | Rake 0 
Board [2c 7c Td 4s 2d]
Seat 1: JB181 (small blind) folded before Flop
Seat 2: Mahu2021 (big blind) showed [9s 4h] and lost with two pair, Fours and Deuces
Seat 3: Opaschkou (button) showed [Kc Kd] and won (270) with two pair, Kings and Deuces



PokerStars Hand #255469568033: Tournament #3873125862, $0.46+$0.04 USD Hold'em No Limit - Level I (10/20) - 2025/03/27 9:47:54 CET [2025/03/27 4:47:54 ET]
Table '3873125862 1' 3-max Seat #1 is the button
Seat 1: JB181 (500 in chips) 
Seat 2: Mahu2021 (730 in chips) 
Seat 3: Opaschkou (270 in chips) 
Mahu2021: posts small blind 10
Opaschkou: posts big blind 20
*** HOLE CARDS ***
Dealt to Mahu2021 [2d 7s]
JB181: folds 
Mahu2021: folds 
Uncalled bet (10) returned to Opaschkou
Opaschkou collected 20 from pot
Opaschkou: doesn't show hand 
*** SUMMARY ***
Total pot 20 | Rake 0 
Seat 1: JB181 (button) folded before Flop (didn't bet)
Seat 2: Mahu2021 (small blind) folded before Flop
Seat 3: Opaschkou (big blind) collected (20)



PokerStars Hand #255469568652: Tournament #3873125862, $0.46+$0.04 USD Hold'em No Limit - Level I (10/20) - 2025/03/27 9:48:01 CET [2025/03/27 4:48:01 ET]
Table '3873125862 1' 3-max Seat #2 is the button
Seat 1: JB181 (500 in chips) 
Seat 2: Mahu2021 (720 in chips) 
Seat 3: Opaschkou (280 in chips) 
Opaschkou: posts small blind 10
JB181: posts big blind 20
*** HOLE CARDS ***
Dealt to Mahu2021 [Kh 8s]
Mahu2021: raises 20 to 40
Opaschkou: folds 
JB181: calls 20
*** FLOP *** [7h 4d 7s]
JB181: checks 
Mahu2021: bets 40
JB181: calls 40
*** TURN *** [7h 4d 7s] [6h]
JB181: checks 
Mahu2021: checks 
*** RIVER *** [7h 4d 7s 6h] [3c]
JB181: bets 85
Mahu2021: folds 
Uncalled bet (85) returned to JB181
JB181 collected 170 from pot
JB181: doesn't show hand 
*** SUMMARY ***
Total pot 170 | Rake 0 
Board [7h 4d 7s 6h 3c]
Seat 1: JB181 (big blind) collected (170)
Seat 2: Mahu2021 (button) folded on the River
Seat 3: Opaschkou (small blind) folded before Flop



PokerStars Hand #255469572000: Tournament #3873125862, $0.46+$0.04 USD Hold'em No Limit - Level I (10/20) - 2025/03/27 9:48:43 CET [2025/03/27 4:48:43 ET]
Table '3873125862 1' 3-max Seat #3 is the button
Seat 1: JB181 (590 in chips) 
Seat 2: Mahu2021 (640 in chips) 
Seat 3: Opaschkou (270 in chips) 
JB181: posts small blind 10
Mahu2021: posts big blind 20
*** HOLE CARDS ***
Dealt to Mahu2021 [4c 3h]
Opaschkou: folds 
JB181: raises 20 to 40
Mahu2021: folds 
Uncalled bet (20) returned to JB181
JB181 collected 40 from pot
JB181: doesn't show hand 
*** SUMMARY ***
Total pot 40 | Rake 0 
Seat 1: JB181 (small blind) collected (40)
Seat 2: Mahu2021 (big blind) folded before Flop
Seat 3: Opaschkou (button) folded before Flop (didn't bet)



PokerStars Hand #255469572798: Tournament #3873125862, $0.46+$0.04 USD Hold'em No Limit - Level I (10/20) - 2025/03/27 9:48:53 CET [2025/03/27 4:48:53 ET]
Table '3873125862 1' 3-max Seat #1 is the button
Seat 1: JB181 (610 in chips) 
Seat 2: Mahu2021 (620 in chips) 
Seat 3: Opaschkou (270 in chips) 
Mahu2021: posts small blind 10
Opaschkou: posts big blind 20
*** HOLE CARDS ***
Dealt to Mahu2021 [3c 7d]
JB181: folds 
Mahu2021: folds 
Uncalled bet (10) returned to Opaschkou
Opaschkou collected 20 from pot
Opaschkou: doesn't show hand 
*** SUMMARY ***
Total pot 20 | Rake 0 
Seat 1: JB181 (button) folded before Flop (didn't bet)
Seat 2: Mahu2021 (small blind) folded before Flop
Seat 3: Opaschkou (big blind) collected (20)



PokerStars Hand #255469573463: Tournament #3873125862, $0.46+$0.04 USD Hold'em No Limit - Level II (15/30) - 2025/03/27 9:49:01 CET [2025/03/27 4:49:01 ET]
Table '3873125862 1' 3-max Seat #2 is the button
Seat 1: JB181 (610 in chips) 
Seat 2: Mahu2021 (610 in chips) 
Seat 3: Opaschkou (280 in chips) 
Opaschkou: posts small blind 15
JB181: posts big blind 30
*** HOLE CARDS ***
Dealt to Mahu2021 [4c 5c]
Mahu2021: calls 30
Opaschkou: calls 15
JB181: checks 
*** FLOP *** [8d Ks Jc]
Opaschkou: bets 30
JB181: calls 30
Mahu2021: folds 
*** TURN *** [8d Ks Jc] [3h]
Opaschkou: bets 30
JB181: calls 30
*** RIVER *** [8d Ks Jc 3h] [5d]
Opaschkou: checks 
JB181: bets 105
Opaschkou: folds 
Uncalled bet (105) returned to JB181
JB181 collected 210 from pot
JB181: doesn't show hand 
*** SUMMARY ***
Total pot 210 | Rake 0 
Board [8d Ks Jc 3h 5d]
Seat 1: JB181 (big blind) collected (210)
Seat 2: Mahu2021 (button) folded on the Flop
Seat 3: Opaschkou (small blind) folded on the River



PokerStars Hand #255469576826: Tournament #3873125862, $0.46+$0.04 USD Hold'em No Limit - Level II (15/30) - 2025/03/27 9:49:41 CET [2025/03/27 4:49:41 ET]
Table '3873125862 1' 3-max Seat #3 is the button
Seat 1: JB181 (730 in chips) 
Seat 2: Mahu2021 (580 in chips) 
Seat 3: Opaschkou (190 in chips) 
JB181: posts small blind 15
Mahu2021: posts big blind 30
*** HOLE CARDS ***
Dealt to Mahu2021 [Jh 6c]
Opaschkou: folds 
JB181: folds 
Uncalled bet (15) returned to Mahu2021
Mahu2021 collected 30 from pot
Mahu2021: doesn't show hand 
*** SUMMARY ***
Total pot 30 | Rake 0 
Seat 1: JB181 (small blind) folded before Flop
Seat 2: Mahu2021 (big blind) collected (30)
Seat 3: Opaschkou (button) folded before Flop (didn't bet)



PokerStars Hand #255469577434: Tournament #3873125862, $0.46+$0.04 USD Hold'em No Limit - Level II (15/30) - 2025/03/27 9:49:49 CET [2025/03/27 4:49:49 ET]
Table '3873125862 1' 3-max Seat #1 is the button
Seat 1: JB181 (715 in chips) 
Seat 2: Mahu2021 (595 in chips) 
Seat 3: Opaschkou (190 in chips) 
Mahu2021: posts small blind 15
Opaschkou: posts big blind 30
*** HOLE CARDS ***
Dealt to Mahu2021 [7h 3c]
JB181: folds 
Mahu2021: folds 
Uncalled bet (15) returned to Opaschkou
Opaschkou collected 30 from pot
Opaschkou: doesn't show hand 
*** SUMMARY ***
Total pot 30 | Rake 0 
Seat 1: JB181 (button) folded before Flop (didn't bet)
Seat 2: Mahu2021 (small blind) folded before Flop
Seat 3: Opaschkou (big blind) collected (30)



PokerStars Hand #255469577890: Tournament #3873125862, $0.46+$0.04 USD Hold'em No Limit - Level II (15/30) - 2025/03/27 9:49:54 CET [2025/03/27 4:49:54 ET]
Table '3873125862 1' 3-max Seat #2 is the button
Seat 1: JB181 (715 in chips) 
Seat 2: Mahu2021 (580 in chips) 
Seat 3: Opaschkou (205 in chips) 
Opaschkou: posts small blind 15
JB181: posts big blind 30
*** HOLE CARDS ***
Dealt to Mahu2021 [Td 4h]
Mahu2021: folds 
Opaschkou: folds 
Uncalled bet (15) returned to JB181
JB181 collected 30 from pot
JB181: doesn't show hand 
*** SUMMARY ***
Total pot 30 | Rake 0 
Seat 1: JB181 (big blind) collected (30)
Seat 2: Mahu2021 (button) folded before Flop (didn't bet)
Seat 3: Opaschkou (small blind) folded before Flop



PokerStars Hand #255469578575: Tournament #3873125862, $0.46+$0.04 USD Hold'em No Limit - Level II (15/30) - 2025/03/27 9:50:02 CET [2025/03/27 4:50:02 ET]
Table '3873125862 1' 3-max Seat #3 is the button
Seat 1: JB181 (730 in chips) 
Seat 2: Mahu2021 (580 in chips) 
Seat 3: Opaschkou (190 in chips) 
JB181: posts small blind 15
Mahu2021: posts big blind 30
*** HOLE CARDS ***
Dealt to Mahu2021 [Kd 6d]
Opaschkou: folds 
JB181: folds 
Uncalled bet (15) returned to Mahu2021
Mahu2021 collected 30 from pot
Mahu2021: doesn't show hand 
*** SUMMARY ***
Total pot 30 | Rake 0 
Seat 1: JB181 (small blind) folded before Flop
Seat 2: Mahu2021 (big blind) collected (30)
Seat 3: Opaschkou (button) folded before Flop (didn't bet)



PokerStars Hand #255469579442: Tournament #3873125862, $0.46+$0.04 USD Hold'em No Limit - Level II (15/30) - 2025/03/27 9:50:12 CET [2025/03/27 4:50:12 ET]
Table '3873125862 1' 3-max Seat #1 is the button
Seat 1: JB181 (715 in chips) 
Seat 2: Mahu2021 (595 in chips) 
Seat 3: Opaschkou (190 in chips) 
Mahu2021: posts small blind 15
Opaschkou: posts big blind 30
*** HOLE CARDS ***
Dealt to Mahu2021 [5h As]
JB181: folds 
Mahu2021: raises 60 to 90
Opaschkou: raises 100 to 190 and is all-in
Mahu2021: calls 100
*** FLOP *** [3s 6s Jh]
*** TURN *** [3s 6s Jh] [4s]
*** RIVER *** [3s 6s Jh 4s] [9d]
*** SHOW DOWN ***
Mahu2021: shows [5h As] (high card Ace)
Opaschkou: shows [Kc Td] (high card King)
Mahu2021 collected 380 from pot
Opaschkou finished the tournament in 3rd place
*** SUMMARY ***
Total pot 380 | Rake 0 
Board [3s 6s Jh 4s 9d]
Seat 1: JB181 (button) folded before Flop (didn't bet)
Seat 2: Mahu2021 (small blind) showed [5h As] and won (380) with high card Ace
Seat 3: Opaschkou (big blind) showed [Kc Td] and lost with high card King



PokerStars Hand #255469581318: Tournament #3873125862, $0.46+$0.04 USD Hold'em No Limit - Level II (15/30) - 2025/03/27 9:50:35 CET [2025/03/27 4:50:35 ET]
Table '3873125862 1' 3-max Seat #2 is the button
Seat 1: JB181 (715 in chips) 
Seat 2: Mahu2021 (785 in chips) 
Mahu2021: posts small blind 15
JB181: posts big blind 30
*** HOLE CARDS ***
Dealt to Mahu2021 [3s 3c]
Mahu2021: raises 30 to 60
JB181: raises 655 to 715 and is all-in
Mahu2021: folds 
Uncalled bet (655) returned to JB181
JB181 collected 120 from pot
JB181: doesn't show hand 
*** SUMMARY ***
Total pot 120 | Rake 0 
Seat 1: JB181 (big blind) collected (120)
Seat 2: Mahu2021 (button) (small blind) folded before Flop



PokerStars Hand #255469582184: Tournament #3873125862, $0.46+$0.04 USD Hold'em No Limit - Level II (15/30) - 2025/03/27 9:50:45 CET [2025/03/27 4:50:45 ET]
Table '3873125862 1' 3-max Seat #1 is the button
Seat 1: JB181 (775 in chips) 
Seat 2: Mahu2021 (725 in chips) 
JB181: posts small blind 15
Mahu2021: posts big blind 30
*** HOLE CARDS ***
Dealt to Mahu2021 [Td Qs]
JB181: folds 
Uncalled bet (15) returned to Mahu2021
Mahu2021 collected 30 from pot
Mahu2021: doesn't show hand 
*** SUMMARY ***
Total pot 30 | Rake 0 
Seat 1: JB181 (button) (small blind) folded before Flop
Seat 2: Mahu2021 (big blind) collected (30)



PokerStars Hand #255469582590: Tournament #3873125862, $0.46+$0.04 USD Hold'em No Limit - Level II (15/30) - 2025/03/27 9:50:50 CET [2025/03/27 4:50:50 ET]
Table '3873125862 1' 3-max Seat #2 is the button
Seat 1: JB181 (760 in chips) 
Seat 2: Mahu2021 (740 in chips) 
Mahu2021: posts small blind 15
JB181: posts big blind 30
*** HOLE CARDS ***
Dealt to Mahu2021 [4d Jd]
Mahu2021: calls 15
JB181: raises 60 to 90
Mahu2021: calls 60
*** FLOP *** [5s 8h Ah]
JB181: checks 
Mahu2021: bets 90
JB181: folds 
Uncalled bet (90) returned to Mahu2021
Mahu2021 collected 180 from pot
Mahu2021: doesn't show hand 
*** SUMMARY ***
Total pot 180 | Rake 0 
Board [5s 8h Ah]
Seat 1: JB181 (big blind) folded on the Flop
Seat 2: Mahu2021 (button) (small blind) collected (180)



PokerStars Hand #255469584199: Tournament #3873125862, $0.46+$0.04 USD Hold'em No Limit - Level III (20/40) - 2025/03/27 9:51:09 CET [2025/03/27 4:51:09 ET]
Table '3873125862 1' 3-max Seat #1 is the button
Seat 1: JB181 (670 in chips) 
Seat 2: Mahu2021 (830 in chips) 
JB181: posts small blind 20
Mahu2021: posts big blind 40
*** HOLE CARDS ***
Dealt to Mahu2021 [2h 6c]
JB181: folds 
Uncalled bet (20) returned to Mahu2021
Mahu2021 collected 40 from pot
Mahu2021: doesn't show hand 
*** SUMMARY ***
Total pot 40 | Rake 0 
Seat 1: JB181 (button) (small blind) folded before Flop
Seat 2: Mahu2021 (big blind) collected (40)



PokerStars Hand #255469585093: Tournament #3873125862, $0.46+$0.04 USD Hold'em No Limit - Level III (20/40) - 2025/03/27 9:51:20 CET [2025/03/27 4:51:20 ET]
Table '3873125862 1' 3-max Seat #2 is the button
Seat 1: JB181 (650 in chips) 
Seat 2: Mahu2021 (850 in chips) 
Mahu2021: posts small blind 20
JB181: posts big blind 40
*** HOLE CARDS ***
Dealt to Mahu2021 [9d Ac]
Mahu2021: raises 40 to 80
JB181: folds 
Uncalled bet (40) returned to Mahu2021
Mahu2021 collected 80 from pot
Mahu2021: doesn't show hand 
*** SUMMARY ***
Total pot 80 | Rake 0 
Seat 1: JB181 (big blind) folded before Flop
Seat 2: Mahu2021 (button) (small blind) collected (80)



PokerStars Hand #255469585574: Tournament #3873125862, $0.46+$0.04 USD Hold'em No Limit - Level III (20/40) - 2025/03/27 9:51:26 CET [2025/03/27 4:51:26 ET]
Table '3873125862 1' 3-max Seat #1 is the button
Seat 1: JB181 (610 in chips) 
Seat 2: Mahu2021 (890 in chips) 
JB181: posts small blind 20
Mahu2021: posts big blind 40
*** HOLE CARDS ***
Dealt to Mahu2021 [Qd 9s]
JB181: raises 40 to 80
Mahu2021: calls 40
*** FLOP *** [Kh 9d 3h]
Mahu2021: bets 80
JB181: folds 
Uncalled bet (80) returned to Mahu2021
Mahu2021 collected 160 from pot
Mahu2021: doesn't show hand 
*** SUMMARY ***
Total pot 160 | Rake 0 
Board [Kh 9d 3h]
Seat 1: JB181 (button) (small blind) folded on the Flop
Seat 2: Mahu2021 (big blind) collected (160)



PokerStars Hand #255469587225: Tournament #3873125862, $0.46+$0.04 USD Hold'em No Limit - Level III (20/40) - 2025/03/27 9:51:46 CET [2025/03/27 4:51:46 ET]
Table '3873125862 1' 3-max Seat #2 is the button
Seat 1: JB181 (530 in chips) 
Seat 2: Mahu2021 (970 in chips) 
Mahu2021: posts small blind 20
JB181: posts big blind 40
*** HOLE CARDS ***
Dealt to Mahu2021 [Js 7s]
Mahu2021: calls 20
JB181: raises 490 to 530 and is all-in
Mahu2021: folds 
Uncalled bet (490) returned to JB181
JB181 collected 80 from pot
JB181: doesn't show hand 
*** SUMMARY ***
Total pot 80 | Rake 0 
Seat 1: JB181 (big blind) collected (80)
Seat 2: Mahu2021 (button) (small blind) folded before Flop



PokerStars Hand #255469588020: Tournament #3873125862, $0.46+$0.04 USD Hold'em No Limit - Level III (20/40) - 2025/03/27 9:51:55 CET [2025/03/27 4:51:55 ET]
Table '3873125862 1' 3-max Seat #1 is the button
Seat 1: JB181 (570 in chips) 
Seat 2: Mahu2021 (930 in chips) 
JB181: posts small blind 20
Mahu2021: posts big blind 40
*** HOLE CARDS ***
Dealt to Mahu2021 [Qh 3h]
JB181: folds 
Uncalled bet (20) returned to Mahu2021
Mahu2021 collected 40 from pot
Mahu2021: doesn't show hand 
*** SUMMARY ***
Total pot 40 | Rake 0 
Seat 1: JB181 (button) (small blind) folded before Flop
Seat 2: Mahu2021 (big blind) collected (40)



PokerStars Hand #255469588420: Tournament #3873125862, $0.46+$0.04 USD Hold'em No Limit - Level III (20/40) - 2025/03/27 9:52:00 CET [2025/03/27 4:52:00 ET]
Table '3873125862 1' 3-max Seat #2 is the button
Seat 1: JB181 (550 in chips) 
Seat 2: Mahu2021 (950 in chips) 
Mahu2021: posts small blind 20
JB181: posts big blind 40
*** HOLE CARDS ***
Dealt to Mahu2021 [9h Kd]
Mahu2021: raises 40 to 80
JB181: raises 470 to 550 and is all-in
Mahu2021: calls 470
*** FLOP *** [As Jc 3c]
*** TURN *** [As Jc 3c] [7d]
*** RIVER *** [As Jc 3c 7d] [4h]
*** SHOW DOWN ***
JB181: shows [Ad 6c] (a pair of Aces)
Mahu2021: shows [9h Kd] (high card Ace)
JB181 collected 1100 from pot
*** SUMMARY ***
Total pot 1100 | Rake 0 
Board [As Jc 3c 7d 4h]
Seat 1: JB181 (big blind) showed [Ad 6c] and won (1100) with a pair of Aces
Seat 2: Mahu2021 (button) (small blind) showed [9h Kd] and lost with high card Ace



PokerStars Hand #255469589852: Tournament #3873125862, $0.46+$0.04 USD Hold'em No Limit - Level III (20/40) - 2025/03/27 9:52:17 CET [2025/03/27 4:52:17 ET]
Table '3873125862 1' 3-max Seat #1 is the button
Seat 1: JB181 (1100 in chips) 
Seat 2: Mahu2021 (400 in chips) 
JB181: posts small blind 20
Mahu2021: posts big blind 40
*** HOLE CARDS ***
Dealt to Mahu2021 [8s Td]
JB181: folds 
Uncalled bet (20) returned to Mahu2021
Mahu2021 collected 40 from pot
Mahu2021: doesn't show hand 
*** SUMMARY ***
Total pot 40 | Rake 0 
Seat 1: JB181 (button) (small blind) folded before Flop
Seat 2: Mahu2021 (big blind) collected (40)



PokerStars Hand #255469590348: Tournament #3873125862, $0.46+$0.04 USD Hold'em No Limit - Level III (20/40) - 2025/03/27 9:52:23 CET [2025/03/27 4:52:23 ET]
Table '3873125862 1' 3-max Seat #2 is the button
Seat 1: JB181 (1080 in chips) 
Seat 2: Mahu2021 (420 in chips) 
Mahu2021: posts small blind 20
JB181: posts big blind 40
*** HOLE CARDS ***
Dealt to Mahu2021 [Kh 6c]
Mahu2021: raises 40 to 80
JB181: folds 
Uncalled bet (40) returned to Mahu2021
Mahu2021 collected 80 from pot
Mahu2021: doesn't show hand 
*** SUMMARY ***
Total pot 80 | Rake 0 
Seat 1: JB181 (big blind) folded before Flop
Seat 2: Mahu2021 (button) (small blind) collected (80)



PokerStars Hand #255469590896: Tournament #3873125862, $0.46+$0.04 USD Hold'em No Limit - Level III (20/40) - 2025/03/27 9:52:30 CET [2025/03/27 4:52:30 ET]
Table '3873125862 1' 3-max Seat #1 is the button
Seat 1: JB181 (1040 in chips) 
Seat 2: Mahu2021 (460 in chips) 
JB181: posts small blind 20
Mahu2021: posts big blind 40
*** HOLE CARDS ***
Dealt to Mahu2021 [Kc 4h]
JB181: folds 
Uncalled bet (20) returned to Mahu2021
Mahu2021 collected 40 from pot
Mahu2021: doesn't show hand 
*** SUMMARY ***
Total pot 40 | Rake 0 
Seat 1: JB181 (button) (small blind) folded before Flop
Seat 2: Mahu2021 (big blind) collected (40)



PokerStars Hand #255469591215: Tournament #3873125862, $0.46+$0.04 USD Hold'em No Limit - Level III (20/40) - 2025/03/27 9:52:34 CET [2025/03/27 4:52:34 ET]
Table '3873125862 1' 3-max Seat #2 is the button
Seat 1: JB181 (1020 in chips) 
Seat 2: Mahu2021 (480 in chips) 
Mahu2021: posts small blind 20
JB181: posts big blind 40
*** HOLE CARDS ***
Dealt to Mahu2021 [2d Ad]
Mahu2021: raises 440 to 480 and is all-in
JB181: folds 
Uncalled bet (440) returned to Mahu2021
Mahu2021 collected 80 from pot
Mahu2021: doesn't show hand 
*** SUMMARY ***
Total pot 80 | Rake 0 
Seat 1: JB181 (big blind) folded before Flop
Seat 2: Mahu2021 (button) (small blind) collected (80)



PokerStars Hand #255469591809: Tournament #3873125862, $0.46+$0.04 USD Hold'em No Limit - Level III (20/40) - 2025/03/27 9:52:41 CET [2025/03/27 4:52:41 ET]
Table '3873125862 1' 3-max Seat #1 is the button
Seat 1: JB181 (980 in chips) 
Seat 2: Mahu2021 (520 in chips) 
JB181: posts small blind 20
Mahu2021: posts big blind 40
*** HOLE CARDS ***
Dealt to Mahu2021 [2d Ad]
JB181: raises 940 to 980 and is all-in
Mahu2021: calls 480 and is all-in
Uncalled bet (460) returned to JB181
*** FLOP *** [Jd 6c As]
*** TURN *** [Jd 6c As] [Js]
*** RIVER *** [Jd 6c As Js] [8d]
*** SHOW DOWN ***
Mahu2021: shows [2d Ad] (two pair, Aces and Jacks)
JB181: shows [7h Ah] (two pair, Aces and Jacks)
Mahu2021 collected 520 from pot
JB181 collected 520 from pot
*** SUMMARY ***
Total pot 1040 | Rake 0 
Board [Jd 6c As Js 8d]
Seat 1: JB181 (button) (small blind) showed [7h Ah] and won (520) with two pair, Aces and Jacks
Seat 2: Mahu2021 (big blind) showed [2d Ad] and won (520) with two pair, Aces and Jacks



PokerStars Hand #255469592868: Tournament #3873125862, $0.46+$0.04 USD Hold'em No Limit - Level III (20/40) - 2025/03/27 9:52:54 CET [2025/03/27 4:52:54 ET]
Table '3873125862 1' 3-max Seat #2 is the button
Seat 1: JB181 (980 in chips) 
Seat 2: Mahu2021 (520 in chips) 
Mahu2021: posts small blind 20
JB181: posts big blind 40
*** HOLE CARDS ***
Dealt to Mahu2021 [8c Ad]
Mahu2021: raises 480 to 520 and is all-in
JB181: folds 
Uncalled bet (480) returned to Mahu2021
Mahu2021 collected 80 from pot
Mahu2021: doesn't show hand 
*** SUMMARY ***
Total pot 80 | Rake 0 
Seat 1: JB181 (big blind) folded before Flop
Seat 2: Mahu2021 (button) (small blind) collected (80)



PokerStars Hand #255469593798: Tournament #3873125862, $0.46+$0.04 USD Hold'em No Limit - Level IV (30/60) - 2025/03/27 9:53:06 CET [2025/03/27 4:53:06 ET]
Table '3873125862 1' 3-max Seat #1 is the button
Seat 1: JB181 (940 in chips) 
Seat 2: Mahu2021 (560 in chips) 
JB181: posts small blind 30
Mahu2021: posts big blind 60
*** HOLE CARDS ***
Dealt to Mahu2021 [7c 6h]
JB181: folds 
Uncalled bet (30) returned to Mahu2021
Mahu2021 collected 60 from pot
Mahu2021: doesn't show hand 
*** SUMMARY ***
Total pot 60 | Rake 0 
Seat 1: JB181 (button) (small blind) folded before Flop
Seat 2: Mahu2021 (big blind) collected (60)



PokerStars Hand #255469594439: Tournament #3873125862, $0.46+$0.04 USD Hold'em No Limit - Level IV (30/60) - 2025/03/27 9:53:13 CET [2025/03/27 4:53:13 ET]
Table '3873125862 1' 3-max Seat #2 is the button
Seat 1: JB181 (910 in chips) 
Seat 2: Mahu2021 (590 in chips) 
Mahu2021: posts small blind 30
JB181: posts big blind 60
*** HOLE CARDS ***
Dealt to Mahu2021 [9c 3d]
Mahu2021: folds 
Uncalled bet (30) returned to JB181
JB181 collected 60 from pot
JB181: doesn't show hand 
*** SUMMARY ***
Total pot 60 | Rake 0 
Seat 1: JB181 (big blind) collected (60)
Seat 2: Mahu2021 (button) (small blind) folded before Flop



PokerStars Hand #255469594811: Tournament #3873125862, $0.46+$0.04 USD Hold'em No Limit - Level IV (30/60) - 2025/03/27 9:53:18 CET [2025/03/27 4:53:18 ET]
Table '3873125862 1' 3-max Seat #1 is the button
Seat 1: JB181 (940 in chips) 
Seat 2: Mahu2021 (560 in chips) 
JB181: posts small blind 30
Mahu2021: posts big blind 60
*** HOLE CARDS ***
Dealt to Mahu2021 [8h 6d]
JB181: folds 
Uncalled bet (30) returned to Mahu2021
Mahu2021 collected 60 from pot
Mahu2021: doesn't show hand 
*** SUMMARY ***
Total pot 60 | Rake 0 
Seat 1: JB181 (button) (small blind) folded before Flop
Seat 2: Mahu2021 (big blind) collected (60)



PokerStars Hand #255469595595: Tournament #3873125862, $0.46+$0.04 USD Hold'em No Limit - Level IV (30/60) - 2025/03/27 9:53:27 CET [2025/03/27 4:53:27 ET]
Table '3873125862 1' 3-max Seat #2 is the button
Seat 1: JB181 (910 in chips) 
Seat 2: Mahu2021 (590 in chips) 
Mahu2021: posts small blind 30
JB181: posts big blind 60
*** HOLE CARDS ***
Dealt to Mahu2021 [2d Ac]
Mahu2021: raises 530 to 590 and is all-in
JB181: folds 
Uncalled bet (530) returned to Mahu2021
Mahu2021 collected 120 from pot
Mahu2021: doesn't show hand 
*** SUMMARY ***
Total pot 120 | Rake 0 
Seat 1: JB181 (big blind) folded before Flop
Seat 2: Mahu2021 (button) (small blind) collected (120)



PokerStars Hand #255469596292: Tournament #3873125862, $0.46+$0.04 USD Hold'em No Limit - Level IV (30/60) - 2025/03/27 9:53:37 CET [2025/03/27 4:53:37 ET]
Table '3873125862 1' 3-max Seat #1 is the button
Seat 1: JB181 (850 in chips) 
Seat 2: Mahu2021 (650 in chips) 
JB181: posts small blind 30
Mahu2021: posts big blind 60
*** HOLE CARDS ***
Dealt to Mahu2021 [2c 4d]
JB181: folds 
Uncalled bet (30) returned to Mahu2021
Mahu2021 collected 60 from pot
Mahu2021: doesn't show hand 
*** SUMMARY ***
Total pot 60 | Rake 0 
Seat 1: JB181 (button) (small blind) folded before Flop
Seat 2: Mahu2021 (big blind) collected (60)



PokerStars Hand #255469596673: Tournament #3873125862, $0.46+$0.04 USD Hold'em No Limit - Level IV (30/60) - 2025/03/27 9:53:41 CET [2025/03/27 4:53:41 ET]
Table '3873125862 1' 3-max Seat #2 is the button
Seat 1: JB181 (820 in chips) 
Seat 2: Mahu2021 (680 in chips) 
Mahu2021: posts small blind 30
JB181: posts big blind 60
*** HOLE CARDS ***
Dealt to Mahu2021 [Ah Th]
Mahu2021: raises 620 to 680 and is all-in
JB181: folds 
Uncalled bet (620) returned to Mahu2021
Mahu2021 collected 120 from pot
Mahu2021: doesn't show hand 
*** SUMMARY ***
Total pot 120 | Rake 0 
Seat 1: JB181 (big blind) folded before Flop
Seat 2: Mahu2021 (button) (small blind) collected (120)



PokerStars Hand #255469597344: Tournament #3873125862, $0.46+$0.04 USD Hold'em No Limit - Level IV (30/60) - 2025/03/27 9:53:49 CET [2025/03/27 4:53:49 ET]
Table '3873125862 1' 3-max Seat #1 is the button
Seat 1: JB181 (760 in chips) 
Seat 2: Mahu2021 (740 in chips) 
JB181: posts small blind 30
Mahu2021: posts big blind 60
*** HOLE CARDS ***
Dealt to Mahu2021 [Ah 9c]
JB181: raises 700 to 760 and is all-in
Mahu2021: calls 680 and is all-in
Uncalled bet (20) returned to JB181
*** FLOP *** [Jh Kc 2s]
*** TURN *** [Jh Kc 2s] [2d]
*** RIVER *** [Jh Kc 2s 2d] [Kd]
*** SHOW DOWN ***
Mahu2021: shows [Ah 9c] (two pair, Kings and Deuces)
JB181: shows [8d Ac] (two pair, Kings and Deuces)
Mahu2021 collected 740 from pot
JB181 collected 740 from pot
*** SUMMARY ***
Total pot 1480 | Rake 0 
Board [Jh Kc 2s 2d Kd]
Seat 1: JB181 (button) (small blind) showed [8d Ac] and won (740) with two pair, Kings and Deuces
Seat 2: Mahu2021 (big blind) showed [Ah 9c] and won (740) with two pair, Kings and Deuces



PokerStars Hand #255469598363: Tournament #3873125862, $0.46+$0.04 USD Hold'em No Limit - Level IV (30/60) - 2025/03/27 9:54:01 CET [2025/03/27 4:54:01 ET]
Table '3873125862 1' 3-max Seat #2 is the button
Seat 1: JB181 (760 in chips) 
Seat 2: Mahu2021 (740 in chips) 
Mahu2021: posts small blind 30
JB181: posts big blind 60
*** HOLE CARDS ***
Dealt to Mahu2021 [Ac Kc]
Mahu2021: raises 680 to 740 and is all-in
JB181: folds 
Uncalled bet (680) returned to Mahu2021
Mahu2021 collected 120 from pot
Mahu2021: doesn't show hand 
*** SUMMARY ***
Total pot 120 | Rake 0 
Seat 1: JB181 (big blind) folded before Flop
Seat 2: Mahu2021 (button) (small blind) collected (120)



PokerStars Hand #255469600332: Tournament #3873125862, $0.46+$0.04 USD Hold'em No Limit - Level IV (30/60) - 2025/03/27 9:54:25 CET [2025/03/27 4:54:25 ET]
Table '3873125862 1' 3-max Seat #1 is the button
Seat 1: JB181 (700 in chips) 
Seat 2: Mahu2021 (800 in chips) 
JB181: posts small blind 30
Mahu2021: posts big blind 60
*** HOLE CARDS ***
Dealt to Mahu2021 [7c Ac]
JB181: folds 
Uncalled bet (30) returned to Mahu2021
Mahu2021 collected 60 from pot
Mahu2021: doesn't show hand 
*** SUMMARY ***
Total pot 60 | Rake 0 
Seat 1: JB181 (button) (small blind) folded before Flop
Seat 2: Mahu2021 (big blind) collected (60)



PokerStars Hand #255469601210: Tournament #3873125862, $0.46+$0.04 USD Hold'em No Limit - Level IV (30/60) - 2025/03/27 9:54:35 CET [2025/03/27 4:54:35 ET]
Table '3873125862 1' 3-max Seat #2 is the button
Seat 1: JB181 (670 in chips) 
Seat 2: Mahu2021 (830 in chips) 
Mahu2021: posts small blind 30
JB181: posts big blind 60
*** HOLE CARDS ***
Dealt to Mahu2021 [Qs Jc]
Mahu2021: raises 60 to 120
JB181: folds 
Uncalled bet (60) returned to Mahu2021
Mahu2021 collected 120 from pot
Mahu2021: doesn't show hand 
*** SUMMARY ***
Total pot 120 | Rake 0 
Seat 1: JB181 (big blind) folded before Flop
Seat 2: Mahu2021 (button) (small blind) collected (120)



PokerStars Hand #255469601944: Tournament #3873125862, $0.46+$0.04 USD Hold'em No Limit - Level IV (30/60) - 2025/03/27 9:54:43 CET [2025/03/27 4:54:43 ET]
Table '3873125862 1' 3-max Seat #1 is the button
Seat 1: JB181 (610 in chips) 
Seat 2: Mahu2021 (890 in chips) 
JB181: posts small blind 30
Mahu2021: posts big blind 60
*** HOLE CARDS ***
Dealt to Mahu2021 [Ad 9c]
JB181: raises 550 to 610 and is all-in
Mahu2021: calls 550
*** FLOP *** [8s 8h Qd]
*** TURN *** [8s 8h Qd] [8d]
*** RIVER *** [8s 8h Qd 8d] [5d]
*** SHOW DOWN ***
Mahu2021: shows [Ad 9c] (three of a kind, Eights)
JB181: shows [Td Kc] (three of a kind, Eights - lower kicker)
Mahu2021 collected 1220 from pot
JB181 finished the tournament in 2nd place
Mahu2021 wins the tournament - congratulations!
Mahu2021 wins a '$1.00 Power Path Step 2 Ticket' ticket
*** SUMMARY ***
Total pot 1220 | Rake 0 
Board [8s 8h Qd 8d 5d]
Seat 1: JB181 (button) (small blind) showed [Td Kc] and lost with three of a kind, Eights
Seat 2: Mahu2021 (big blind) showed [Ad 9c] and won (1220) with three of a kind, Eights



