PokerStars Hand #253936468836: Tournament #3836028420, $1.84+$0.16 USD Hold'em No Limit - Level I (10/20) - 2024/12/20 10:23:51 CET [2024/12/20 4:23:51 ET]
Table '3836028420 1' 3-max Seat #1 is the button
Seat 1: gabirebe1 (500 in chips) 
Seat 2: bubonik90 (500 in chips) 
Seat 3: Mahu2021 (500 in chips) 
bubonik90: posts small blind 10
Mahu2021: posts big blind 20
*** HOLE CARDS ***
Dealt to Mahu2021 [3h 5c]
gabirebe1: calls 20
bubonik90: raises 60 to 80
Mahu2021: folds 
gabirebe1: calls 60
*** FLOP *** [8c 4s 7s]
bubonik90: bets 117
gabirebe1: folds 
Uncalled bet (117) returned to bubonik90
bubonik90 collected 180 from pot
bubonik90: doesn't show hand 
*** SUMMARY ***
Total pot 180 | Rake 0 
Board [8c 4s 7s]
Seat 1: gabirebe1 (button) folded on the Flop
Seat 2: bubonik90 (small blind) collected (180)
Seat 3: Mahu2021 (big blind) folded before Flop



PokerStars Hand #253936469780: Tournament #3836028420, $1.84+$0.16 USD Hold'em No Limit - Level I (10/20) - 2024/12/20 10:24:01 CET [2024/12/20 4:24:01 ET]
Table '3836028420 1' 3-max Seat #2 is the button
Seat 1: gabirebe1 (420 in chips) 
Seat 2: bubonik90 (600 in chips) 
Seat 3: Mahu2021 (480 in chips) 
Mahu2021: posts small blind 10
gabirebe1: posts big blind 20
*** HOLE CARDS ***
Dealt to Mahu2021 [7h Qh]
bubonik90: raises 20 to 40
Mahu2021: calls 30
gabirebe1: calls 20
*** FLOP *** [3s Jh 4c]
Mahu2021: checks 
gabirebe1: checks 
bubonik90: checks 
*** TURN *** [3s Jh 4c] [Qs]
Mahu2021: bets 40
gabirebe1: folds 
bubonik90: folds 
Uncalled bet (40) returned to Mahu2021
Mahu2021 collected 120 from pot
Mahu2021: doesn't show hand 
*** SUMMARY ***
Total pot 120 | Rake 0 
Board [3s Jh 4c Qs]
Seat 1: gabirebe1 (big blind) folded on the Turn
Seat 2: bubonik90 (button) folded on the Turn
Seat 3: Mahu2021 (small blind) collected (120)



PokerStars Hand #253936471492: Tournament #3836028420, $1.84+$0.16 USD Hold'em No Limit - Level I (10/20) - 2024/12/20 10:24:19 CET [2024/12/20 4:24:19 ET]
Table '3836028420 1' 3-max Seat #3 is the button
Seat 1: gabirebe1 (380 in chips) 
Seat 2: bubonik90 (560 in chips) 
Seat 3: Mahu2021 (560 in chips) 
gabirebe1: posts small blind 10
bubonik90: posts big blind 20
*** HOLE CARDS ***
Dealt to Mahu2021 [Kd 3h]
Mahu2021: folds 
gabirebe1: calls 10
bubonik90: raises 540 to 560 and is all-in
gabirebe1: folds 
Uncalled bet (540) returned to bubonik90
bubonik90 collected 40 from pot
bubonik90: doesn't show hand 
*** SUMMARY ***
Total pot 40 | Rake 0 
Seat 1: gabirebe1 (small blind) folded before Flop
Seat 2: bubonik90 (big blind) collected (40)
Seat 3: Mahu2021 (button) folded before Flop (didn't bet)



PokerStars Hand #253936472447: Tournament #3836028420, $1.84+$0.16 USD Hold'em No Limit - Level I (10/20) - 2024/12/20 10:24:30 CET [2024/12/20 4:24:30 ET]
Table '3836028420 1' 3-max Seat #1 is the button
Seat 1: gabirebe1 (360 in chips) 
Seat 2: bubonik90 (580 in chips) 
Seat 3: Mahu2021 (560 in chips) 
bubonik90: posts small blind 10
Mahu2021: posts big blind 20
*** HOLE CARDS ***
Dealt to Mahu2021 [Qs Kc]
gabirebe1: calls 20
bubonik90: folds 
Mahu2021: raises 60 to 80
gabirebe1: folds 
Uncalled bet (60) returned to Mahu2021
Mahu2021 collected 50 from pot
Mahu2021: doesn't show hand 
*** SUMMARY ***
Total pot 50 | Rake 0 
Seat 1: gabirebe1 (button) folded before Flop
Seat 2: bubonik90 (small blind) folded before Flop
Seat 3: Mahu2021 (big blind) collected (50)



PokerStars Hand #253936473352: Tournament #3836028420, $1.84+$0.16 USD Hold'em No Limit - Level I (10/20) - 2024/12/20 10:24:39 CET [2024/12/20 4:24:39 ET]
Table '3836028420 1' 3-max Seat #2 is the button
Seat 1: gabirebe1 (340 in chips) 
Seat 2: bubonik90 (570 in chips) 
Seat 3: Mahu2021 (590 in chips) 
Mahu2021: posts small blind 10
gabirebe1: posts big blind 20
*** HOLE CARDS ***
Dealt to Mahu2021 [5d 2c]
bubonik90: folds 
Mahu2021: folds 
Uncalled bet (10) returned to gabirebe1
gabirebe1 collected 20 from pot
*** SUMMARY ***
Total pot 20 | Rake 0 
Seat 1: gabirebe1 (big blind) collected (20)
Seat 2: bubonik90 (button) folded before Flop (didn't bet)
Seat 3: Mahu2021 (small blind) folded before Flop



PokerStars Hand #253936473788: Tournament #3836028420, $1.84+$0.16 USD Hold'em No Limit - Level I (10/20) - 2024/12/20 10:24:44 CET [2024/12/20 4:24:44 ET]
Table '3836028420 1' 3-max Seat #3 is the button
Seat 1: gabirebe1 (350 in chips) 
Seat 2: bubonik90 (570 in chips) 
Seat 3: Mahu2021 (580 in chips) 
gabirebe1: posts small blind 10
bubonik90: posts big blind 20
*** HOLE CARDS ***
Dealt to Mahu2021 [Ts 4c]
Mahu2021: folds 
gabirebe1: calls 10
bubonik90: checks 
*** FLOP *** [2c 2h Jd]
gabirebe1: checks 
bubonik90: checks 
*** TURN *** [2c 2h Jd] [Qh]
gabirebe1: checks 
bubonik90: checks 
*** RIVER *** [2c 2h Jd Qh] [As]
gabirebe1: checks 
bubonik90: checks 
*** SHOW DOWN ***
gabirebe1: shows [5s 9h] (a pair of Deuces)
bubonik90: shows [7d Kh] (a pair of Deuces - Ace+King kicker)
bubonik90 collected 40 from pot
*** SUMMARY ***
Total pot 40 | Rake 0 
Board [2c 2h Jd Qh As]
Seat 1: gabirebe1 (small blind) showed [5s 9h] and lost with a pair of Deuces
Seat 2: bubonik90 (big blind) showed [7d Kh] and won (40) with a pair of Deuces
Seat 3: Mahu2021 (button) folded before Flop (didn't bet)



PokerStars Hand #253936475228: Tournament #3836028420, $1.84+$0.16 USD Hold'em No Limit - Level I (10/20) - 2024/12/20 10:25:00 CET [2024/12/20 4:25:00 ET]
Table '3836028420 1' 3-max Seat #1 is the button
Seat 1: gabirebe1 (330 in chips) 
Seat 2: bubonik90 (590 in chips) 
Seat 3: Mahu2021 (580 in chips) 
bubonik90: posts small blind 10
Mahu2021: posts big blind 20
*** HOLE CARDS ***
Dealt to Mahu2021 [4c 3s]
gabirebe1: calls 20
bubonik90: raises 570 to 590 and is all-in
Mahu2021: folds 
gabirebe1: folds 
Uncalled bet (570) returned to bubonik90
bubonik90 collected 60 from pot
bubonik90: doesn't show hand 
*** SUMMARY ***
Total pot 60 | Rake 0 
Seat 1: gabirebe1 (button) folded before Flop
Seat 2: bubonik90 (small blind) collected (60)
Seat 3: Mahu2021 (big blind) folded before Flop



PokerStars Hand #253936476288: Tournament #3836028420, $1.84+$0.16 USD Hold'em No Limit - Level I (10/20) - 2024/12/20 10:25:11 CET [2024/12/20 4:25:11 ET]
Table '3836028420 1' 3-max Seat #2 is the button
Seat 1: gabirebe1 (310 in chips) 
Seat 2: bubonik90 (630 in chips) 
Seat 3: Mahu2021 (560 in chips) 
Mahu2021: posts small blind 10
gabirebe1: posts big blind 20
*** HOLE CARDS ***
Dealt to Mahu2021 [Qd 6h]
bubonik90: raises 20 to 40
Mahu2021: folds 
gabirebe1: calls 20
*** FLOP *** [3c Kd 6s]
gabirebe1: checks 
bubonik90: bets 31
gabirebe1: calls 31
*** TURN *** [3c Kd 6s] [Ah]
gabirebe1: checks 
bubonik90: checks 
*** RIVER *** [3c Kd 6s Ah] [9c]
gabirebe1: bets 76
bubonik90: calls 76
*** SHOW DOWN ***
gabirebe1: shows [3h 9h] (two pair, Nines and Threes)
bubonik90: mucks hand 
gabirebe1 collected 304 from pot
*** SUMMARY ***
Total pot 304 | Rake 0 
Board [3c Kd 6s Ah 9c]
Seat 1: gabirebe1 (big blind) showed [3h 9h] and won (304) with two pair, Nines and Threes
Seat 2: bubonik90 (button) mucked [Ks Jc]
Seat 3: Mahu2021 (small blind) folded before Flop



PokerStars Hand #253936477887: Tournament #3836028420, $1.84+$0.16 USD Hold'em No Limit - Level I (10/20) - 2024/12/20 10:25:28 CET [2024/12/20 4:25:28 ET]
Table '3836028420 1' 3-max Seat #3 is the button
Seat 1: gabirebe1 (467 in chips) 
Seat 2: bubonik90 (483 in chips) 
Seat 3: Mahu2021 (550 in chips) 
gabirebe1: posts small blind 10
bubonik90: posts big blind 20
*** HOLE CARDS ***
Dealt to Mahu2021 [9c Jh]
Mahu2021: folds 
gabirebe1: calls 10
bubonik90: checks 
*** FLOP *** [4h 5s 4d]
gabirebe1: checks 
bubonik90: checks 
*** TURN *** [4h 5s 4d] [3s]
gabirebe1: checks 
bubonik90: bets 40
gabirebe1: calls 40
*** RIVER *** [4h 5s 4d 3s] [7s]
gabirebe1: bets 120
bubonik90: folds 
Uncalled bet (120) returned to gabirebe1
gabirebe1 collected 120 from pot
*** SUMMARY ***
Total pot 120 | Rake 0 
Board [4h 5s 4d 3s 7s]
Seat 1: gabirebe1 (small blind) collected (120)
Seat 2: bubonik90 (big blind) folded on the River
Seat 3: Mahu2021 (button) folded before Flop (didn't bet)



PokerStars Hand #253936479895: Tournament #3836028420, $1.84+$0.16 USD Hold'em No Limit - Level I (10/20) - 2024/12/20 10:25:50 CET [2024/12/20 4:25:50 ET]
Table '3836028420 1' 3-max Seat #1 is the button
Seat 1: gabirebe1 (527 in chips) 
Seat 2: bubonik90 (423 in chips) 
Seat 3: Mahu2021 (550 in chips) 
bubonik90: posts small blind 10
Mahu2021: posts big blind 20
*** HOLE CARDS ***
Dealt to Mahu2021 [8c 8d]
gabirebe1: calls 20
bubonik90: folds 
Mahu2021: raises 530 to 550 and is all-in
gabirebe1: folds 
Uncalled bet (530) returned to Mahu2021
Mahu2021 collected 50 from pot
Mahu2021: doesn't show hand 
*** SUMMARY ***
Total pot 50 | Rake 0 
Seat 1: gabirebe1 (button) folded before Flop
Seat 2: bubonik90 (small blind) folded before Flop
Seat 3: Mahu2021 (big blind) collected (50)



PokerStars Hand #253936480916: Tournament #3836028420, $1.84+$0.16 USD Hold'em No Limit - Level II (15/30) - 2024/12/20 10:26:01 CET [2024/12/20 4:26:01 ET]
Table '3836028420 1' 3-max Seat #2 is the button
Seat 1: gabirebe1 (507 in chips) 
Seat 2: bubonik90 (413 in chips) 
Seat 3: Mahu2021 (580 in chips) 
Mahu2021: posts small blind 15
gabirebe1: posts big blind 30
*** HOLE CARDS ***
Dealt to Mahu2021 [2h 7s]
bubonik90: raises 383 to 413 and is all-in
Mahu2021: folds 
gabirebe1: calls 383
*** FLOP *** [7c Jc 6s]
*** TURN *** [7c Jc 6s] [5d]
*** RIVER *** [7c Jc 6s 5d] [Qh]
*** SHOW DOWN ***
gabirebe1: shows [Qc Ks] (a pair of Queens)
bubonik90: shows [Ah Kd] (high card Ace)
gabirebe1 collected 841 from pot
bubonik90 finished the tournament in 3rd place
*** SUMMARY ***
Total pot 841 | Rake 0 
Board [7c Jc 6s 5d Qh]
Seat 1: gabirebe1 (big blind) showed [Qc Ks] and won (841) with a pair of Queens
Seat 2: bubonik90 (button) showed [Ah Kd] and lost with high card Ace
Seat 3: Mahu2021 (small blind) folded before Flop



PokerStars Hand #253936482333: Tournament #3836028420, $1.84+$0.16 USD Hold'em No Limit - Level II (15/30) - 2024/12/20 10:26:16 CET [2024/12/20 4:26:16 ET]
Table '3836028420 1' 3-max Seat #1 is the button
Seat 1: gabirebe1 (935 in chips) 
Seat 3: Mahu2021 (565 in chips) 
gabirebe1: posts small blind 15
Mahu2021: posts big blind 30
*** HOLE CARDS ***
Dealt to Mahu2021 [7d Th]
gabirebe1: calls 15
Mahu2021: checks 
*** FLOP *** [3c 6h Ah]
Mahu2021: checks 
gabirebe1: checks 
*** TURN *** [3c 6h Ah] [Kd]
Mahu2021: checks 
gabirebe1: checks 
*** RIVER *** [3c 6h Ah Kd] [Js]
Mahu2021: checks 
gabirebe1: checks 
*** SHOW DOWN ***
Mahu2021: shows [7d Th] (high card Ace)
gabirebe1: mucks hand 
Mahu2021 collected 60 from pot
*** SUMMARY ***
Total pot 60 | Rake 0 
Board [3c 6h Ah Kd Js]
Seat 1: gabirebe1 (button) (small blind) mucked [5d 9h]
Seat 3: Mahu2021 (big blind) showed [7d Th] and won (60) with high card Ace



PokerStars Hand #253936483491: Tournament #3836028420, $1.84+$0.16 USD Hold'em No Limit - Level II (15/30) - 2024/12/20 10:26:28 CET [2024/12/20 4:26:28 ET]
Table '3836028420 1' 3-max Seat #3 is the button
Seat 1: gabirebe1 (905 in chips) 
Seat 3: Mahu2021 (595 in chips) 
Mahu2021: posts small blind 15
gabirebe1: posts big blind 30
*** HOLE CARDS ***
Dealt to Mahu2021 [7c 9d]
Mahu2021: folds 
Uncalled bet (15) returned to gabirebe1
gabirebe1 collected 30 from pot
*** SUMMARY ***
Total pot 30 | Rake 0 
Seat 1: gabirebe1 (big blind) collected (30)
Seat 3: Mahu2021 (button) (small blind) folded before Flop



PokerStars Hand #253936484103: Tournament #3836028420, $1.84+$0.16 USD Hold'em No Limit - Level II (15/30) - 2024/12/20 10:26:35 CET [2024/12/20 4:26:35 ET]
Table '3836028420 1' 3-max Seat #1 is the button
Seat 1: gabirebe1 (920 in chips) 
Seat 3: Mahu2021 (580 in chips) 
gabirebe1: posts small blind 15
Mahu2021: posts big blind 30
*** HOLE CARDS ***
Dealt to Mahu2021 [Ah 4c]
gabirebe1: calls 15
Mahu2021: checks 
*** FLOP *** [6s 6h 3s]
Mahu2021: checks 
gabirebe1: checks 
*** TURN *** [6s 6h 3s] [Qd]
Mahu2021: checks 
gabirebe1: checks 
*** RIVER *** [6s 6h 3s Qd] [Ad]
Mahu2021: bets 60
gabirebe1: raises 60 to 120
Mahu2021: calls 60
*** SHOW DOWN ***
gabirebe1: shows [8c As] (two pair, Aces and Sixes)
Mahu2021: shows [Ah 4c] (two pair, Aces and Sixes)
Mahu2021 collected 150 from pot
gabirebe1 collected 150 from pot
*** SUMMARY ***
Total pot 300 | Rake 0 
Board [6s 6h 3s Qd Ad]
Seat 1: gabirebe1 (button) (small blind) showed [8c As] and won (150) with two pair, Aces and Sixes
Seat 3: Mahu2021 (big blind) showed [Ah 4c] and won (150) with two pair, Aces and Sixes



PokerStars Hand #253936485616: Tournament #3836028420, $1.84+$0.16 USD Hold'em No Limit - Level II (15/30) - 2024/12/20 10:26:51 CET [2024/12/20 4:26:51 ET]
Table '3836028420 1' 3-max Seat #3 is the button
Seat 1: gabirebe1 (920 in chips) 
Seat 3: Mahu2021 (580 in chips) 
Mahu2021: posts small blind 15
gabirebe1: posts big blind 30
*** HOLE CARDS ***
Dealt to Mahu2021 [As Kc]
Mahu2021: raises 60 to 90
gabirebe1: calls 60
*** FLOP *** [6s 9h Tc]
gabirebe1: checks 
Mahu2021: bets 90
gabirebe1: folds 
Uncalled bet (90) returned to Mahu2021
Mahu2021 collected 180 from pot
Mahu2021: doesn't show hand 
*** SUMMARY ***
Total pot 180 | Rake 0 
Board [6s 9h Tc]
Seat 1: gabirebe1 (big blind) folded on the Flop
Seat 3: Mahu2021 (button) (small blind) collected (180)



PokerStars Hand #253936486968: Tournament #3836028420, $1.84+$0.16 USD Hold'em No Limit - Level II (15/30) - 2024/12/20 10:27:06 CET [2024/12/20 4:27:06 ET]
Table '3836028420 1' 3-max Seat #1 is the button
Seat 1: gabirebe1 (830 in chips) 
Seat 3: Mahu2021 (670 in chips) 
gabirebe1: posts small blind 15
Mahu2021: posts big blind 30
*** HOLE CARDS ***
Dealt to Mahu2021 [7c Kc]
gabirebe1: raises 30 to 60
Mahu2021: calls 30
*** FLOP *** [5h 5s Qs]
Mahu2021: checks 
gabirebe1: bets 30
Mahu2021: calls 30
*** TURN *** [5h 5s Qs] [Kh]
Mahu2021: checks 
gabirebe1: checks 
*** RIVER *** [5h 5s Qs Kh] [2c]
Mahu2021: bets 30
gabirebe1: calls 30
*** SHOW DOWN ***
Mahu2021: shows [7c Kc] (two pair, Kings and Fives)
gabirebe1: mucks hand 
Mahu2021 collected 240 from pot
*** SUMMARY ***
Total pot 240 | Rake 0 
Board [5h 5s Qs Kh 2c]
Seat 1: gabirebe1 (button) (small blind) mucked [Js 8d]
Seat 3: Mahu2021 (big blind) showed [7c Kc] and won (240) with two pair, Kings and Fives



PokerStars Hand #253936488465: Tournament #3836028420, $1.84+$0.16 USD Hold'em No Limit - Level II (15/30) - 2024/12/20 10:27:21 CET [2024/12/20 4:27:21 ET]
Table '3836028420 1' 3-max Seat #3 is the button
Seat 1: gabirebe1 (710 in chips) 
Seat 3: Mahu2021 (790 in chips) 
Mahu2021: posts small blind 15
gabirebe1: posts big blind 30
*** HOLE CARDS ***
Dealt to Mahu2021 [6s Kc]
Mahu2021: raises 30 to 60
gabirebe1: raises 120 to 180
Mahu2021: folds 
Uncalled bet (120) returned to gabirebe1
gabirebe1 collected 120 from pot
*** SUMMARY ***
Total pot 120 | Rake 0 
Seat 1: gabirebe1 (big blind) collected (120)
Seat 3: Mahu2021 (button) (small blind) folded before Flop



PokerStars Hand #253936489290: Tournament #3836028420, $1.84+$0.16 USD Hold'em No Limit - Level II (15/30) - 2024/12/20 10:27:31 CET [2024/12/20 4:27:31 ET]
Table '3836028420 1' 3-max Seat #1 is the button
Seat 1: gabirebe1 (770 in chips) 
Seat 3: Mahu2021 (730 in chips) 
gabirebe1: posts small blind 15
Mahu2021: posts big blind 30
*** HOLE CARDS ***
Dealt to Mahu2021 [Qh 8s]
gabirebe1: calls 15
Mahu2021: checks 
*** FLOP *** [Ac 3d Th]
Mahu2021: checks 
gabirebe1: checks 
*** TURN *** [Ac 3d Th] [Kc]
Mahu2021: checks 
gabirebe1: checks 
*** RIVER *** [Ac 3d Th Kc] [Kd]
Mahu2021: checks 
gabirebe1: bets 30
Mahu2021: folds 
Uncalled bet (30) returned to gabirebe1
gabirebe1 collected 60 from pot
*** SUMMARY ***
Total pot 60 | Rake 0 
Board [Ac 3d Th Kc Kd]
Seat 1: gabirebe1 (button) (small blind) collected (60)
Seat 3: Mahu2021 (big blind) folded on the River



PokerStars Hand #253936490729: Tournament #3836028420, $1.84+$0.16 USD Hold'em No Limit - Level II (15/30) - 2024/12/20 10:27:45 CET [2024/12/20 4:27:45 ET]
Table '3836028420 1' 3-max Seat #3 is the button
Seat 1: gabirebe1 (800 in chips) 
Seat 3: Mahu2021 (700 in chips) 
Mahu2021: posts small blind 15
gabirebe1: posts big blind 30
*** HOLE CARDS ***
Dealt to Mahu2021 [6d Qh]
Mahu2021: calls 15
gabirebe1: checks 
*** FLOP *** [Jc Ac Kh]
gabirebe1: checks 
Mahu2021: bets 30
gabirebe1: folds 
Uncalled bet (30) returned to Mahu2021
Mahu2021 collected 60 from pot
Mahu2021: doesn't show hand 
*** SUMMARY ***
Total pot 60 | Rake 0 
Board [Jc Ac Kh]
Seat 1: gabirebe1 (big blind) folded on the Flop
Seat 3: Mahu2021 (button) (small blind) collected (60)



PokerStars Hand #253936491958: Tournament #3836028420, $1.84+$0.16 USD Hold'em No Limit - Level III (20/40) - 2024/12/20 10:27:58 CET [2024/12/20 4:27:58 ET]
Table '3836028420 1' 3-max Seat #1 is the button
Seat 1: gabirebe1 (770 in chips) 
Seat 3: Mahu2021 (730 in chips) 
gabirebe1: posts small blind 20
Mahu2021: posts big blind 40
*** HOLE CARDS ***
Dealt to Mahu2021 [3h Ah]
gabirebe1: calls 20
Mahu2021: checks 
*** FLOP *** [9h 8h Js]
Mahu2021: bets 80
gabirebe1: calls 80
*** TURN *** [9h 8h Js] [2s]
Mahu2021: bets 80
gabirebe1: calls 80
*** RIVER *** [9h 8h Js 2s] [4h]
Mahu2021: bets 530 and is all-in
gabirebe1: folds 
Uncalled bet (530) returned to Mahu2021
Mahu2021 collected 400 from pot
Mahu2021: doesn't show hand 
*** SUMMARY ***
Total pot 400 | Rake 0 
Board [9h 8h Js 2s 4h]
Seat 1: gabirebe1 (button) (small blind) folded on the River
Seat 3: Mahu2021 (big blind) collected (400)



PokerStars Hand #253936493712: Tournament #3836028420, $1.84+$0.16 USD Hold'em No Limit - Level III (20/40) - 2024/12/20 10:28:17 CET [2024/12/20 4:28:17 ET]
Table '3836028420 1' 3-max Seat #3 is the button
Seat 1: gabirebe1 (570 in chips) 
Seat 3: Mahu2021 (930 in chips) 
Mahu2021: posts small blind 20
gabirebe1: posts big blind 40
*** HOLE CARDS ***
Dealt to Mahu2021 [Kd Ah]
Mahu2021: raises 80 to 120
gabirebe1: raises 80 to 200
Mahu2021: raises 730 to 930 and is all-in
gabirebe1: calls 370 and is all-in
Uncalled bet (360) returned to Mahu2021
*** FLOP *** [Ks 7d Qh]
*** TURN *** [Ks 7d Qh] [8c]
*** RIVER *** [Ks 7d Qh 8c] [2h]
*** SHOW DOWN ***
gabirebe1: shows [3d Ad] (high card Ace)
Mahu2021: shows [Kd Ah] (a pair of Kings)
Mahu2021 collected 1140 from pot
gabirebe1 finished the tournament in 2nd place
Mahu2021 wins the tournament and receives $4.00 - congratulations!
*** SUMMARY ***
Total pot 1140 | Rake 0 
Board [Ks 7d Qh 8c 2h]
Seat 1: gabirebe1 (big blind) showed [3d Ad] and lost with high card Ace
Seat 3: Mahu2021 (button) (small blind) showed [Kd Ah] and won (1140) with a pair of Kings



