PokerStars Hand #249287056971: Tournament #3725688375, $1.84+$0.16 USD Hold'em No Limit - Level I (10/20) - 2024/03/07 15:43:57 CET [2024/03/07 9:43:57 ET]
Table '3725688375 1' 3-max Seat #1 is the button
Seat 1: jd2809 (500 in chips) 
Seat 2: Mahu2021 (500 in chips) 
Seat 3: boatzy (500 in chips) 
Mahu2021: posts small blind 10
boatzy: posts big blind 20
*** HOLE CARDS ***
Dealt to Mahu2021 [As Kh]
jd2809: raises 480 to 500 and is all-in
Mahu2021: calls 490 and is all-in
boatzy: folds 
*** FLOP *** [6s 4h 3h]
*** TURN *** [6s 4h 3h] [8s]
*** RIVER *** [6s 4h 3h 8s] [Td]
*** SHOW DOWN ***
Mahu2021: shows [As Kh] (high card Ace)
jd2809: shows [Ad Tc] (a pair of Tens)
jd2809 collected 1020 from pot
Mahu2021 finished the tournament in 3rd place
*** SUMMARY ***
Total pot 1020 | Rake 0 
Board [6s 4h 3h 8s Td]
Seat 1: jd2809 (button) showed [Ad Tc] and won (1020) with a pair of Tens
Seat 2: Mahu2021 (small blind) showed [As Kh] and lost with high card Ace
Seat 3: boatzy (big blind) folded before Flop



