PokerStars Hand #248909830316: Tournament #3716468440, $1.84+$0.16 USD Hold'em No Limit - Level I (10/20) - 2024/02/16 13:45:11 CET [2024/02/16 7:45:11 ET]
Table '3716468440 1' 3-max Seat #1 is the button
Seat 1: Mahu2021 (500 in chips) 
Seat 2: SylorKZ (500 in chips) 
Seat 3: Celent4no (500 in chips) 
SylorKZ: posts small blind 10
Celent4no: posts big blind 20
*** HOLE CARDS ***
Dealt to Mahu2021 [9c Qh]
Mahu2021: folds 
SylorKZ: raises 40 to 60
Celent4no: folds 
Uncalled bet (40) returned to SylorKZ
SylorKZ collected 40 from pot
*** SUMMARY ***
Total pot 40 | Rake 0 
Seat 1: Mahu2021 (button) folded before Flop (didn't bet)
Seat 2: SylorKZ (small blind) collected (40)
Seat 3: Celent4no (big blind) folded before Flop



PokerStars Hand #248909831564: Tournament #3716468440, $1.84+$0.16 USD Hold'em No Limit - Level I (10/20) - 2024/02/16 13:45:18 CET [2024/02/16 7:45:18 ET]
Table '3716468440 1' 3-max Seat #2 is the button
Seat 1: Mahu2021 (500 in chips) 
Seat 2: SylorKZ (520 in chips) 
Seat 3: Celent4no (480 in chips) 
Celent4no: posts small blind 10
Mahu2021: posts big blind 20
*** HOLE CARDS ***
Dealt to Mahu2021 [7d Ts]
SylorKZ: folds 
Celent4no: raises 20 to 40
Mahu2021: folds 
Uncalled bet (20) returned to Celent4no
Celent4no collected 40 from pot
Celent4no: doesn't show hand 
*** SUMMARY ***
Total pot 40 | Rake 0 
Seat 1: Mahu2021 (big blind) folded before Flop
Seat 2: SylorKZ (button) folded before Flop (didn't bet)
Seat 3: Celent4no (small blind) collected (40)



PokerStars Hand #248909832783: Tournament #3716468440, $1.84+$0.16 USD Hold'em No Limit - Level I (10/20) - 2024/02/16 13:45:25 CET [2024/02/16 7:45:25 ET]
Table '3716468440 1' 3-max Seat #3 is the button
Seat 1: Mahu2021 (480 in chips) 
Seat 2: SylorKZ (520 in chips) 
Seat 3: Celent4no (500 in chips) 
Mahu2021: posts small blind 10
SylorKZ: posts big blind 20
*** HOLE CARDS ***
Dealt to Mahu2021 [4d 6c]
Celent4no: folds 
Mahu2021: folds 
Uncalled bet (10) returned to SylorKZ
SylorKZ collected 20 from pot
*** SUMMARY ***
Total pot 20 | Rake 0 
Seat 1: Mahu2021 (small blind) folded before Flop
Seat 2: SylorKZ (big blind) collected (20)
Seat 3: Celent4no (button) folded before Flop (didn't bet)



PokerStars Hand #248909833718: Tournament #3716468440, $1.84+$0.16 USD Hold'em No Limit - Level I (10/20) - 2024/02/16 13:45:31 CET [2024/02/16 7:45:31 ET]
Table '3716468440 1' 3-max Seat #1 is the button
Seat 1: Mahu2021 (470 in chips) 
Seat 2: SylorKZ (530 in chips) 
Seat 3: Celent4no (500 in chips) 
SylorKZ: posts small blind 10
Celent4no: posts big blind 20
*** HOLE CARDS ***
Dealt to Mahu2021 [2d Jd]
Mahu2021: folds 
SylorKZ: calls 10
Celent4no: raises 40 to 60
SylorKZ: folds 
Uncalled bet (40) returned to Celent4no
Celent4no collected 40 from pot
Celent4no: doesn't show hand 
*** SUMMARY ***
Total pot 40 | Rake 0 
Seat 1: Mahu2021 (button) folded before Flop (didn't bet)
Seat 2: SylorKZ (small blind) folded before Flop
Seat 3: Celent4no (big blind) collected (40)



PokerStars Hand #248909835758: Tournament #3716468440, $1.84+$0.16 USD Hold'em No Limit - Level I (10/20) - 2024/02/16 13:45:42 CET [2024/02/16 7:45:42 ET]
Table '3716468440 1' 3-max Seat #2 is the button
Seat 1: Mahu2021 (470 in chips) 
Seat 2: SylorKZ (510 in chips) 
Seat 3: Celent4no (520 in chips) 
Celent4no: posts small blind 10
Mahu2021: posts big blind 20
*** HOLE CARDS ***
Dealt to Mahu2021 [7c 9h]
SylorKZ: raises 40 to 60
Celent4no: calls 50
Mahu2021: folds 
*** FLOP *** [7h 8d 2h]
Celent4no: checks 
SylorKZ: checks 
*** TURN *** [7h 8d 2h] [Kc]
Celent4no: checks 
SylorKZ: checks 
*** RIVER *** [7h 8d 2h Kc] [9c]
Celent4no: bets 42
SylorKZ: calls 42
*** SHOW DOWN ***
Celent4no: shows [8s 8c] (three of a kind, Eights)
SylorKZ: mucks hand 
Celent4no collected 224 from pot
*** SUMMARY ***
Total pot 224 | Rake 0 
Board [7h 8d 2h Kc 9c]
Seat 1: Mahu2021 (big blind) folded before Flop
Seat 2: SylorKZ (button) mucked [Ah 5c]
Seat 3: Celent4no (small blind) showed [8s 8c] and won (224) with three of a kind, Eights



PokerStars Hand #248909839774: Tournament #3716468440, $1.84+$0.16 USD Hold'em No Limit - Level I (10/20) - 2024/02/16 13:46:05 CET [2024/02/16 7:46:05 ET]
Table '3716468440 1' 3-max Seat #3 is the button
Seat 1: Mahu2021 (450 in chips) 
Seat 2: SylorKZ (408 in chips) 
Seat 3: Celent4no (642 in chips) 
Mahu2021: posts small blind 10
SylorKZ: posts big blind 20
*** HOLE CARDS ***
Dealt to Mahu2021 [6c 5c]
Celent4no: raises 20 to 40
Mahu2021: calls 30
SylorKZ: calls 20
*** FLOP *** [Jd 7s As]
Mahu2021: checks 
SylorKZ: checks 
Celent4no: bets 60
Mahu2021: folds 
SylorKZ: folds 
Uncalled bet (60) returned to Celent4no
Celent4no collected 120 from pot
Celent4no: doesn't show hand 
*** SUMMARY ***
Total pot 120 | Rake 0 
Board [Jd 7s As]
Seat 1: Mahu2021 (small blind) folded on the Flop
Seat 2: SylorKZ (big blind) folded on the Flop
Seat 3: Celent4no (button) collected (120)



PokerStars Hand #248909843223: Tournament #3716468440, $1.84+$0.16 USD Hold'em No Limit - Level I (10/20) - 2024/02/16 13:46:24 CET [2024/02/16 7:46:24 ET]
Table '3716468440 1' 3-max Seat #1 is the button
Seat 1: Mahu2021 (410 in chips) 
Seat 2: SylorKZ (368 in chips) 
Seat 3: Celent4no (722 in chips) 
SylorKZ: posts small blind 10
Celent4no: posts big blind 20
*** HOLE CARDS ***
Dealt to Mahu2021 [Qh 9c]
Mahu2021: raises 20 to 40
SylorKZ: calls 30
Celent4no: calls 20
*** FLOP *** [2h 9d 8d]
SylorKZ: checks 
Celent4no: checks 
Mahu2021: bets 120
SylorKZ: calls 120
Celent4no: folds 
*** TURN *** [2h 9d 8d] [2s]
SylorKZ: checks 
Mahu2021: bets 250 and is all-in
SylorKZ: folds 
Uncalled bet (250) returned to Mahu2021
Mahu2021 collected 360 from pot
Mahu2021: doesn't show hand 
*** SUMMARY ***
Total pot 360 | Rake 0 
Board [2h 9d 8d 2s]
Seat 1: Mahu2021 (button) collected (360)
Seat 2: SylorKZ (small blind) folded on the Turn
Seat 3: Celent4no (big blind) folded on the Flop



PokerStars Hand #248909848402: Tournament #3716468440, $1.84+$0.16 USD Hold'em No Limit - Level I (10/20) - 2024/02/16 13:46:54 CET [2024/02/16 7:46:54 ET]
Table '3716468440 1' 3-max Seat #2 is the button
Seat 1: Mahu2021 (610 in chips) 
Seat 2: SylorKZ (208 in chips) 
Seat 3: Celent4no (682 in chips) 
Celent4no: posts small blind 10
Mahu2021: posts big blind 20
*** HOLE CARDS ***
Dealt to Mahu2021 [2c 2h]
SylorKZ: raises 188 to 208 and is all-in
Celent4no: folds 
Mahu2021: calls 188
*** FLOP *** [Jh 5s 6d]
*** TURN *** [Jh 5s 6d] [8h]
*** RIVER *** [Jh 5s 6d 8h] [9h]
*** SHOW DOWN ***
Mahu2021: shows [2c 2h] (a pair of Deuces)
SylorKZ: shows [9d Js] (two pair, Jacks and Nines)
SylorKZ collected 426 from pot
*** SUMMARY ***
Total pot 426 | Rake 0 
Board [Jh 5s 6d 8h 9h]
Seat 1: Mahu2021 (big blind) showed [2c 2h] and lost with a pair of Deuces
Seat 2: SylorKZ (button) showed [9d Js] and won (426) with two pair, Jacks and Nines
Seat 3: Celent4no (small blind) folded before Flop



PokerStars Hand #248909851000: Tournament #3716468440, $1.84+$0.16 USD Hold'em No Limit - Level I (10/20) - 2024/02/16 13:47:08 CET [2024/02/16 7:47:08 ET]
Table '3716468440 1' 3-max Seat #3 is the button
Seat 1: Mahu2021 (402 in chips) 
Seat 2: SylorKZ (426 in chips) 
Seat 3: Celent4no (672 in chips) 
Mahu2021: posts small blind 10
SylorKZ: posts big blind 20
*** HOLE CARDS ***
Dealt to Mahu2021 [7s Th]
Celent4no: raises 20 to 40
Mahu2021: folds 
SylorKZ: calls 20
*** FLOP *** [Qc Qd 4s]
SylorKZ: checks 
Celent4no: bets 27
SylorKZ: folds 
Uncalled bet (27) returned to Celent4no
Celent4no collected 90 from pot
Celent4no: doesn't show hand 
*** SUMMARY ***
Total pot 90 | Rake 0 
Board [Qc Qd 4s]
Seat 1: Mahu2021 (small blind) folded before Flop
Seat 2: SylorKZ (big blind) folded on the Flop
Seat 3: Celent4no (button) collected (90)



PokerStars Hand #248909853525: Tournament #3716468440, $1.84+$0.16 USD Hold'em No Limit - Level I (10/20) - 2024/02/16 13:47:23 CET [2024/02/16 7:47:23 ET]
Table '3716468440 1' 3-max Seat #1 is the button
Seat 1: Mahu2021 (392 in chips) 
Seat 2: SylorKZ (386 in chips) 
Seat 3: Celent4no (722 in chips) 
SylorKZ: posts small blind 10
Celent4no: posts big blind 20
*** HOLE CARDS ***
Dealt to Mahu2021 [4s 5c]
Mahu2021: folds 
SylorKZ: raises 40 to 60
Celent4no: calls 40
*** FLOP *** [3d 3s Ad]
SylorKZ: checks 
Celent4no: checks 
*** TURN *** [3d 3s Ad] [Jd]
SylorKZ: checks 
Celent4no: bets 36
SylorKZ: folds 
Uncalled bet (36) returned to Celent4no
Celent4no collected 120 from pot
Celent4no: doesn't show hand 
*** SUMMARY ***
Total pot 120 | Rake 0 
Board [3d 3s Ad Jd]
Seat 1: Mahu2021 (button) folded before Flop (didn't bet)
Seat 2: SylorKZ (small blind) folded on the Turn
Seat 3: Celent4no (big blind) collected (120)



PokerStars Hand #248909857256: Tournament #3716468440, $1.84+$0.16 USD Hold'em No Limit - Level I (10/20) - 2024/02/16 13:47:44 CET [2024/02/16 7:47:44 ET]
Table '3716468440 1' 3-max Seat #2 is the button
Seat 1: Mahu2021 (392 in chips) 
Seat 2: SylorKZ (326 in chips) 
Seat 3: Celent4no (782 in chips) 
Celent4no: posts small blind 10
Mahu2021: posts big blind 20
*** HOLE CARDS ***
Dealt to Mahu2021 [6h 5c]
SylorKZ: raises 40 to 60
Celent4no: folds 
Mahu2021: folds 
Uncalled bet (40) returned to SylorKZ
SylorKZ collected 50 from pot
*** SUMMARY ***
Total pot 50 | Rake 0 
Seat 1: Mahu2021 (big blind) folded before Flop
Seat 2: SylorKZ (button) collected (50)
Seat 3: Celent4no (small blind) folded before Flop



PokerStars Hand #248909858659: Tournament #3716468440, $1.84+$0.16 USD Hold'em No Limit - Level I (10/20) - 2024/02/16 13:47:52 CET [2024/02/16 7:47:52 ET]
Table '3716468440 1' 3-max Seat #3 is the button
Seat 1: Mahu2021 (372 in chips) 
Seat 2: SylorKZ (356 in chips) 
Seat 3: Celent4no (772 in chips) 
Mahu2021: posts small blind 10
SylorKZ: posts big blind 20
*** HOLE CARDS ***
Dealt to Mahu2021 [4c Ah]
Celent4no: raises 20 to 40
Mahu2021: calls 30
SylorKZ: calls 20
*** FLOP *** [3s 4h Qd]
Mahu2021: checks 
SylorKZ: bets 60
Celent4no: folds 
Mahu2021: folds 
Uncalled bet (60) returned to SylorKZ
SylorKZ collected 120 from pot
*** SUMMARY ***
Total pot 120 | Rake 0 
Board [3s 4h Qd]
Seat 1: Mahu2021 (small blind) folded on the Flop
Seat 2: SylorKZ (big blind) collected (120)
Seat 3: Celent4no (button) folded on the Flop



PokerStars Hand #248909863497: Tournament #3716468440, $1.84+$0.16 USD Hold'em No Limit - Level II (15/30) - 2024/02/16 13:48:18 CET [2024/02/16 7:48:18 ET]
Table '3716468440 1' 3-max Seat #1 is the button
Seat 1: Mahu2021 (332 in chips) 
Seat 2: SylorKZ (436 in chips) 
Seat 3: Celent4no (732 in chips) 
SylorKZ: posts small blind 15
Celent4no: posts big blind 30
*** HOLE CARDS ***
Dealt to Mahu2021 [5s 6h]
Mahu2021: folds 
SylorKZ: calls 15
Celent4no: raises 60 to 90
SylorKZ: folds 
Uncalled bet (60) returned to Celent4no
Celent4no collected 60 from pot
Celent4no: doesn't show hand 
*** SUMMARY ***
Total pot 60 | Rake 0 
Seat 1: Mahu2021 (button) folded before Flop (didn't bet)
Seat 2: SylorKZ (small blind) folded before Flop
Seat 3: Celent4no (big blind) collected (60)



PokerStars Hand #248909866372: Tournament #3716468440, $1.84+$0.16 USD Hold'em No Limit - Level II (15/30) - 2024/02/16 13:48:34 CET [2024/02/16 7:48:34 ET]
Table '3716468440 1' 3-max Seat #2 is the button
Seat 1: Mahu2021 (332 in chips) 
Seat 2: SylorKZ (406 in chips) 
Seat 3: Celent4no (762 in chips) 
Celent4no: posts small blind 15
Mahu2021: posts big blind 30
*** HOLE CARDS ***
Dealt to Mahu2021 [7c Qc]
SylorKZ: raises 60 to 90
Celent4no: folds 
Mahu2021: calls 60
*** FLOP *** [Ks 8c 9h]
Mahu2021: checks 
SylorKZ: bets 30
Mahu2021: calls 30
*** TURN *** [Ks 8c 9h] [Jh]
Mahu2021: bets 212 and is all-in
SylorKZ: calls 212
*** RIVER *** [Ks 8c 9h Jh] [7d]
*** SHOW DOWN ***
Mahu2021: shows [7c Qc] (a pair of Sevens)
SylorKZ: shows [Jd 3d] (a pair of Jacks)
SylorKZ collected 679 from pot
Mahu2021 finished the tournament in 3rd place
*** SUMMARY ***
Total pot 679 | Rake 0 
Board [Ks 8c 9h Jh 7d]
Seat 1: Mahu2021 (big blind) showed [7c Qc] and lost with a pair of Sevens
Seat 2: SylorKZ (button) showed [Jd 3d] and won (679) with a pair of Jacks
Seat 3: Celent4no (small blind) folded before Flop



