PokerStars Hand #254536984489: Tournament #3851230442, $4.60+$0.40 USD Hold'em No Limit - Level I (10/20) - 2025/01/24 23:22:12 CET [2025/01/24 17:22:12 ET]
Table '3851230442 1' 3-max Seat #1 is the button
Seat 1: 8FELIKSAS8 (500 in chips) 
Seat 2: Xristos788 (500 in chips) 
Seat 3: Mahu2021 (500 in chips) 
Xristos788: posts small blind 10
Mahu2021: posts big blind 20
*** HOLE CARDS ***
Dealt to Mahu2021 [2c 5s]
8FELIKSAS8: raises 20 to 40
Xristos788: folds 
Mahu2021: folds 
Uncalled bet (20) returned to 8FELIKSAS8
8FELIKSAS8 collected 50 from pot
8FELIKSAS8: doesn't show hand 
*** SUMMARY ***
Total pot 50 | Rake 0 
Seat 1: 8FELIKSAS8 (button) collected (50)
Seat 2: Xristos788 (small blind) folded before Flop
Seat 3: Mahu2021 (big blind) folded before Flop



PokerStars Hand #254536986994: Tournament #3851230442, $4.60+$0.40 USD Hold'em No Limit - Level I (10/20) - 2025/01/24 23:22:21 CET [2025/01/24 17:22:21 ET]
Table '3851230442 1' 3-max Seat #2 is the button
Seat 1: 8FELIKSAS8 (530 in chips) 
Seat 2: Xristos788 (490 in chips) 
Seat 3: Mahu2021 (480 in chips) 
Mahu2021: posts small blind 10
8FELIKSAS8: posts big blind 20
*** HOLE CARDS ***
Dealt to Mahu2021 [8h Jh]
Xristos788: calls 20
Mahu2021: calls 10
8FELIKSAS8: checks 
*** FLOP *** [5h 6c Ac]
Mahu2021: checks 
8FELIKSAS8: checks 
Xristos788: bets 30
Mahu2021: folds 
8FELIKSAS8: calls 30
*** TURN *** [5h 6c Ac] [3c]
8FELIKSAS8: bets 40
Xristos788: calls 40
*** RIVER *** [5h 6c Ac 3c] [2h]
8FELIKSAS8: bets 125
Xristos788: folds 
Uncalled bet (125) returned to 8FELIKSAS8
8FELIKSAS8 collected 200 from pot
8FELIKSAS8: doesn't show hand 
*** SUMMARY ***
Total pot 200 | Rake 0 
Board [5h 6c Ac 3c 2h]
Seat 1: 8FELIKSAS8 (big blind) collected (200)
Seat 2: Xristos788 (button) folded on the River
Seat 3: Mahu2021 (small blind) folded on the Flop



PokerStars Hand #254537004402: Tournament #3851230442, $4.60+$0.40 USD Hold'em No Limit - Level I (10/20) - 2025/01/24 23:23:19 CET [2025/01/24 17:23:19 ET]
Table '3851230442 1' 3-max Seat #3 is the button
Seat 1: 8FELIKSAS8 (640 in chips) 
Seat 2: Xristos788 (400 in chips) 
Seat 3: Mahu2021 (460 in chips) 
8FELIKSAS8: posts small blind 10
Xristos788: posts big blind 20
*** HOLE CARDS ***
Dealt to Mahu2021 [Th 7d]
Mahu2021: folds 
8FELIKSAS8: folds 
Uncalled bet (10) returned to Xristos788
Xristos788 collected 20 from pot
*** SUMMARY ***
Total pot 20 | Rake 0 
Seat 1: 8FELIKSAS8 (small blind) folded before Flop
Seat 2: Xristos788 (big blind) collected (20)
Seat 3: Mahu2021 (button) folded before Flop (didn't bet)



PokerStars Hand #254537006748: Tournament #3851230442, $4.60+$0.40 USD Hold'em No Limit - Level I (10/20) - 2025/01/24 23:23:26 CET [2025/01/24 17:23:26 ET]
Table '3851230442 1' 3-max Seat #1 is the button
Seat 1: 8FELIKSAS8 (630 in chips) 
Seat 2: Xristos788 (410 in chips) 
Seat 3: Mahu2021 (460 in chips) 
Xristos788: posts small blind 10
Mahu2021: posts big blind 20
*** HOLE CARDS ***
Dealt to Mahu2021 [2h Ah]
8FELIKSAS8: folds 
Xristos788: raises 20 to 40
Mahu2021: calls 20
*** FLOP *** [Jc Ts 8h]
Xristos788: bets 80
Mahu2021: folds 
Uncalled bet (80) returned to Xristos788
Xristos788 collected 80 from pot
*** SUMMARY ***
Total pot 80 | Rake 0 
Board [Jc Ts 8h]
Seat 1: 8FELIKSAS8 (button) folded before Flop (didn't bet)
Seat 2: Xristos788 (small blind) collected (80)
Seat 3: Mahu2021 (big blind) folded on the Flop



PokerStars Hand #254537010556: Tournament #3851230442, $4.60+$0.40 USD Hold'em No Limit - Level I (10/20) - 2025/01/24 23:23:39 CET [2025/01/24 17:23:39 ET]
Table '3851230442 1' 3-max Seat #2 is the button
Seat 1: 8FELIKSAS8 (630 in chips) 
Seat 2: Xristos788 (450 in chips) 
Seat 3: Mahu2021 (420 in chips) 
Mahu2021: posts small blind 10
8FELIKSAS8: posts big blind 20
*** HOLE CARDS ***
Dealt to Mahu2021 [7d Qh]
Xristos788: raises 20 to 40
Mahu2021: folds 
8FELIKSAS8: calls 20
*** FLOP *** [2s 9c 4h]
8FELIKSAS8: checks 
Xristos788: bets 90
8FELIKSAS8: calls 90
*** TURN *** [2s 9c 4h] [Ks]
8FELIKSAS8: checks 
Xristos788: bets 135
8FELIKSAS8: calls 135
*** RIVER *** [2s 9c 4h Ks] [Jd]
8FELIKSAS8: checks 
Xristos788: bets 185 and is all-in
8FELIKSAS8: folds 
Uncalled bet (185) returned to Xristos788
Xristos788 collected 540 from pot
*** SUMMARY ***
Total pot 540 | Rake 0 
Board [2s 9c 4h Ks Jd]
Seat 1: 8FELIKSAS8 (big blind) folded on the River
Seat 2: Xristos788 (button) collected (540)
Seat 3: Mahu2021 (small blind) folded before Flop



PokerStars Hand #254537029938: Tournament #3851230442, $4.60+$0.40 USD Hold'em No Limit - Level I (10/20) - 2025/01/24 23:24:45 CET [2025/01/24 17:24:45 ET]
Table '3851230442 1' 3-max Seat #3 is the button
Seat 1: 8FELIKSAS8 (365 in chips) 
Seat 2: Xristos788 (725 in chips) 
Seat 3: Mahu2021 (410 in chips) 
8FELIKSAS8: posts small blind 10
Xristos788: posts big blind 20
*** HOLE CARDS ***
Dealt to Mahu2021 [Ks 2d]
Mahu2021: folds 
8FELIKSAS8: raises 345 to 365 and is all-in
Xristos788: folds 
Uncalled bet (345) returned to 8FELIKSAS8
8FELIKSAS8 collected 40 from pot
8FELIKSAS8: doesn't show hand 
*** SUMMARY ***
Total pot 40 | Rake 0 
Seat 1: 8FELIKSAS8 (small blind) collected (40)
Seat 2: Xristos788 (big blind) folded before Flop
Seat 3: Mahu2021 (button) folded before Flop (didn't bet)



PokerStars Hand #254537032941: Tournament #3851230442, $4.60+$0.40 USD Hold'em No Limit - Level I (10/20) - 2025/01/24 23:24:55 CET [2025/01/24 17:24:55 ET]
Table '3851230442 1' 3-max Seat #1 is the button
Seat 1: 8FELIKSAS8 (385 in chips) 
Seat 2: Xristos788 (705 in chips) 
Seat 3: Mahu2021 (410 in chips) 
Xristos788: posts small blind 10
Mahu2021: posts big blind 20
*** HOLE CARDS ***
Dealt to Mahu2021 [7s Jc]
8FELIKSAS8: raises 20 to 40
Xristos788: calls 30
Mahu2021: calls 20
*** FLOP *** [9d As 5c]
Xristos788: bets 60
Mahu2021: folds 
8FELIKSAS8: calls 60
*** TURN *** [9d As 5c] [7c]
Xristos788: bets 120
8FELIKSAS8: calls 120
*** RIVER *** [9d As 5c 7c] [6c]
Xristos788: bets 485 and is all-in
8FELIKSAS8: calls 165 and is all-in
Uncalled bet (320) returned to Xristos788
*** SHOW DOWN ***
Xristos788: shows [9s Kd] (a pair of Nines)
8FELIKSAS8: shows [2c Ah] (a pair of Aces)
8FELIKSAS8 collected 810 from pot
*** SUMMARY ***
Total pot 810 | Rake 0 
Board [9d As 5c 7c 6c]
Seat 1: 8FELIKSAS8 (button) showed [2c Ah] and won (810) with a pair of Aces
Seat 2: Xristos788 (small blind) showed [9s Kd] and lost with a pair of Nines
Seat 3: Mahu2021 (big blind) folded on the Flop



PokerStars Hand #254537048358: Tournament #3851230442, $4.60+$0.40 USD Hold'em No Limit - Level II (15/30) - 2025/01/24 23:25:47 CET [2025/01/24 17:25:47 ET]
Table '3851230442 1' 3-max Seat #2 is the button
Seat 1: 8FELIKSAS8 (810 in chips) 
Seat 2: Xristos788 (320 in chips) 
Seat 3: Mahu2021 (370 in chips) 
Mahu2021: posts small blind 15
8FELIKSAS8: posts big blind 30
*** HOLE CARDS ***
Dealt to Mahu2021 [8s Js]
Xristos788: raises 290 to 320 and is all-in
Mahu2021: folds 
8FELIKSAS8: folds 
Uncalled bet (290) returned to Xristos788
Xristos788 collected 75 from pot
*** SUMMARY ***
Total pot 75 | Rake 0 
Seat 1: 8FELIKSAS8 (big blind) folded before Flop
Seat 2: Xristos788 (button) collected (75)
Seat 3: Mahu2021 (small blind) folded before Flop



PokerStars Hand #254537052728: Tournament #3851230442, $4.60+$0.40 USD Hold'em No Limit - Level II (15/30) - 2025/01/24 23:26:01 CET [2025/01/24 17:26:01 ET]
Table '3851230442 1' 3-max Seat #3 is the button
Seat 1: 8FELIKSAS8 (780 in chips) 
Seat 2: Xristos788 (365 in chips) 
Seat 3: Mahu2021 (355 in chips) 
8FELIKSAS8: posts small blind 15
Xristos788: posts big blind 30
*** HOLE CARDS ***
Dealt to Mahu2021 [4s Tc]
Mahu2021: folds 
8FELIKSAS8: calls 15
Xristos788: checks 
*** FLOP *** [Ks 2s 8s]
8FELIKSAS8: checks 
Xristos788: bets 60
8FELIKSAS8: calls 60
*** TURN *** [Ks 2s 8s] [Ts]
8FELIKSAS8: checks 
Xristos788: bets 275 and is all-in
8FELIKSAS8: calls 275
*** RIVER *** [Ks 2s 8s Ts] [5c]
*** SHOW DOWN ***
8FELIKSAS8: shows [Js 8d] (a flush, King high)
Xristos788: shows [9h 6d] (high card King)
8FELIKSAS8 collected 730 from pot
Xristos788 finished the tournament in 3rd place
*** SUMMARY ***
Total pot 730 | Rake 0 
Board [Ks 2s 8s Ts 5c]
Seat 1: 8FELIKSAS8 (small blind) showed [Js 8d] and won (730) with a flush, King high
Seat 2: Xristos788 (big blind) showed [9h 6d] and lost with high card King
Seat 3: Mahu2021 (button) folded before Flop (didn't bet)



PokerStars Hand #254537063616: Tournament #3851230442, $4.60+$0.40 USD Hold'em No Limit - Level II (15/30) - 2025/01/24 23:26:39 CET [2025/01/24 17:26:39 ET]
Table '3851230442 1' 3-max Seat #1 is the button
Seat 1: 8FELIKSAS8 (1145 in chips) 
Seat 3: Mahu2021 (355 in chips) 
8FELIKSAS8: posts small blind 15
Mahu2021: posts big blind 30
*** HOLE CARDS ***
Dealt to Mahu2021 [6h 3h]
8FELIKSAS8: calls 15
Mahu2021: checks 
*** FLOP *** [8h 2h Tc]
Mahu2021: checks 
8FELIKSAS8: checks 
*** TURN *** [8h 2h Tc] [8c]
Mahu2021: checks 
8FELIKSAS8: bets 30
Mahu2021: calls 30
*** RIVER *** [8h 2h Tc 8c] [7d]
Mahu2021: checks 
8FELIKSAS8: checks 
*** SHOW DOWN ***
Mahu2021: shows [6h 3h] (a pair of Eights)
8FELIKSAS8: shows [Qs Kd] (a pair of Eights - King kicker)
8FELIKSAS8 collected 120 from pot
*** SUMMARY ***
Total pot 120 | Rake 0 
Board [8h 2h Tc 8c 7d]
Seat 1: 8FELIKSAS8 (button) (small blind) showed [Qs Kd] and won (120) with a pair of Eights
Seat 3: Mahu2021 (big blind) showed [6h 3h] and lost with a pair of Eights



PokerStars Hand #254537076554: Tournament #3851230442, $4.60+$0.40 USD Hold'em No Limit - Level II (15/30) - 2025/01/24 23:27:22 CET [2025/01/24 17:27:22 ET]
Table '3851230442 1' 3-max Seat #3 is the button
Seat 1: 8FELIKSAS8 (1205 in chips) 
Seat 3: Mahu2021 (295 in chips) 
Mahu2021: posts small blind 15
8FELIKSAS8: posts big blind 30
*** HOLE CARDS ***
Dealt to Mahu2021 [Ac 5c]
Mahu2021: raises 30 to 60
8FELIKSAS8: folds 
Uncalled bet (30) returned to Mahu2021
Mahu2021 collected 60 from pot
Mahu2021: doesn't show hand 
*** SUMMARY ***
Total pot 60 | Rake 0 
Seat 1: 8FELIKSAS8 (big blind) folded before Flop
Seat 3: Mahu2021 (button) (small blind) collected (60)



PokerStars Hand #254537080452: Tournament #3851230442, $4.60+$0.40 USD Hold'em No Limit - Level II (15/30) - 2025/01/24 23:27:36 CET [2025/01/24 17:27:36 ET]
Table '3851230442 1' 3-max Seat #1 is the button
Seat 1: 8FELIKSAS8 (1175 in chips) 
Seat 3: Mahu2021 (325 in chips) 
8FELIKSAS8: posts small blind 15
Mahu2021: posts big blind 30
*** HOLE CARDS ***
Dealt to Mahu2021 [6d Jc]
8FELIKSAS8: calls 15
Mahu2021: checks 
*** FLOP *** [4c Qc 3h]
Mahu2021: checks 
8FELIKSAS8: bets 30
Mahu2021: folds 
Uncalled bet (30) returned to 8FELIKSAS8
8FELIKSAS8 collected 60 from pot
8FELIKSAS8: doesn't show hand 
*** SUMMARY ***
Total pot 60 | Rake 0 
Board [4c Qc 3h]
Seat 1: 8FELIKSAS8 (button) (small blind) collected (60)
Seat 3: Mahu2021 (big blind) folded on the Flop



PokerStars Hand #254537085574: Tournament #3851230442, $4.60+$0.40 USD Hold'em No Limit - Level II (15/30) - 2025/01/24 23:27:53 CET [2025/01/24 17:27:53 ET]
Table '3851230442 1' 3-max Seat #3 is the button
Seat 1: 8FELIKSAS8 (1205 in chips) 
Seat 3: Mahu2021 (295 in chips) 
Mahu2021: posts small blind 15
8FELIKSAS8: posts big blind 30
*** HOLE CARDS ***
Dealt to Mahu2021 [6c 7h]
Mahu2021: calls 15
8FELIKSAS8: checks 
*** FLOP *** [Tc 9s Qs]
8FELIKSAS8: checks 
Mahu2021: checks 
*** TURN *** [Tc 9s Qs] [6s]
8FELIKSAS8: bets 30
Mahu2021: folds 
Uncalled bet (30) returned to 8FELIKSAS8
8FELIKSAS8 collected 60 from pot
8FELIKSAS8: doesn't show hand 
*** SUMMARY ***
Total pot 60 | Rake 0 
Board [Tc 9s Qs 6s]
Seat 1: 8FELIKSAS8 (big blind) collected (60)
Seat 3: Mahu2021 (button) (small blind) folded on the Turn



PokerStars Hand #254537094919: Tournament #3851230442, $4.60+$0.40 USD Hold'em No Limit - Level III (20/40) - 2025/01/24 23:28:25 CET [2025/01/24 17:28:25 ET]
Table '3851230442 1' 3-max Seat #1 is the button
Seat 1: 8FELIKSAS8 (1235 in chips) 
Seat 3: Mahu2021 (265 in chips) 
8FELIKSAS8: posts small blind 20
Mahu2021: posts big blind 40
*** HOLE CARDS ***
Dealt to Mahu2021 [9c 2c]
8FELIKSAS8: raises 1195 to 1235 and is all-in
Mahu2021: folds 
Uncalled bet (1195) returned to 8FELIKSAS8
8FELIKSAS8 collected 80 from pot
8FELIKSAS8: doesn't show hand 
*** SUMMARY ***
Total pot 80 | Rake 0 
Seat 1: 8FELIKSAS8 (button) (small blind) collected (80)
Seat 3: Mahu2021 (big blind) folded before Flop



PokerStars Hand #254537096774: Tournament #3851230442, $4.60+$0.40 USD Hold'em No Limit - Level III (20/40) - 2025/01/24 23:28:31 CET [2025/01/24 17:28:31 ET]
Table '3851230442 1' 3-max Seat #3 is the button
Seat 1: 8FELIKSAS8 (1275 in chips) 
Seat 3: Mahu2021 (225 in chips) 
Mahu2021: posts small blind 20
8FELIKSAS8: posts big blind 40
*** HOLE CARDS ***
Dealt to Mahu2021 [Js 7c]
Mahu2021: calls 20
8FELIKSAS8: checks 
*** FLOP *** [4s 4d Qc]
8FELIKSAS8: checks 
Mahu2021: bets 40
8FELIKSAS8: folds 
Uncalled bet (40) returned to Mahu2021
Mahu2021 collected 80 from pot
Mahu2021: doesn't show hand 
*** SUMMARY ***
Total pot 80 | Rake 0 
Board [4s 4d Qc]
Seat 1: 8FELIKSAS8 (big blind) folded on the Flop
Seat 3: Mahu2021 (button) (small blind) collected (80)



PokerStars Hand #254537104134: Tournament #3851230442, $4.60+$0.40 USD Hold'em No Limit - Level III (20/40) - 2025/01/24 23:28:56 CET [2025/01/24 17:28:56 ET]
Table '3851230442 1' 3-max Seat #1 is the button
Seat 1: 8FELIKSAS8 (1235 in chips) 
Seat 3: Mahu2021 (265 in chips) 
8FELIKSAS8: posts small blind 20
Mahu2021: posts big blind 40
*** HOLE CARDS ***
Dealt to Mahu2021 [Td Kh]
8FELIKSAS8: calls 20
Mahu2021: raises 225 to 265 and is all-in
8FELIKSAS8: folds 
Uncalled bet (225) returned to Mahu2021
Mahu2021 collected 80 from pot
Mahu2021: doesn't show hand 
*** SUMMARY ***
Total pot 80 | Rake 0 
Seat 1: 8FELIKSAS8 (button) (small blind) folded before Flop
Seat 3: Mahu2021 (big blind) collected (80)



PokerStars Hand #254537107451: Tournament #3851230442, $4.60+$0.40 USD Hold'em No Limit - Level III (20/40) - 2025/01/24 23:29:07 CET [2025/01/24 17:29:07 ET]
Table '3851230442 1' 3-max Seat #3 is the button
Seat 1: 8FELIKSAS8 (1195 in chips) 
Seat 3: Mahu2021 (305 in chips) 
Mahu2021: posts small blind 20
8FELIKSAS8: posts big blind 40
*** HOLE CARDS ***
Dealt to Mahu2021 [Jd 5h]
Mahu2021: folds 
Uncalled bet (20) returned to 8FELIKSAS8
8FELIKSAS8 collected 40 from pot
8FELIKSAS8: doesn't show hand 
*** SUMMARY ***
Total pot 40 | Rake 0 
Seat 1: 8FELIKSAS8 (big blind) collected (40)
Seat 3: Mahu2021 (button) (small blind) folded before Flop



PokerStars Hand #254537109066: Tournament #3851230442, $4.60+$0.40 USD Hold'em No Limit - Level III (20/40) - 2025/01/24 23:29:13 CET [2025/01/24 17:29:13 ET]
Table '3851230442 1' 3-max Seat #1 is the button
Seat 1: 8FELIKSAS8 (1215 in chips) 
Seat 3: Mahu2021 (285 in chips) 
8FELIKSAS8: posts small blind 20
Mahu2021: posts big blind 40
*** HOLE CARDS ***
Dealt to Mahu2021 [3d Tc]
8FELIKSAS8: calls 20
Mahu2021: checks 
*** FLOP *** [2s 7d 8h]
Mahu2021: checks 
8FELIKSAS8: bets 40
Mahu2021: folds 
Uncalled bet (40) returned to 8FELIKSAS8
8FELIKSAS8 collected 80 from pot
8FELIKSAS8: doesn't show hand 
*** SUMMARY ***
Total pot 80 | Rake 0 
Board [2s 7d 8h]
Seat 1: 8FELIKSAS8 (button) (small blind) collected (80)
Seat 3: Mahu2021 (big blind) folded on the Flop



PokerStars Hand #254537113297: Tournament #3851230442, $4.60+$0.40 USD Hold'em No Limit - Level III (20/40) - 2025/01/24 23:29:27 CET [2025/01/24 17:29:27 ET]
Table '3851230442 1' 3-max Seat #3 is the button
Seat 1: 8FELIKSAS8 (1255 in chips) 
Seat 3: Mahu2021 (245 in chips) 
Mahu2021: posts small blind 20
8FELIKSAS8: posts big blind 40
*** HOLE CARDS ***
Dealt to Mahu2021 [Ts 2s]
Mahu2021: calls 20
8FELIKSAS8: checks 
*** FLOP *** [Kd Jc 7c]
8FELIKSAS8: bets 1215 and is all-in
Mahu2021: folds 
Uncalled bet (1215) returned to 8FELIKSAS8
8FELIKSAS8 collected 80 from pot
8FELIKSAS8: doesn't show hand 
*** SUMMARY ***
Total pot 80 | Rake 0 
Board [Kd Jc 7c]
Seat 1: 8FELIKSAS8 (big blind) collected (80)
Seat 3: Mahu2021 (button) (small blind) folded on the Flop



PokerStars Hand #254537118219: Tournament #3851230442, $4.60+$0.40 USD Hold'em No Limit - Level III (20/40) - 2025/01/24 23:29:44 CET [2025/01/24 17:29:44 ET]
Table '3851230442 1' 3-max Seat #1 is the button
Seat 1: 8FELIKSAS8 (1295 in chips) 
Seat 3: Mahu2021 (205 in chips) 
8FELIKSAS8: posts small blind 20
Mahu2021: posts big blind 40
*** HOLE CARDS ***
Dealt to Mahu2021 [Jd 5d]
8FELIKSAS8: calls 20
Mahu2021: checks 
*** FLOP *** [Qc 9c 9s]
Mahu2021: checks 
8FELIKSAS8: bets 40
Mahu2021: folds 
Uncalled bet (40) returned to 8FELIKSAS8
8FELIKSAS8 collected 80 from pot
8FELIKSAS8: doesn't show hand 
*** SUMMARY ***
Total pot 80 | Rake 0 
Board [Qc 9c 9s]
Seat 1: 8FELIKSAS8 (button) (small blind) collected (80)
Seat 3: Mahu2021 (big blind) folded on the Flop



PokerStars Hand #254537123573: Tournament #3851230442, $4.60+$0.40 USD Hold'em No Limit - Level III (20/40) - 2025/01/24 23:30:02 CET [2025/01/24 17:30:02 ET]
Table '3851230442 1' 3-max Seat #3 is the button
Seat 1: 8FELIKSAS8 (1335 in chips) 
Seat 3: Mahu2021 (165 in chips) 
Mahu2021: posts small blind 20
8FELIKSAS8: posts big blind 40
*** HOLE CARDS ***
Dealt to Mahu2021 [9h 4h]
Mahu2021: folds 
Uncalled bet (20) returned to 8FELIKSAS8
8FELIKSAS8 collected 40 from pot
8FELIKSAS8: doesn't show hand 
*** SUMMARY ***
Total pot 40 | Rake 0 
Seat 1: 8FELIKSAS8 (big blind) collected (40)
Seat 3: Mahu2021 (button) (small blind) folded before Flop



PokerStars Hand #254537125043: Tournament #3851230442, $4.60+$0.40 USD Hold'em No Limit - Level III (20/40) - 2025/01/24 23:30:07 CET [2025/01/24 17:30:07 ET]
Table '3851230442 1' 3-max Seat #1 is the button
Seat 1: 8FELIKSAS8 (1355 in chips) 
Seat 3: Mahu2021 (145 in chips) 
8FELIKSAS8: posts small blind 20
Mahu2021: posts big blind 40
*** HOLE CARDS ***
Dealt to Mahu2021 [Ts Td]
8FELIKSAS8: raises 1315 to 1355 and is all-in
Mahu2021: calls 105 and is all-in
Uncalled bet (1210) returned to 8FELIKSAS8
*** FLOP *** [4h Tc Qs]
*** TURN *** [4h Tc Qs] [4d]
*** RIVER *** [4h Tc Qs 4d] [Ah]
*** SHOW DOWN ***
Mahu2021: shows [Ts Td] (a full house, Tens full of Fours)
8FELIKSAS8: shows [Th 4c] (a full house, Fours full of Tens)
Mahu2021 collected 290 from pot
*** SUMMARY ***
Total pot 290 | Rake 0 
Board [4h Tc Qs 4d Ah]
Seat 1: 8FELIKSAS8 (button) (small blind) showed [Th 4c] and lost with a full house, Fours full of Tens
Seat 3: Mahu2021 (big blind) showed [Ts Td] and won (290) with a full house, Tens full of Fours



PokerStars Hand #254537129296: Tournament #3851230442, $4.60+$0.40 USD Hold'em No Limit - Level III (20/40) - 2025/01/24 23:30:21 CET [2025/01/24 17:30:21 ET]
Table '3851230442 1' 3-max Seat #3 is the button
Seat 1: 8FELIKSAS8 (1210 in chips) 
Seat 3: Mahu2021 (290 in chips) 
Mahu2021: posts small blind 20
8FELIKSAS8: posts big blind 40
*** HOLE CARDS ***
Dealt to Mahu2021 [8d 2h]
Mahu2021: folds 
Uncalled bet (20) returned to 8FELIKSAS8
8FELIKSAS8 collected 40 from pot
8FELIKSAS8: doesn't show hand 
*** SUMMARY ***
Total pot 40 | Rake 0 
Seat 1: 8FELIKSAS8 (big blind) collected (40)
Seat 3: Mahu2021 (button) (small blind) folded before Flop



PokerStars Hand #254537131232: Tournament #3851230442, $4.60+$0.40 USD Hold'em No Limit - Level III (20/40) - 2025/01/24 23:30:28 CET [2025/01/24 17:30:28 ET]
Table '3851230442 1' 3-max Seat #1 is the button
Seat 1: 8FELIKSAS8 (1230 in chips) 
Seat 3: Mahu2021 (270 in chips) 
8FELIKSAS8: posts small blind 20
Mahu2021: posts big blind 40
*** HOLE CARDS ***
Dealt to Mahu2021 [4d Ah]
8FELIKSAS8: calls 20
Mahu2021: raises 230 to 270 and is all-in
8FELIKSAS8: folds 
Uncalled bet (230) returned to Mahu2021
Mahu2021 collected 80 from pot
Mahu2021: doesn't show hand 
*** SUMMARY ***
Total pot 80 | Rake 0 
Seat 1: 8FELIKSAS8 (button) (small blind) folded before Flop
Seat 3: Mahu2021 (big blind) collected (80)



PokerStars Hand #254537134511: Tournament #3851230442, $4.60+$0.40 USD Hold'em No Limit - Level III (20/40) - 2025/01/24 23:30:39 CET [2025/01/24 17:30:39 ET]
Table '3851230442 1' 3-max Seat #3 is the button
Seat 1: 8FELIKSAS8 (1190 in chips) 
Seat 3: Mahu2021 (310 in chips) 
Mahu2021: posts small blind 20
8FELIKSAS8: posts big blind 40
*** HOLE CARDS ***
Dealt to Mahu2021 [9s 7h]
Mahu2021: calls 20
8FELIKSAS8: checks 
*** FLOP *** [Th 4h Ks]
8FELIKSAS8: checks 
Mahu2021: bets 40
8FELIKSAS8: folds 
Uncalled bet (40) returned to Mahu2021
Mahu2021 collected 80 from pot
Mahu2021: doesn't show hand 
*** SUMMARY ***
Total pot 80 | Rake 0 
Board [Th 4h Ks]
Seat 1: 8FELIKSAS8 (big blind) folded on the Flop
Seat 3: Mahu2021 (button) (small blind) collected (80)



PokerStars Hand #254537139480: Tournament #3851230442, $4.60+$0.40 USD Hold'em No Limit - Level III (20/40) - 2025/01/24 23:30:55 CET [2025/01/24 17:30:55 ET]
Table '3851230442 1' 3-max Seat #1 is the button
Seat 1: 8FELIKSAS8 (1150 in chips) 
Seat 3: Mahu2021 (350 in chips) 
8FELIKSAS8: posts small blind 20
Mahu2021: posts big blind 40
*** HOLE CARDS ***
Dealt to Mahu2021 [Ks 9d]
8FELIKSAS8: calls 20
Mahu2021: raises 310 to 350 and is all-in
8FELIKSAS8: folds 
Uncalled bet (310) returned to Mahu2021
Mahu2021 collected 80 from pot
Mahu2021: doesn't show hand 
*** SUMMARY ***
Total pot 80 | Rake 0 
Seat 1: 8FELIKSAS8 (button) (small blind) folded before Flop
Seat 3: Mahu2021 (big blind) collected (80)



PokerStars Hand #254537141937: Tournament #3851230442, $4.60+$0.40 USD Hold'em No Limit - Level III (20/40) - 2025/01/24 23:31:04 CET [2025/01/24 17:31:04 ET]
Table '3851230442 1' 3-max Seat #3 is the button
Seat 1: 8FELIKSAS8 (1110 in chips) 
Seat 3: Mahu2021 (390 in chips) 
Mahu2021: posts small blind 20
8FELIKSAS8: posts big blind 40
*** HOLE CARDS ***
Dealt to Mahu2021 [Qc Ah]
Mahu2021: calls 20
8FELIKSAS8: checks 
*** FLOP *** [Ad 3s 3h]
8FELIKSAS8: checks 
Mahu2021: checks 
*** TURN *** [Ad 3s 3h] [4s]
8FELIKSAS8: bets 40
Mahu2021: calls 40
*** RIVER *** [Ad 3s 3h 4s] [9h]
8FELIKSAS8: checks 
Mahu2021: bets 40
8FELIKSAS8: folds 
Uncalled bet (40) returned to Mahu2021
Mahu2021 collected 160 from pot
Mahu2021: doesn't show hand 
*** SUMMARY ***
Total pot 160 | Rake 0 
Board [Ad 3s 3h 4s 9h]
Seat 1: 8FELIKSAS8 (big blind) folded on the River
Seat 3: Mahu2021 (button) (small blind) collected (160)



PokerStars Hand #254537152692: Tournament #3851230442, $4.60+$0.40 USD Hold'em No Limit - Level IV (30/60) - 2025/01/24 23:31:41 CET [2025/01/24 17:31:41 ET]
Table '3851230442 1' 3-max Seat #1 is the button
Seat 1: 8FELIKSAS8 (1030 in chips) 
Seat 3: Mahu2021 (470 in chips) 
8FELIKSAS8: posts small blind 30
Mahu2021: posts big blind 60
*** HOLE CARDS ***
Dealt to Mahu2021 [Kh 8s]
8FELIKSAS8: calls 30
Mahu2021: checks 
*** FLOP *** [Jd 2h Qc]
Mahu2021: checks 
8FELIKSAS8: bets 60
Mahu2021: folds 
Uncalled bet (60) returned to 8FELIKSAS8
8FELIKSAS8 collected 120 from pot
8FELIKSAS8: doesn't show hand 
*** SUMMARY ***
Total pot 120 | Rake 0 
Board [Jd 2h Qc]
Seat 1: 8FELIKSAS8 (button) (small blind) collected (120)
Seat 3: Mahu2021 (big blind) folded on the Flop



PokerStars Hand #254537156526: Tournament #3851230442, $4.60+$0.40 USD Hold'em No Limit - Level IV (30/60) - 2025/01/24 23:31:54 CET [2025/01/24 17:31:54 ET]
Table '3851230442 1' 3-max Seat #3 is the button
Seat 1: 8FELIKSAS8 (1090 in chips) 
Seat 3: Mahu2021 (410 in chips) 
Mahu2021: posts small blind 30
8FELIKSAS8: posts big blind 60
*** HOLE CARDS ***
Dealt to Mahu2021 [Js 6c]
Mahu2021: calls 30
8FELIKSAS8: checks 
*** FLOP *** [6h Td 3d]
8FELIKSAS8: checks 
Mahu2021: checks 
*** TURN *** [6h Td 3d] [Tc]
8FELIKSAS8: bets 90
Mahu2021: raises 260 to 350 and is all-in
8FELIKSAS8: calls 260
*** RIVER *** [6h Td 3d Tc] [7h]
*** SHOW DOWN ***
8FELIKSAS8: shows [Jh Ts] (three of a kind, Tens)
Mahu2021: shows [Js 6c] (two pair, Tens and Sixes)
8FELIKSAS8 collected 820 from pot
Mahu2021 finished the tournament in 2nd place
8FELIKSAS8 wins the tournament and receives $15.00 - congratulations!
*** SUMMARY ***
Total pot 820 | Rake 0 
Board [6h Td 3d Tc 7h]
Seat 1: 8FELIKSAS8 (big blind) showed [Jh Ts] and won (820) with three of a kind, Tens
Seat 3: Mahu2021 (button) (small blind) showed [Js 6c] and lost with two pair, Tens and Sixes



