PokerStars Hand #246562754813: Tournament #3659634683, $0.92+$0.08 USD Hold'em No Limit - Level I (10/20) - 2023/10/16 9:13:27 CET [2023/10/16 3:13:27 ET]
Table '3659634683 1' 3-max Seat #1 is the button
Seat 1: mateja2 (500 in chips) 
Seat 2: jonde96 (500 in chips) 
Seat 3: Mahu2021 (500 in chips) 
jonde96: posts small blind 10
Mahu2021: posts big blind 20
*** HOLE CARDS ***
Dealt to Mahu2021 [6c 3d]
mateja2: folds 
jonde96: raises 40 to 60
Mahu2021: folds 
Uncalled bet (40) returned to jonde96
jonde96 collected 40 from pot
jonde96: doesn't show hand 
*** SUMMARY ***
Total pot 40 | Rake 0 
Seat 1: mateja2 (button) folded before Flop (didn't bet)
Seat 2: jonde96 (small blind) collected (40)
Seat 3: Mahu2021 (big blind) folded before Flop



PokerStars Hand #246562755798: Tournament #3659634683, $0.92+$0.08 USD Hold'em No Limit - Level I (10/20) - 2023/10/16 9:13:37 CET [2023/10/16 3:13:37 ET]
Table '3659634683 1' 3-max Seat #2 is the button
Seat 1: mateja2 (500 in chips) 
Seat 2: jonde96 (520 in chips) 
Seat 3: Mahu2021 (480 in chips) 
Mahu2021: posts small blind 10
mateja2: posts big blind 20
*** HOLE CARDS ***
Dealt to Mahu2021 [Ad Th]
jonde96: folds 
Mahu2021: raises 20 to 40
mateja2: calls 20
*** FLOP *** [Jd Tc Ah]
Mahu2021: bets 40
mateja2: calls 40
*** TURN *** [Jd Tc Ah] [4c]
Mahu2021: bets 400 and is all-in
mateja2: folds 
Uncalled bet (400) returned to Mahu2021
Mahu2021 collected 160 from pot
Mahu2021: doesn't show hand 
*** SUMMARY ***
Total pot 160 | Rake 0 
Board [Jd Tc Ah 4c]
Seat 1: mateja2 (big blind) folded on the Turn
Seat 2: jonde96 (button) folded before Flop (didn't bet)
Seat 3: Mahu2021 (small blind) collected (160)



PokerStars Hand #246562760200: Tournament #3659634683, $0.92+$0.08 USD Hold'em No Limit - Level I (10/20) - 2023/10/16 9:14:25 CET [2023/10/16 3:14:25 ET]
Table '3659634683 1' 3-max Seat #3 is the button
Seat 1: mateja2 (420 in chips) 
Seat 2: jonde96 (520 in chips) 
Seat 3: Mahu2021 (560 in chips) 
mateja2: posts small blind 10
jonde96: posts big blind 20
*** HOLE CARDS ***
Dealt to Mahu2021 [Qc 9h]
Mahu2021: folds 
mateja2: calls 10
jonde96: checks 
*** FLOP *** [Kh Qd Jc]
mateja2: checks 
jonde96: bets 20
mateja2: calls 20
*** TURN *** [Kh Qd Jc] [3h]
mateja2: checks 
jonde96: bets 40
mateja2: calls 40
*** RIVER *** [Kh Qd Jc 3h] [3c]
mateja2: checks 
jonde96: bets 80
mateja2: folds 
Uncalled bet (80) returned to jonde96
jonde96 collected 160 from pot
jonde96: doesn't show hand 
*** SUMMARY ***
Total pot 160 | Rake 0 
Board [Kh Qd Jc 3h 3c]
Seat 1: mateja2 (small blind) folded on the River
Seat 2: jonde96 (big blind) collected (160)
Seat 3: Mahu2021 (button) folded before Flop (didn't bet)



PokerStars Hand #246562762504: Tournament #3659634683, $0.92+$0.08 USD Hold'em No Limit - Level I (10/20) - 2023/10/16 9:14:50 CET [2023/10/16 3:14:50 ET]
Table '3659634683 1' 3-max Seat #1 is the button
Seat 1: mateja2 (340 in chips) 
Seat 2: jonde96 (600 in chips) 
Seat 3: Mahu2021 (560 in chips) 
jonde96: posts small blind 10
Mahu2021: posts big blind 20
*** HOLE CARDS ***
Dealt to Mahu2021 [6c Qc]
mateja2: raises 20 to 40
jonde96: calls 30
Mahu2021: calls 20
*** FLOP *** [8c Td 4h]
jonde96: checks 
Mahu2021: checks 
mateja2: bets 108
jonde96: folds 
Mahu2021: folds 
Uncalled bet (108) returned to mateja2
mateja2 collected 120 from pot
mateja2: doesn't show hand 
*** SUMMARY ***
Total pot 120 | Rake 0 
Board [8c Td 4h]
Seat 1: mateja2 (button) collected (120)
Seat 2: jonde96 (small blind) folded on the Flop
Seat 3: Mahu2021 (big blind) folded on the Flop



PokerStars Hand #246562763785: Tournament #3659634683, $0.92+$0.08 USD Hold'em No Limit - Level I (10/20) - 2023/10/16 9:15:04 CET [2023/10/16 3:15:04 ET]
Table '3659634683 1' 3-max Seat #2 is the button
Seat 1: mateja2 (420 in chips) 
Seat 2: jonde96 (560 in chips) 
Seat 3: Mahu2021 (520 in chips) 
Mahu2021: posts small blind 10
mateja2: posts big blind 20
*** HOLE CARDS ***
Dealt to Mahu2021 [5d 8s]
jonde96: raises 20 to 40
Mahu2021: folds 
mateja2: raises 380 to 420 and is all-in
jonde96: calls 380
*** FLOP *** [Ks As 6h]
*** TURN *** [Ks As 6h] [Ts]
*** RIVER *** [Ks As 6h Ts] [9s]
*** SHOW DOWN ***
mateja2: shows [8c 8d] (a pair of Eights)
jonde96: shows [Ah Js] (a flush, Ace high)
jonde96 collected 850 from pot
mateja2 finished the tournament in 3rd place
*** SUMMARY ***
Total pot 850 | Rake 0 
Board [Ks As 6h Ts 9s]
Seat 1: mateja2 (big blind) showed [8c 8d] and lost with a pair of Eights
Seat 2: jonde96 (button) showed [Ah Js] and won (850) with a flush, Ace high
Seat 3: Mahu2021 (small blind) folded before Flop



PokerStars Hand #246562765424: Tournament #3659634683, $0.92+$0.08 USD Hold'em No Limit - Level I (10/20) - 2023/10/16 9:15:22 CET [2023/10/16 3:15:22 ET]
Table '3659634683 1' 3-max Seat #3 is the button
Seat 2: jonde96 (990 in chips) 
Seat 3: Mahu2021 (510 in chips) 
Mahu2021: posts small blind 10
jonde96: posts big blind 20
*** HOLE CARDS ***
Dealt to Mahu2021 [6d 2d]
Mahu2021: calls 10
jonde96: checks 
*** FLOP *** [6s 9h 5d]
jonde96: checks 
Mahu2021: bets 20
jonde96: folds 
Uncalled bet (20) returned to Mahu2021
Mahu2021 collected 40 from pot
Mahu2021: doesn't show hand 
*** SUMMARY ***
Total pot 40 | Rake 0 
Board [6s 9h 5d]
Seat 2: jonde96 (big blind) folded on the Flop
Seat 3: Mahu2021 (button) (small blind) collected (40)



PokerStars Hand #246562767185: Tournament #3659634683, $0.92+$0.08 USD Hold'em No Limit - Level I (10/20) - 2023/10/16 9:15:41 CET [2023/10/16 3:15:41 ET]
Table '3659634683 1' 3-max Seat #2 is the button
Seat 2: jonde96 (970 in chips) 
Seat 3: Mahu2021 (530 in chips) 
jonde96: posts small blind 10
Mahu2021: posts big blind 20
*** HOLE CARDS ***
Dealt to Mahu2021 [7c 4d]
jonde96: raises 20 to 40
Mahu2021: folds 
Uncalled bet (20) returned to jonde96
jonde96 collected 40 from pot
jonde96: doesn't show hand 
*** SUMMARY ***
Total pot 40 | Rake 0 
Seat 2: jonde96 (button) (small blind) collected (40)
Seat 3: Mahu2021 (big blind) folded before Flop



PokerStars Hand #246562768077: Tournament #3659634683, $0.92+$0.08 USD Hold'em No Limit - Level I (10/20) - 2023/10/16 9:15:50 CET [2023/10/16 3:15:50 ET]
Table '3659634683 1' 3-max Seat #3 is the button
Seat 2: jonde96 (990 in chips) 
Seat 3: Mahu2021 (510 in chips) 
Mahu2021: posts small blind 10
jonde96: posts big blind 20
*** HOLE CARDS ***
Dealt to Mahu2021 [5c Tc]
Mahu2021: calls 10
jonde96: raises 20 to 40
Mahu2021: calls 20
*** FLOP *** [Ts 6h Kh]
jonde96: bets 40
Mahu2021: calls 40
*** TURN *** [Ts 6h Kh] [Qd]
jonde96: bets 60
Mahu2021: calls 60
*** RIVER *** [Ts 6h Kh Qd] [9d]
jonde96: bets 850 and is all-in
Mahu2021: folds 
Uncalled bet (850) returned to jonde96
jonde96 collected 280 from pot
jonde96: doesn't show hand 
*** SUMMARY ***
Total pot 280 | Rake 0 
Board [Ts 6h Kh Qd 9d]
Seat 2: jonde96 (big blind) collected (280)
Seat 3: Mahu2021 (button) (small blind) folded on the River



PokerStars Hand #246562770142: Tournament #3659634683, $0.92+$0.08 USD Hold'em No Limit - Level I (10/20) - 2023/10/16 9:16:12 CET [2023/10/16 3:16:12 ET]
Table '3659634683 1' 3-max Seat #2 is the button
Seat 2: jonde96 (1130 in chips) 
Seat 3: Mahu2021 (370 in chips) 
jonde96: posts small blind 10
Mahu2021: posts big blind 20
*** HOLE CARDS ***
Dealt to Mahu2021 [2h Kd]
jonde96: folds 
Uncalled bet (10) returned to Mahu2021
Mahu2021 collected 20 from pot
Mahu2021: doesn't show hand 
*** SUMMARY ***
Total pot 20 | Rake 0 
Seat 2: jonde96 (button) (small blind) folded before Flop
Seat 3: Mahu2021 (big blind) collected (20)



PokerStars Hand #246562770570: Tournament #3659634683, $0.92+$0.08 USD Hold'em No Limit - Level I (10/20) - 2023/10/16 9:16:17 CET [2023/10/16 3:16:17 ET]
Table '3659634683 1' 3-max Seat #3 is the button
Seat 2: jonde96 (1120 in chips) 
Seat 3: Mahu2021 (380 in chips) 
Mahu2021: posts small blind 10
jonde96: posts big blind 20
*** HOLE CARDS ***
Dealt to Mahu2021 [Th 7h]
Mahu2021: calls 10
jonde96: checks 
*** FLOP *** [7d Qd 3s]
jonde96: checks 
Mahu2021: bets 20
jonde96: calls 20
*** TURN *** [7d Qd 3s] [4d]
jonde96: checks 
Mahu2021: checks 
*** RIVER *** [7d Qd 3s 4d] [Jh]
jonde96: checks 
Mahu2021: bets 80
jonde96: calls 80
*** SHOW DOWN ***
Mahu2021: shows [Th 7h] (a pair of Sevens)
jonde96: shows [7s Kh] (a pair of Sevens - King kicker)
jonde96 collected 240 from pot
*** SUMMARY ***
Total pot 240 | Rake 0 
Board [7d Qd 3s 4d Jh]
Seat 2: jonde96 (big blind) showed [7s Kh] and won (240) with a pair of Sevens
Seat 3: Mahu2021 (button) (small blind) showed [Th 7h] and lost with a pair of Sevens



PokerStars Hand #246562772660: Tournament #3659634683, $0.92+$0.08 USD Hold'em No Limit - Level II (15/30) - 2023/10/16 9:16:40 CET [2023/10/16 3:16:40 ET]
Table '3659634683 1' 3-max Seat #2 is the button
Seat 2: jonde96 (1240 in chips) 
Seat 3: Mahu2021 (260 in chips) 
jonde96: posts small blind 15
Mahu2021: posts big blind 30
*** HOLE CARDS ***
Dealt to Mahu2021 [Ah 2h]
jonde96: folds 
Uncalled bet (15) returned to Mahu2021
Mahu2021 collected 30 from pot
Mahu2021: doesn't show hand 
*** SUMMARY ***
Total pot 30 | Rake 0 
Seat 2: jonde96 (button) (small blind) folded before Flop
Seat 3: Mahu2021 (big blind) collected (30)



PokerStars Hand #246562773056: Tournament #3659634683, $0.92+$0.08 USD Hold'em No Limit - Level II (15/30) - 2023/10/16 9:16:44 CET [2023/10/16 3:16:44 ET]
Table '3659634683 1' 3-max Seat #3 is the button
Seat 2: jonde96 (1225 in chips) 
Seat 3: Mahu2021 (275 in chips) 
Mahu2021: posts small blind 15
jonde96: posts big blind 30
*** HOLE CARDS ***
Dealt to Mahu2021 [As 3c]
Mahu2021: raises 245 to 275 and is all-in
jonde96: calls 245
*** FLOP *** [Ah 5s Jd]
*** TURN *** [Ah 5s Jd] [Jc]
*** RIVER *** [Ah 5s Jd Jc] [Qh]
*** SHOW DOWN ***
jonde96: shows [Kd 9d] (a pair of Jacks)
Mahu2021: shows [As 3c] (two pair, Aces and Jacks)
Mahu2021 collected 550 from pot
*** SUMMARY ***
Total pot 550 | Rake 0 
Board [Ah 5s Jd Jc Qh]
Seat 2: jonde96 (big blind) showed [Kd 9d] and lost with a pair of Jacks
Seat 3: Mahu2021 (button) (small blind) showed [As 3c] and won (550) with two pair, Aces and Jacks



PokerStars Hand #246562774234: Tournament #3659634683, $0.92+$0.08 USD Hold'em No Limit - Level II (15/30) - 2023/10/16 9:16:57 CET [2023/10/16 3:16:57 ET]
Table '3659634683 1' 3-max Seat #2 is the button
Seat 2: jonde96 (950 in chips) 
Seat 3: Mahu2021 (550 in chips) 
jonde96: posts small blind 15
Mahu2021: posts big blind 30
*** HOLE CARDS ***
Dealt to Mahu2021 [As 2s]
jonde96: folds 
Uncalled bet (15) returned to Mahu2021
Mahu2021 collected 30 from pot
Mahu2021: doesn't show hand 
*** SUMMARY ***
Total pot 30 | Rake 0 
Seat 2: jonde96 (button) (small blind) folded before Flop
Seat 3: Mahu2021 (big blind) collected (30)



PokerStars Hand #246562774657: Tournament #3659634683, $0.92+$0.08 USD Hold'em No Limit - Level II (15/30) - 2023/10/16 9:17:01 CET [2023/10/16 3:17:01 ET]
Table '3659634683 1' 3-max Seat #3 is the button
Seat 2: jonde96 (935 in chips) 
Seat 3: Mahu2021 (565 in chips) 
Mahu2021: posts small blind 15
jonde96: posts big blind 30
*** HOLE CARDS ***
Dealt to Mahu2021 [2h 7c]
Mahu2021: folds 
Uncalled bet (15) returned to jonde96
jonde96 collected 30 from pot
jonde96: doesn't show hand 
*** SUMMARY ***
Total pot 30 | Rake 0 
Seat 2: jonde96 (big blind) collected (30)
Seat 3: Mahu2021 (button) (small blind) folded before Flop



PokerStars Hand #246562775122: Tournament #3659634683, $0.92+$0.08 USD Hold'em No Limit - Level II (15/30) - 2023/10/16 9:17:06 CET [2023/10/16 3:17:06 ET]
Table '3659634683 1' 3-max Seat #2 is the button
Seat 2: jonde96 (950 in chips) 
Seat 3: Mahu2021 (550 in chips) 
jonde96: posts small blind 15
Mahu2021: posts big blind 30
*** HOLE CARDS ***
Dealt to Mahu2021 [5c Kh]
jonde96: folds 
Uncalled bet (15) returned to Mahu2021
Mahu2021 collected 30 from pot
Mahu2021: doesn't show hand 
*** SUMMARY ***
Total pot 30 | Rake 0 
Seat 2: jonde96 (button) (small blind) folded before Flop
Seat 3: Mahu2021 (big blind) collected (30)



PokerStars Hand #246562775513: Tournament #3659634683, $0.92+$0.08 USD Hold'em No Limit - Level II (15/30) - 2023/10/16 9:17:10 CET [2023/10/16 3:17:10 ET]
Table '3659634683 1' 3-max Seat #3 is the button
Seat 2: jonde96 (935 in chips) 
Seat 3: Mahu2021 (565 in chips) 
Mahu2021: posts small blind 15
jonde96: posts big blind 30
*** HOLE CARDS ***
Dealt to Mahu2021 [4d Qc]
Mahu2021: calls 15
jonde96: checks 
*** FLOP *** [Tc Ks Td]
jonde96: checks 
Mahu2021: bets 30
jonde96: folds 
Uncalled bet (30) returned to Mahu2021
Mahu2021 collected 60 from pot
Mahu2021: doesn't show hand 
*** SUMMARY ***
Total pot 60 | Rake 0 
Board [Tc Ks Td]
Seat 2: jonde96 (big blind) folded on the Flop
Seat 3: Mahu2021 (button) (small blind) collected (60)



PokerStars Hand #246562776386: Tournament #3659634683, $0.92+$0.08 USD Hold'em No Limit - Level II (15/30) - 2023/10/16 9:17:20 CET [2023/10/16 3:17:20 ET]
Table '3659634683 1' 3-max Seat #2 is the button
Seat 2: jonde96 (905 in chips) 
Seat 3: Mahu2021 (595 in chips) 
jonde96: posts small blind 15
Mahu2021: posts big blind 30
*** HOLE CARDS ***
Dealt to Mahu2021 [3d Kh]
jonde96: folds 
Uncalled bet (15) returned to Mahu2021
Mahu2021 collected 30 from pot
Mahu2021: doesn't show hand 
*** SUMMARY ***
Total pot 30 | Rake 0 
Seat 2: jonde96 (button) (small blind) folded before Flop
Seat 3: Mahu2021 (big blind) collected (30)



PokerStars Hand #246562776819: Tournament #3659634683, $0.92+$0.08 USD Hold'em No Limit - Level II (15/30) - 2023/10/16 9:17:24 CET [2023/10/16 3:17:24 ET]
Table '3659634683 1' 3-max Seat #3 is the button
Seat 2: jonde96 (890 in chips) 
Seat 3: Mahu2021 (610 in chips) 
Mahu2021: posts small blind 15
jonde96: posts big blind 30
*** HOLE CARDS ***
Dealt to Mahu2021 [8c 7h]
Mahu2021: calls 15
jonde96: checks 
*** FLOP *** [Qd 9c Kh]
jonde96: checks 
Mahu2021: bets 30
jonde96: folds 
Uncalled bet (30) returned to Mahu2021
Mahu2021 collected 60 from pot
Mahu2021: doesn't show hand 
*** SUMMARY ***
Total pot 60 | Rake 0 
Board [Qd 9c Kh]
Seat 2: jonde96 (big blind) folded on the Flop
Seat 3: Mahu2021 (button) (small blind) collected (60)



PokerStars Hand #246562777727: Tournament #3659634683, $0.92+$0.08 USD Hold'em No Limit - Level II (15/30) - 2023/10/16 9:17:34 CET [2023/10/16 3:17:34 ET]
Table '3659634683 1' 3-max Seat #2 is the button
Seat 2: jonde96 (860 in chips) 
Seat 3: Mahu2021 (640 in chips) 
jonde96: posts small blind 15
Mahu2021: posts big blind 30
*** HOLE CARDS ***
Dealt to Mahu2021 [Ad Ts]
jonde96: folds 
Uncalled bet (15) returned to Mahu2021
Mahu2021 collected 30 from pot
Mahu2021: doesn't show hand 
*** SUMMARY ***
Total pot 30 | Rake 0 
Seat 2: jonde96 (button) (small blind) folded before Flop
Seat 3: Mahu2021 (big blind) collected (30)



PokerStars Hand #246562778121: Tournament #3659634683, $0.92+$0.08 USD Hold'em No Limit - Level II (15/30) - 2023/10/16 9:17:38 CET [2023/10/16 3:17:38 ET]
Table '3659634683 1' 3-max Seat #3 is the button
Seat 2: jonde96 (845 in chips) 
Seat 3: Mahu2021 (655 in chips) 
Mahu2021: posts small blind 15
jonde96: posts big blind 30
*** HOLE CARDS ***
Dealt to Mahu2021 [Ac Qd]
Mahu2021: raises 30 to 60
jonde96: calls 30
*** FLOP *** [9s Th Kh]
jonde96: checks 
Mahu2021: checks 
*** TURN *** [9s Th Kh] [Ah]
jonde96: checks 
Mahu2021: checks 
*** RIVER *** [9s Th Kh Ah] [8c]
jonde96: bets 60
Mahu2021: calls 60
*** SHOW DOWN ***
jonde96: shows [8s 7d] (a pair of Eights)
Mahu2021: shows [Ac Qd] (a pair of Aces)
Mahu2021 collected 240 from pot
*** SUMMARY ***
Total pot 240 | Rake 0 
Board [9s Th Kh Ah 8c]
Seat 2: jonde96 (big blind) showed [8s 7d] and lost with a pair of Eights
Seat 3: Mahu2021 (button) (small blind) showed [Ac Qd] and won (240) with a pair of Aces



PokerStars Hand #246562779372: Tournament #3659634683, $0.92+$0.08 USD Hold'em No Limit - Level II (15/30) - 2023/10/16 9:17:51 CET [2023/10/16 3:17:51 ET]
Table '3659634683 1' 3-max Seat #2 is the button
Seat 2: jonde96 (725 in chips) 
Seat 3: Mahu2021 (775 in chips) 
jonde96: posts small blind 15
Mahu2021: posts big blind 30
*** HOLE CARDS ***
Dealt to Mahu2021 [4c 8d]
jonde96: raises 30 to 60
Mahu2021: folds 
Uncalled bet (30) returned to jonde96
jonde96 collected 60 from pot
jonde96: doesn't show hand 
*** SUMMARY ***
Total pot 60 | Rake 0 
Seat 2: jonde96 (button) (small blind) collected (60)
Seat 3: Mahu2021 (big blind) folded before Flop



PokerStars Hand #246562779935: Tournament #3659634683, $0.92+$0.08 USD Hold'em No Limit - Level II (15/30) - 2023/10/16 9:17:57 CET [2023/10/16 3:17:57 ET]
Table '3659634683 1' 3-max Seat #3 is the button
Seat 2: jonde96 (755 in chips) 
Seat 3: Mahu2021 (745 in chips) 
Mahu2021: posts small blind 15
jonde96: posts big blind 30
*** HOLE CARDS ***
Dealt to Mahu2021 [4c 3h]
Mahu2021: calls 15
jonde96: raises 60 to 90
Mahu2021: folds 
Uncalled bet (60) returned to jonde96
jonde96 collected 60 from pot
jonde96: doesn't show hand 
*** SUMMARY ***
Total pot 60 | Rake 0 
Seat 2: jonde96 (big blind) collected (60)
Seat 3: Mahu2021 (button) (small blind) folded before Flop



PokerStars Hand #246562780602: Tournament #3659634683, $0.92+$0.08 USD Hold'em No Limit - Level II (15/30) - 2023/10/16 9:18:05 CET [2023/10/16 3:18:05 ET]
Table '3659634683 1' 3-max Seat #2 is the button
Seat 2: jonde96 (785 in chips) 
Seat 3: Mahu2021 (715 in chips) 
jonde96: posts small blind 15
Mahu2021: posts big blind 30
*** HOLE CARDS ***
Dealt to Mahu2021 [As 8d]
jonde96: raises 30 to 60
Mahu2021: raises 655 to 715 and is all-in
jonde96: calls 655
*** FLOP *** [7c 6c Th]
*** TURN *** [7c 6c Th] [Td]
*** RIVER *** [7c 6c Th Td] [3s]
*** SHOW DOWN ***
Mahu2021: shows [As 8d] (a pair of Tens)
jonde96: shows [Kh 7d] (two pair, Tens and Sevens)
jonde96 collected 1430 from pot
Mahu2021 finished the tournament in 2nd place
jonde96 wins the tournament and receives $3.00 - congratulations!
*** SUMMARY ***
Total pot 1430 | Rake 0 
Board [7c 6c Th Td 3s]
Seat 2: jonde96 (button) (small blind) showed [Kh 7d] and won (1430) with two pair, Tens and Sevens
Seat 3: Mahu2021 (big blind) showed [As 8d] and lost with a pair of Tens



