PokerStars Hand #247934893098: Tournament #3693056988, $1.84+$0.16 USD Hold'em No Limit - Level I (10/20) - 2023/12/29 10:27:51 CET [2023/12/29 4:27:51 ET]
Table '3693056988 1' 3-max Seat #1 is the button
Seat 1: Mahu2021 (500 in chips) 
Seat 2: tomcsibacsee (500 in chips) 
Seat 3: Sticcc (500 in chips) 
tomcsibacsee: posts small blind 10
Sticcc: posts big blind 20
*** HOLE CARDS ***
Dealt to Mahu2021 [3d 7h]
Mahu2021: folds 
tomcsibacsee: raises 30 to 50
Sticcc: raises 450 to 500 and is all-in
tomcsibacsee: folds 
Uncalled bet (450) returned to Sticcc
Sticcc collected 100 from pot
Sticcc: doesn't show hand 
*** SUMMARY ***
Total pot 100 | Rake 0 
Seat 1: Mahu2021 (button) folded before Flop (didn't bet)
Seat 2: tomcsibacsee (small blind) folded before Flop
Seat 3: Sticcc (big blind) collected (100)



PokerStars Hand #247934894369: Tournament #3693056988, $1.84+$0.16 USD Hold'em No Limit - Level I (10/20) - 2023/12/29 10:28:02 CET [2023/12/29 4:28:02 ET]
Table '3693056988 1' 3-max Seat #2 is the button
Seat 1: Mahu2021 (500 in chips) 
Seat 2: tomcsibacsee (450 in chips) 
Seat 3: Sticcc (550 in chips) 
Sticcc: posts small blind 10
Mahu2021: posts big blind 20
*** HOLE CARDS ***
Dealt to Mahu2021 [7s 3s]
tomcsibacsee: folds 
Sticcc: raises 20 to 40
Mahu2021: folds 
Uncalled bet (20) returned to Sticcc
Sticcc collected 40 from pot
Sticcc: doesn't show hand 
*** SUMMARY ***
Total pot 40 | Rake 0 
Seat 1: Mahu2021 (big blind) folded before Flop
Seat 2: tomcsibacsee (button) folded before Flop (didn't bet)
Seat 3: Sticcc (small blind) collected (40)



PokerStars Hand #247934895367: Tournament #3693056988, $1.84+$0.16 USD Hold'em No Limit - Level I (10/20) - 2023/12/29 10:28:10 CET [2023/12/29 4:28:10 ET]
Table '3693056988 1' 3-max Seat #3 is the button
Seat 1: Mahu2021 (480 in chips) 
Seat 2: tomcsibacsee (450 in chips) 
Seat 3: Sticcc (570 in chips) 
Mahu2021: posts small blind 10
tomcsibacsee: posts big blind 20
*** HOLE CARDS ***
Dealt to Mahu2021 [5s 3d]
Sticcc: folds 
Mahu2021: folds 
Uncalled bet (10) returned to tomcsibacsee
tomcsibacsee collected 20 from pot
tomcsibacsee: doesn't show hand 
*** SUMMARY ***
Total pot 20 | Rake 0 
Seat 1: Mahu2021 (small blind) folded before Flop
Seat 2: tomcsibacsee (big blind) collected (20)
Seat 3: Sticcc (button) folded before Flop (didn't bet)



PokerStars Hand #247934897088: Tournament #3693056988, $1.84+$0.16 USD Hold'em No Limit - Level I (10/20) - 2023/12/29 10:28:24 CET [2023/12/29 4:28:24 ET]
Table '3693056988 1' 3-max Seat #1 is the button
Seat 1: Mahu2021 (470 in chips) 
Seat 2: tomcsibacsee (460 in chips) 
Seat 3: Sticcc (570 in chips) 
tomcsibacsee: posts small blind 10
Sticcc: posts big blind 20
*** HOLE CARDS ***
Dealt to Mahu2021 [Qh 3c]
Mahu2021: folds 
tomcsibacsee: raises 20 to 40
Sticcc: folds 
Uncalled bet (20) returned to tomcsibacsee
tomcsibacsee collected 40 from pot
tomcsibacsee: doesn't show hand 
*** SUMMARY ***
Total pot 40 | Rake 0 
Seat 1: Mahu2021 (button) folded before Flop (didn't bet)
Seat 2: tomcsibacsee (small blind) collected (40)
Seat 3: Sticcc (big blind) folded before Flop



PokerStars Hand #247934897929: Tournament #3693056988, $1.84+$0.16 USD Hold'em No Limit - Level I (10/20) - 2023/12/29 10:28:31 CET [2023/12/29 4:28:31 ET]
Table '3693056988 1' 3-max Seat #2 is the button
Seat 1: Mahu2021 (470 in chips) 
Seat 2: tomcsibacsee (480 in chips) 
Seat 3: Sticcc (550 in chips) 
Sticcc: posts small blind 10
Mahu2021: posts big blind 20
*** HOLE CARDS ***
Dealt to Mahu2021 [Ks Tc]
tomcsibacsee: folds 
Sticcc: raises 20 to 40
Mahu2021: calls 20
*** FLOP *** [8s 2d Qs]
Sticcc: bets 40
Mahu2021: folds 
Uncalled bet (40) returned to Sticcc
Sticcc collected 80 from pot
Sticcc: doesn't show hand 
*** SUMMARY ***
Total pot 80 | Rake 0 
Board [8s 2d Qs]
Seat 1: Mahu2021 (big blind) folded on the Flop
Seat 2: tomcsibacsee (button) folded before Flop (didn't bet)
Seat 3: Sticcc (small blind) collected (80)



PokerStars Hand #247934900468: Tournament #3693056988, $1.84+$0.16 USD Hold'em No Limit - Level I (10/20) - 2023/12/29 10:28:51 CET [2023/12/29 4:28:51 ET]
Table '3693056988 1' 3-max Seat #3 is the button
Seat 1: Mahu2021 (430 in chips) 
Seat 2: tomcsibacsee (480 in chips) 
Seat 3: Sticcc (590 in chips) 
Mahu2021: posts small blind 10
tomcsibacsee: posts big blind 20
*** HOLE CARDS ***
Dealt to Mahu2021 [8d 9h]
Sticcc: folds 
Mahu2021: calls 10
tomcsibacsee: checks 
*** FLOP *** [2h 9c 7s]
Mahu2021: bets 20
tomcsibacsee: folds 
Uncalled bet (20) returned to Mahu2021
Mahu2021 collected 40 from pot
Mahu2021: doesn't show hand 
*** SUMMARY ***
Total pot 40 | Rake 0 
Board [2h 9c 7s]
Seat 1: Mahu2021 (small blind) collected (40)
Seat 2: tomcsibacsee (big blind) folded on the Flop
Seat 3: Sticcc (button) folded before Flop (didn't bet)



PokerStars Hand #247934902199: Tournament #3693056988, $1.84+$0.16 USD Hold'em No Limit - Level I (10/20) - 2023/12/29 10:29:06 CET [2023/12/29 4:29:06 ET]
Table '3693056988 1' 3-max Seat #1 is the button
Seat 1: Mahu2021 (450 in chips) 
Seat 2: tomcsibacsee (460 in chips) 
Seat 3: Sticcc (590 in chips) 
tomcsibacsee: posts small blind 10
Sticcc: posts big blind 20
*** HOLE CARDS ***
Dealt to Mahu2021 [Jc 9d]
Mahu2021: folds 
tomcsibacsee: raises 20 to 40
Sticcc: folds 
Uncalled bet (20) returned to tomcsibacsee
tomcsibacsee collected 40 from pot
tomcsibacsee: doesn't show hand 
*** SUMMARY ***
Total pot 40 | Rake 0 
Seat 1: Mahu2021 (button) folded before Flop (didn't bet)
Seat 2: tomcsibacsee (small blind) collected (40)
Seat 3: Sticcc (big blind) folded before Flop



PokerStars Hand #247934903179: Tournament #3693056988, $1.84+$0.16 USD Hold'em No Limit - Level I (10/20) - 2023/12/29 10:29:14 CET [2023/12/29 4:29:14 ET]
Table '3693056988 1' 3-max Seat #2 is the button
Seat 1: Mahu2021 (450 in chips) 
Seat 2: tomcsibacsee (480 in chips) 
Seat 3: Sticcc (570 in chips) 
Sticcc: posts small blind 10
Mahu2021: posts big blind 20
*** HOLE CARDS ***
Dealt to Mahu2021 [8s 3d]
tomcsibacsee: folds 
Sticcc: calls 10
Mahu2021: checks 
*** FLOP *** [Qd 5s Kh]
Sticcc: checks 
Mahu2021: bets 20
Sticcc: folds 
Uncalled bet (20) returned to Mahu2021
Mahu2021 collected 40 from pot
Mahu2021: doesn't show hand 
*** SUMMARY ***
Total pot 40 | Rake 0 
Board [Qd 5s Kh]
Seat 1: Mahu2021 (big blind) collected (40)
Seat 2: tomcsibacsee (button) folded before Flop (didn't bet)
Seat 3: Sticcc (small blind) folded on the Flop



PokerStars Hand #247934905783: Tournament #3693056988, $1.84+$0.16 USD Hold'em No Limit - Level I (10/20) - 2023/12/29 10:29:35 CET [2023/12/29 4:29:35 ET]
Table '3693056988 1' 3-max Seat #3 is the button
Seat 1: Mahu2021 (470 in chips) 
Seat 2: tomcsibacsee (480 in chips) 
Seat 3: Sticcc (550 in chips) 
Mahu2021: posts small blind 10
tomcsibacsee: posts big blind 20
*** HOLE CARDS ***
Dealt to Mahu2021 [2h 2c]
Sticcc: raises 20 to 40
Mahu2021: calls 30
tomcsibacsee: folds 
*** FLOP *** [3s Ts 9h]
Mahu2021: checks 
Sticcc: bets 50
Mahu2021: calls 50
*** TURN *** [3s Ts 9h] [2d]
Mahu2021: checks 
Sticcc: bets 100
Mahu2021: raises 100 to 200
Sticcc: raises 260 to 460 and is all-in
Mahu2021: calls 180 and is all-in
Uncalled bet (80) returned to Sticcc
*** RIVER *** [3s Ts 9h 2d] [Kc]
*** SHOW DOWN ***
Mahu2021: shows [2h 2c] (three of a kind, Deuces)
Sticcc: shows [Td Ks] (two pair, Kings and Tens)
Mahu2021 collected 960 from pot
*** SUMMARY ***
Total pot 960 | Rake 0 
Board [3s Ts 9h 2d Kc]
Seat 1: Mahu2021 (small blind) showed [2h 2c] and won (960) with three of a kind, Deuces
Seat 2: tomcsibacsee (big blind) folded before Flop
Seat 3: Sticcc (button) showed [Td Ks] and lost with two pair, Kings and Tens



PokerStars Hand #247934910810: Tournament #3693056988, $1.84+$0.16 USD Hold'em No Limit - Level I (10/20) - 2023/12/29 10:30:15 CET [2023/12/29 4:30:15 ET]
Table '3693056988 1' 3-max Seat #1 is the button
Seat 1: Mahu2021 (960 in chips) 
Seat 2: tomcsibacsee (460 in chips) 
Seat 3: Sticcc (80 in chips) 
tomcsibacsee: posts small blind 10
Sticcc: posts big blind 20
*** HOLE CARDS ***
Dealt to Mahu2021 [8s Jc]
Mahu2021: folds 
tomcsibacsee: raises 60 to 80
Sticcc: folds 
Uncalled bet (60) returned to tomcsibacsee
tomcsibacsee collected 40 from pot
tomcsibacsee: doesn't show hand 
*** SUMMARY ***
Total pot 40 | Rake 0 
Seat 1: Mahu2021 (button) folded before Flop (didn't bet)
Seat 2: tomcsibacsee (small blind) collected (40)
Seat 3: Sticcc (big blind) folded before Flop



PokerStars Hand #247934912497: Tournament #3693056988, $1.84+$0.16 USD Hold'em No Limit - Level I (10/20) - 2023/12/29 10:30:29 CET [2023/12/29 4:30:29 ET]
Table '3693056988 1' 3-max Seat #2 is the button
Seat 1: Mahu2021 (960 in chips) 
Seat 2: tomcsibacsee (480 in chips) 
Seat 3: Sticcc (60 in chips) 
Sticcc: posts small blind 10
Mahu2021: posts big blind 20
*** HOLE CARDS ***
Dealt to Mahu2021 [6s 5s]
tomcsibacsee: folds 
Sticcc: folds 
Uncalled bet (10) returned to Mahu2021
Mahu2021 collected 20 from pot
Mahu2021: doesn't show hand 
*** SUMMARY ***
Total pot 20 | Rake 0 
Seat 1: Mahu2021 (big blind) collected (20)
Seat 2: tomcsibacsee (button) folded before Flop (didn't bet)
Seat 3: Sticcc (small blind) folded before Flop



PokerStars Hand #247934915357: Tournament #3693056988, $1.84+$0.16 USD Hold'em No Limit - Level I (10/20) - 2023/12/29 10:30:52 CET [2023/12/29 4:30:52 ET]
Table '3693056988 1' 3-max Seat #3 is the button
Seat 1: Mahu2021 (970 in chips) 
Seat 2: tomcsibacsee (480 in chips) 
Seat 3: Sticcc (50 in chips) 
Mahu2021: posts small blind 10
tomcsibacsee: posts big blind 20
*** HOLE CARDS ***
Dealt to Mahu2021 [As 3h]
Sticcc: folds 
Mahu2021: calls 10
tomcsibacsee: checks 
*** FLOP *** [Kc 2s Ac]
Mahu2021: bets 20
tomcsibacsee: folds 
Uncalled bet (20) returned to Mahu2021
Mahu2021 collected 40 from pot
Mahu2021: doesn't show hand 
*** SUMMARY ***
Total pot 40 | Rake 0 
Board [Kc 2s Ac]
Seat 1: Mahu2021 (small blind) collected (40)
Seat 2: tomcsibacsee (big blind) folded on the Flop
Seat 3: Sticcc (button) folded before Flop (didn't bet)



PokerStars Hand #247934917960: Tournament #3693056988, $1.84+$0.16 USD Hold'em No Limit - Level II (15/30) - 2023/12/29 10:31:12 CET [2023/12/29 4:31:12 ET]
Table '3693056988 1' 3-max Seat #1 is the button
Seat 1: Mahu2021 (990 in chips) 
Seat 2: tomcsibacsee (460 in chips) 
Seat 3: Sticcc (50 in chips) 
tomcsibacsee: posts small blind 15
Sticcc: posts big blind 30
*** HOLE CARDS ***
Dealt to Mahu2021 [Tc Qs]
Mahu2021: raises 30 to 60
tomcsibacsee: folds 
Sticcc: calls 20 and is all-in
Uncalled bet (10) returned to Mahu2021
*** FLOP *** [Jh 9c 8s]
*** TURN *** [Jh 9c 8s] [Qc]
*** RIVER *** [Jh 9c 8s Qc] [7c]
*** SHOW DOWN ***
Sticcc: shows [6d 5s] (a straight, Five to Nine)
Mahu2021: shows [Tc Qs] (a straight, Eight to Queen)
Mahu2021 collected 115 from pot
Sticcc finished the tournament in 3rd place
*** SUMMARY ***
Total pot 115 | Rake 0 
Board [Jh 9c 8s Qc 7c]
Seat 1: Mahu2021 (button) showed [Tc Qs] and won (115) with a straight, Eight to Queen
Seat 2: tomcsibacsee (small blind) folded before Flop
Seat 3: Sticcc (big blind) showed [6d 5s] and lost with a straight, Five to Nine



PokerStars Hand #247934920796: Tournament #3693056988, $1.84+$0.16 USD Hold'em No Limit - Level II (15/30) - 2023/12/29 10:31:35 CET [2023/12/29 4:31:35 ET]
Table '3693056988 1' 3-max Seat #2 is the button
Seat 1: Mahu2021 (1055 in chips) 
Seat 2: tomcsibacsee (445 in chips) 
tomcsibacsee: posts small blind 15
Mahu2021: posts big blind 30
*** HOLE CARDS ***
Dealt to Mahu2021 [Qh 8c]
tomcsibacsee: folds 
Uncalled bet (15) returned to Mahu2021
Mahu2021 collected 30 from pot
Mahu2021: doesn't show hand 
*** SUMMARY ***
Total pot 30 | Rake 0 
Seat 1: Mahu2021 (big blind) collected (30)
Seat 2: tomcsibacsee (button) (small blind) folded before Flop



PokerStars Hand #247934922252: Tournament #3693056988, $1.84+$0.16 USD Hold'em No Limit - Level II (15/30) - 2023/12/29 10:31:47 CET [2023/12/29 4:31:47 ET]
Table '3693056988 1' 3-max Seat #1 is the button
Seat 1: Mahu2021 (1070 in chips) 
Seat 2: tomcsibacsee (430 in chips) 
Mahu2021: posts small blind 15
tomcsibacsee: posts big blind 30
*** HOLE CARDS ***
Dealt to Mahu2021 [9h 8c]
Mahu2021: calls 15
tomcsibacsee: raises 30 to 60
Mahu2021: calls 30
*** FLOP *** [8d 7c Js]
tomcsibacsee: bets 60
Mahu2021: calls 60
*** TURN *** [8d 7c Js] [7d]
tomcsibacsee: bets 30
Mahu2021: calls 30
*** RIVER *** [8d 7c Js 7d] [2h]
tomcsibacsee: checks 
Mahu2021: checks 
*** SHOW DOWN ***
tomcsibacsee: shows [Qc Ks] (a pair of Sevens)
Mahu2021: shows [9h 8c] (two pair, Eights and Sevens)
Mahu2021 collected 300 from pot
*** SUMMARY ***
Total pot 300 | Rake 0 
Board [8d 7c Js 7d 2h]
Seat 1: Mahu2021 (button) (small blind) showed [9h 8c] and won (300) with two pair, Eights and Sevens
Seat 2: tomcsibacsee (big blind) showed [Qc Ks] and lost with a pair of Sevens



PokerStars Hand #247934924130: Tournament #3693056988, $1.84+$0.16 USD Hold'em No Limit - Level II (15/30) - 2023/12/29 10:32:02 CET [2023/12/29 4:32:02 ET]
Table '3693056988 1' 3-max Seat #2 is the button
Seat 1: Mahu2021 (1220 in chips) 
Seat 2: tomcsibacsee (280 in chips) 
tomcsibacsee: posts small blind 15
Mahu2021: posts big blind 30
*** HOLE CARDS ***
Dealt to Mahu2021 [Ac 6h]
tomcsibacsee: raises 250 to 280 and is all-in
Mahu2021: calls 250
*** FLOP *** [6d 3c 5h]
*** TURN *** [6d 3c 5h] [Jc]
*** RIVER *** [6d 3c 5h Jc] [7h]
*** SHOW DOWN ***
Mahu2021: shows [Ac 6h] (a pair of Sixes)
tomcsibacsee: shows [As Td] (high card Ace)
Mahu2021 collected 560 from pot
tomcsibacsee finished the tournament in 2nd place
Mahu2021 wins the tournament and receives $8.00 - congratulations!
*** SUMMARY ***
Total pot 560 | Rake 0 
Board [6d 3c 5h Jc 7h]
Seat 1: Mahu2021 (big blind) showed [Ac 6h] and won (560) with a pair of Sixes
Seat 2: tomcsibacsee (button) (small blind) showed [As Td] and lost with high card Ace



