PokerStars Hand #253355092649: Tournament #3822391495, $0.46+$0.04 USD Hold'em No Limit - Level I (10/20) - 2024/11/11 10:16:08 CET [2024/11/11 4:16:08 ET]
Table '3822391495 1' 3-max Seat #1 is the button
Seat 1: Mahu2021 (500 in chips) 
Seat 2: sako414 (500 in chips) 
Seat 3: JMCormier1 (500 in chips) 
sako414: posts small blind 10
JMCormier1: posts big blind 20
*** HOLE CARDS ***
Dealt to Mahu2021 [5h 8d]
Mahu2021: folds 
sako414: calls 10
JMCormier1: checks 
*** FLOP *** [4c Tc 6c]
sako414: checks 
JMCormier1: bets 40
sako414: calls 40
*** TURN *** [4c Tc 6c] [Kd]
sako414: checks 
JMCormier1: bets 80
sako414: calls 80
*** RIVER *** [4c Tc 6c Kd] [2h]
sako414: checks 
JMCormier1: checks 
*** SHOW DOWN ***
sako414: shows [8c 7c] (a flush, Ten high)
JMCormier1: mucks hand 
sako414 collected 280 from pot
*** SUMMARY ***
Total pot 280 | Rake 0 
Board [4c Tc 6c Kd 2h]
Seat 1: Mahu2021 (button) folded before Flop (didn't bet)
Seat 2: sako414 (small blind) showed [8c 7c] and won (280) with a flush, Ten high
Seat 3: JMCormier1 (big blind) mucked [8h 9d]



PokerStars Hand #253355095334: Tournament #3822391495, $0.46+$0.04 USD Hold'em No Limit - Level I (10/20) - 2024/11/11 10:16:38 CET [2024/11/11 4:16:38 ET]
Table '3822391495 1' 3-max Seat #2 is the button
Seat 1: Mahu2021 (500 in chips) 
Seat 2: sako414 (640 in chips) 
Seat 3: JMCormier1 (360 in chips) 
JMCormier1: posts small blind 10
Mahu2021: posts big blind 20
*** HOLE CARDS ***
Dealt to Mahu2021 [4h 4s]
sako414: raises 20 to 40
JMCormier1: folds 
Mahu2021: calls 20
*** FLOP *** [7c 2d Tc]
Mahu2021: bets 460 and is all-in
sako414: folds 
Uncalled bet (460) returned to Mahu2021
Mahu2021 collected 90 from pot
Mahu2021: doesn't show hand 
*** SUMMARY ***
Total pot 90 | Rake 0 
Board [7c 2d Tc]
Seat 1: Mahu2021 (big blind) collected (90)
Seat 2: sako414 (button) folded on the Flop
Seat 3: JMCormier1 (small blind) folded before Flop



PokerStars Hand #253355096497: Tournament #3822391495, $0.46+$0.04 USD Hold'em No Limit - Level I (10/20) - 2024/11/11 10:16:52 CET [2024/11/11 4:16:52 ET]
Table '3822391495 1' 3-max Seat #3 is the button
Seat 1: Mahu2021 (550 in chips) 
Seat 2: sako414 (600 in chips) 
Seat 3: JMCormier1 (350 in chips) 
Mahu2021: posts small blind 10
sako414: posts big blind 20
*** HOLE CARDS ***
Dealt to Mahu2021 [8h 3h]
JMCormier1: calls 20
Mahu2021: calls 10
sako414: raises 580 to 600 and is all-in
JMCormier1: folds 
Mahu2021: folds 
Uncalled bet (580) returned to sako414
sako414 collected 60 from pot
*** SUMMARY ***
Total pot 60 | Rake 0 
Seat 1: Mahu2021 (small blind) folded before Flop
Seat 2: sako414 (big blind) collected (60)
Seat 3: JMCormier1 (button) folded before Flop



PokerStars Hand #253355098008: Tournament #3822391495, $0.46+$0.04 USD Hold'em No Limit - Level I (10/20) - 2024/11/11 10:17:09 CET [2024/11/11 4:17:09 ET]
Table '3822391495 1' 3-max Seat #1 is the button
Seat 1: Mahu2021 (530 in chips) 
Seat 2: sako414 (640 in chips) 
Seat 3: JMCormier1 (330 in chips) 
sako414: posts small blind 10
JMCormier1: posts big blind 20
*** HOLE CARDS ***
Dealt to Mahu2021 [Qh 4h]
Mahu2021: raises 20 to 40
sako414: calls 30
JMCormier1: calls 20
*** FLOP *** [4d 2h 7c]
sako414: checks 
JMCormier1: bets 290 and is all-in
Mahu2021: folds 
sako414: folds 
Uncalled bet (290) returned to JMCormier1
JMCormier1 collected 120 from pot
*** SUMMARY ***
Total pot 120 | Rake 0 
Board [4d 2h 7c]
Seat 1: Mahu2021 (button) folded on the Flop
Seat 2: sako414 (small blind) folded on the Flop
Seat 3: JMCormier1 (big blind) collected (120)



PokerStars Hand #253355100709: Tournament #3822391495, $0.46+$0.04 USD Hold'em No Limit - Level I (10/20) - 2024/11/11 10:17:42 CET [2024/11/11 4:17:42 ET]
Table '3822391495 1' 3-max Seat #2 is the button
Seat 1: Mahu2021 (490 in chips) 
Seat 2: sako414 (600 in chips) 
Seat 3: JMCormier1 (410 in chips) 
JMCormier1: posts small blind 10
Mahu2021: posts big blind 20
*** HOLE CARDS ***
Dealt to Mahu2021 [Qc 5h]
sako414: folds 
JMCormier1: raises 20 to 40
Mahu2021: calls 20
*** FLOP *** [Ad Kh 9s]
JMCormier1: bets 40
Mahu2021: raises 40 to 80
JMCormier1: calls 40
*** TURN *** [Ad Kh 9s] [Kd]
JMCormier1: checks 
Mahu2021: bets 370 and is all-in
JMCormier1: calls 290 and is all-in
Uncalled bet (80) returned to Mahu2021
*** RIVER *** [Ad Kh 9s Kd] [2c]
*** SHOW DOWN ***
JMCormier1: shows [Kc Jc] (three of a kind, Kings)
Mahu2021: shows [Qc 5h] (a pair of Kings)
JMCormier1 collected 820 from pot
*** SUMMARY ***
Total pot 820 | Rake 0 
Board [Ad Kh 9s Kd 2c]
Seat 1: Mahu2021 (big blind) showed [Qc 5h] and lost with a pair of Kings
Seat 2: sako414 (button) folded before Flop (didn't bet)
Seat 3: JMCormier1 (small blind) showed [Kc Jc] and won (820) with three of a kind, Kings



PokerStars Hand #253355103309: Tournament #3822391495, $0.46+$0.04 USD Hold'em No Limit - Level II (15/30) - 2024/11/11 10:18:12 CET [2024/11/11 4:18:12 ET]
Table '3822391495 1' 3-max Seat #3 is the button
Seat 1: Mahu2021 (80 in chips) 
Seat 2: sako414 (600 in chips) 
Seat 3: JMCormier1 (820 in chips) 
Mahu2021: posts small blind 15
sako414: posts big blind 30
*** HOLE CARDS ***
Dealt to Mahu2021 [Ad 5d]
JMCormier1: folds 
Mahu2021: raises 50 to 80 and is all-in
sako414: calls 50
*** FLOP *** [9d 9s Kh]
*** TURN *** [9d 9s Kh] [Kc]
*** RIVER *** [9d 9s Kh Kc] [Qs]
*** SHOW DOWN ***
Mahu2021: shows [Ad 5d] (two pair, Kings and Nines)
sako414: shows [2s 6d] (two pair, Kings and Nines - lower kicker)
Mahu2021 collected 160 from pot
*** SUMMARY ***
Total pot 160 | Rake 0 
Board [9d 9s Kh Kc Qs]
Seat 1: Mahu2021 (small blind) showed [Ad 5d] and won (160) with two pair, Kings and Nines
Seat 2: sako414 (big blind) showed [2s 6d] and lost with two pair, Kings and Nines
Seat 3: JMCormier1 (button) folded before Flop (didn't bet)



PokerStars Hand #253355105028: Tournament #3822391495, $0.46+$0.04 USD Hold'em No Limit - Level II (15/30) - 2024/11/11 10:18:32 CET [2024/11/11 4:18:32 ET]
Table '3822391495 1' 3-max Seat #1 is the button
Seat 1: Mahu2021 (160 in chips) 
Seat 2: sako414 (520 in chips) 
Seat 3: JMCormier1 (820 in chips) 
sako414: posts small blind 15
JMCormier1: posts big blind 30
*** HOLE CARDS ***
Dealt to Mahu2021 [7s Qs]
Mahu2021: raises 130 to 160 and is all-in
sako414: folds 
JMCormier1: folds 
Uncalled bet (130) returned to Mahu2021
Mahu2021 collected 75 from pot
Mahu2021: doesn't show hand 
*** SUMMARY ***
Total pot 75 | Rake 0 
Seat 1: Mahu2021 (button) collected (75)
Seat 2: sako414 (small blind) folded before Flop
Seat 3: JMCormier1 (big blind) folded before Flop



PokerStars Hand #253355105871: Tournament #3822391495, $0.46+$0.04 USD Hold'em No Limit - Level II (15/30) - 2024/11/11 10:18:42 CET [2024/11/11 4:18:42 ET]
Table '3822391495 1' 3-max Seat #2 is the button
Seat 1: Mahu2021 (205 in chips) 
Seat 2: sako414 (505 in chips) 
Seat 3: JMCormier1 (790 in chips) 
JMCormier1: posts small blind 15
Mahu2021: posts big blind 30
*** HOLE CARDS ***
Dealt to Mahu2021 [Td 8c]
sako414: calls 30
JMCormier1: folds 
Mahu2021: checks 
*** FLOP *** [2s Ks Js]
Mahu2021: checks 
sako414: bets 475 and is all-in
Mahu2021: folds 
Uncalled bet (475) returned to sako414
sako414 collected 75 from pot
*** SUMMARY ***
Total pot 75 | Rake 0 
Board [2s Ks Js]
Seat 1: Mahu2021 (big blind) folded on the Flop
Seat 2: sako414 (button) collected (75)
Seat 3: JMCormier1 (small blind) folded before Flop



PokerStars Hand #253355108295: Tournament #3822391495, $0.46+$0.04 USD Hold'em No Limit - Level II (15/30) - 2024/11/11 10:19:09 CET [2024/11/11 4:19:09 ET]
Table '3822391495 1' 3-max Seat #3 is the button
Seat 1: Mahu2021 (175 in chips) 
Seat 2: sako414 (550 in chips) 
Seat 3: JMCormier1 (775 in chips) 
Mahu2021: posts small blind 15
sako414: posts big blind 30
*** HOLE CARDS ***
Dealt to Mahu2021 [5s 4h]
JMCormier1: raises 30 to 60
Mahu2021: folds 
sako414: raises 490 to 550 and is all-in
JMCormier1: folds 
Uncalled bet (490) returned to sako414
sako414 collected 135 from pot
*** SUMMARY ***
Total pot 135 | Rake 0 
Seat 1: Mahu2021 (small blind) folded before Flop
Seat 2: sako414 (big blind) collected (135)
Seat 3: JMCormier1 (button) folded before Flop



PokerStars Hand #253355109495: Tournament #3822391495, $0.46+$0.04 USD Hold'em No Limit - Level II (15/30) - 2024/11/11 10:19:23 CET [2024/11/11 4:19:23 ET]
Table '3822391495 1' 3-max Seat #1 is the button
Seat 1: Mahu2021 (160 in chips) 
Seat 2: sako414 (625 in chips) 
Seat 3: JMCormier1 (715 in chips) 
sako414: posts small blind 15
JMCormier1: posts big blind 30
*** HOLE CARDS ***
Dealt to Mahu2021 [3h Tc]
Mahu2021: folds 
sako414: folds 
Uncalled bet (15) returned to JMCormier1
JMCormier1 collected 30 from pot
*** SUMMARY ***
Total pot 30 | Rake 0 
Seat 1: Mahu2021 (button) folded before Flop (didn't bet)
Seat 2: sako414 (small blind) folded before Flop
Seat 3: JMCormier1 (big blind) collected (30)



PokerStars Hand #253355110100: Tournament #3822391495, $0.46+$0.04 USD Hold'em No Limit - Level II (15/30) - 2024/11/11 10:19:30 CET [2024/11/11 4:19:30 ET]
Table '3822391495 1' 3-max Seat #2 is the button
Seat 1: Mahu2021 (160 in chips) 
Seat 2: sako414 (610 in chips) 
Seat 3: JMCormier1 (730 in chips) 
JMCormier1: posts small blind 15
Mahu2021: posts big blind 30
*** HOLE CARDS ***
Dealt to Mahu2021 [6s 8h]
sako414: folds 
JMCormier1: calls 15
Mahu2021: checks 
*** FLOP *** [Js Qd Th]
JMCormier1: checks 
Mahu2021: checks 
*** TURN *** [Js Qd Th] [Ac]
JMCormier1: bets 30
Mahu2021: folds 
Uncalled bet (30) returned to JMCormier1
JMCormier1 collected 60 from pot
*** SUMMARY ***
Total pot 60 | Rake 0 
Board [Js Qd Th Ac]
Seat 1: Mahu2021 (big blind) folded on the Turn
Seat 2: sako414 (button) folded before Flop (didn't bet)
Seat 3: JMCormier1 (small blind) collected (60)



PokerStars Hand #253355111654: Tournament #3822391495, $0.46+$0.04 USD Hold'em No Limit - Level II (15/30) - 2024/11/11 10:19:47 CET [2024/11/11 4:19:47 ET]
Table '3822391495 1' 3-max Seat #3 is the button
Seat 1: Mahu2021 (130 in chips) 
Seat 2: sako414 (610 in chips) 
Seat 3: JMCormier1 (760 in chips) 
Mahu2021: posts small blind 15
sako414: posts big blind 30
*** HOLE CARDS ***
Dealt to Mahu2021 [7d Ad]
JMCormier1: folds 
Mahu2021: raises 100 to 130 and is all-in
sako414: calls 100
*** FLOP *** [6h 4h 8d]
*** TURN *** [6h 4h 8d] [Kc]
*** RIVER *** [6h 4h 8d Kc] [Qh]
*** SHOW DOWN ***
Mahu2021: shows [7d Ad] (high card Ace)
sako414: shows [Jc Jh] (a pair of Jacks)
sako414 collected 260 from pot
Mahu2021 finished the tournament in 3rd place
*** SUMMARY ***
Total pot 260 | Rake 0 
Board [6h 4h 8d Kc Qh]
Seat 1: Mahu2021 (small blind) showed [7d Ad] and lost with high card Ace
Seat 2: sako414 (big blind) showed [Jc Jh] and won (260) with a pair of Jacks
Seat 3: JMCormier1 (button) folded before Flop (didn't bet)



