PokerStars Hand #249032158050: Tournament #3719788239, $1.84+$0.16 USD Hold'em No Limit - Level I (10/20) - 2024/02/22 21:05:15 CET [2024/02/22 15:05:15 ET]
Table '3719788239 1' 3-max Seat #1 is the button
Seat 1: Lipezinhodosgu (500 in chips) 
Seat 2: DivingAlex (500 in chips) 
Seat 3: Mahu2021 (500 in chips) 
DivingAlex: posts small blind 10
Mahu2021: posts big blind 20
*** HOLE CARDS ***
Dealt to Mahu2021 [Tc 6s]
Lipezinhodosgu: folds 
DivingAlex: raises 40 to 60
Mahu2021: folds 
Uncalled bet (40) returned to DivingAlex
DivingAlex collected 40 from pot
*** SUMMARY ***
Total pot 40 | Rake 0 
Seat 1: Lipezinhodosgu (button) folded before Flop (didn't bet)
Seat 2: DivingAlex (small blind) collected (40)
Seat 3: Mahu2021 (big blind) folded before Flop



PokerStars Hand #249032160828: Tournament #3719788239, $1.84+$0.16 USD Hold'em No Limit - Level I (10/20) - 2024/02/22 21:05:23 CET [2024/02/22 15:05:23 ET]
Table '3719788239 1' 3-max Seat #2 is the button
Seat 1: Lipezinhodosgu (500 in chips) 
Seat 2: DivingAlex (520 in chips) 
Seat 3: Mahu2021 (480 in chips) 
Mahu2021: posts small blind 10
Lipezinhodosgu: posts big blind 20
*** HOLE CARDS ***
Dealt to Mahu2021 [5s Td]
DivingAlex: folds 
Mahu2021: folds 
Uncalled bet (10) returned to Lipezinhodosgu
Lipezinhodosgu collected 20 from pot
Lipezinhodosgu: doesn't show hand 
*** SUMMARY ***
Total pot 20 | Rake 0 
Seat 1: Lipezinhodosgu (big blind) collected (20)
Seat 2: DivingAlex (button) folded before Flop (didn't bet)
Seat 3: Mahu2021 (small blind) folded before Flop



PokerStars Hand #249032162491: Tournament #3719788239, $1.84+$0.16 USD Hold'em No Limit - Level I (10/20) - 2024/02/22 21:05:28 CET [2024/02/22 15:05:28 ET]
Table '3719788239 1' 3-max Seat #3 is the button
Seat 1: Lipezinhodosgu (510 in chips) 
Seat 2: DivingAlex (520 in chips) 
Seat 3: Mahu2021 (470 in chips) 
Lipezinhodosgu: posts small blind 10
DivingAlex: posts big blind 20
*** HOLE CARDS ***
Dealt to Mahu2021 [8d 4s]
Mahu2021: folds 
Lipezinhodosgu: raises 20 to 40
DivingAlex: raises 60 to 100
Lipezinhodosgu: calls 60
*** FLOP *** [9s Qh 9d]
Lipezinhodosgu: checks 
DivingAlex: bets 200
Lipezinhodosgu: folds 
Uncalled bet (200) returned to DivingAlex
DivingAlex collected 200 from pot
*** SUMMARY ***
Total pot 200 | Rake 0 
Board [9s Qh 9d]
Seat 1: Lipezinhodosgu (small blind) folded on the Flop
Seat 2: DivingAlex (big blind) collected (200)
Seat 3: Mahu2021 (button) folded before Flop (didn't bet)



PokerStars Hand #249032170062: Tournament #3719788239, $1.84+$0.16 USD Hold'em No Limit - Level I (10/20) - 2024/02/22 21:05:49 CET [2024/02/22 15:05:49 ET]
Table '3719788239 1' 3-max Seat #1 is the button
Seat 1: Lipezinhodosgu (410 in chips) 
Seat 2: DivingAlex (620 in chips) 
Seat 3: Mahu2021 (470 in chips) 
DivingAlex: posts small blind 10
Mahu2021: posts big blind 20
*** HOLE CARDS ***
Dealt to Mahu2021 [9h Tc]
Lipezinhodosgu: calls 20
DivingAlex: calls 10
Mahu2021: checks 
*** FLOP *** [Qc Ad Js]
DivingAlex: checks 
Mahu2021: checks 
Lipezinhodosgu: checks 
*** TURN *** [Qc Ad Js] [2s]
DivingAlex: checks 
Mahu2021: bets 40
Lipezinhodosgu: folds 
DivingAlex: folds 
Uncalled bet (40) returned to Mahu2021
Mahu2021 collected 60 from pot
Mahu2021: doesn't show hand 
*** SUMMARY ***
Total pot 60 | Rake 0 
Board [Qc Ad Js 2s]
Seat 1: Lipezinhodosgu (button) folded on the Turn
Seat 2: DivingAlex (small blind) folded on the Turn
Seat 3: Mahu2021 (big blind) collected (60)



PokerStars Hand #249032182184: Tournament #3719788239, $1.84+$0.16 USD Hold'em No Limit - Level I (10/20) - 2024/02/22 21:06:23 CET [2024/02/22 15:06:23 ET]
Table '3719788239 1' 3-max Seat #2 is the button
Seat 1: Lipezinhodosgu (390 in chips) 
Seat 2: DivingAlex (600 in chips) 
Seat 3: Mahu2021 (510 in chips) 
Mahu2021: posts small blind 10
Lipezinhodosgu: posts big blind 20
*** HOLE CARDS ***
Dealt to Mahu2021 [2c 2s]
DivingAlex: folds 
Mahu2021: calls 10
Lipezinhodosgu: checks 
*** FLOP *** [Th Qs 4c]
Mahu2021: checks 
Lipezinhodosgu: checks 
*** TURN *** [Th Qs 4c] [4h]
Mahu2021: bets 40
Lipezinhodosgu: calls 40
*** RIVER *** [Th Qs 4c 4h] [Js]
Mahu2021: checks 
Lipezinhodosgu: bets 40
Mahu2021: folds 
Uncalled bet (40) returned to Lipezinhodosgu
Lipezinhodosgu collected 120 from pot
Lipezinhodosgu: doesn't show hand 
*** SUMMARY ***
Total pot 120 | Rake 0 
Board [Th Qs 4c 4h Js]
Seat 1: Lipezinhodosgu (big blind) collected (120)
Seat 2: DivingAlex (button) folded before Flop (didn't bet)
Seat 3: Mahu2021 (small blind) folded on the River



PokerStars Hand #249032189036: Tournament #3719788239, $1.84+$0.16 USD Hold'em No Limit - Level I (10/20) - 2024/02/22 21:06:43 CET [2024/02/22 15:06:43 ET]
Table '3719788239 1' 3-max Seat #3 is the button
Seat 1: Lipezinhodosgu (450 in chips) 
Seat 2: DivingAlex (600 in chips) 
Seat 3: Mahu2021 (450 in chips) 
Lipezinhodosgu: posts small blind 10
DivingAlex: posts big blind 20
*** HOLE CARDS ***
Dealt to Mahu2021 [3c 5h]
Mahu2021: folds 
Lipezinhodosgu: folds 
Uncalled bet (10) returned to DivingAlex
DivingAlex collected 20 from pot
*** SUMMARY ***
Total pot 20 | Rake 0 
Seat 1: Lipezinhodosgu (small blind) folded before Flop
Seat 2: DivingAlex (big blind) collected (20)
Seat 3: Mahu2021 (button) folded before Flop (didn't bet)



PokerStars Hand #249032192902: Tournament #3719788239, $1.84+$0.16 USD Hold'em No Limit - Level I (10/20) - 2024/02/22 21:06:54 CET [2024/02/22 15:06:54 ET]
Table '3719788239 1' 3-max Seat #1 is the button
Seat 1: Lipezinhodosgu (440 in chips) 
Seat 2: DivingAlex (610 in chips) 
Seat 3: Mahu2021 (450 in chips) 
DivingAlex: posts small blind 10
Mahu2021: posts big blind 20
*** HOLE CARDS ***
Dealt to Mahu2021 [Ah 7d]
Lipezinhodosgu has timed out
Lipezinhodosgu: folds 
Lipezinhodosgu is sitting out
DivingAlex: calls 10
Mahu2021: checks 
*** FLOP *** [7s 4d 5c]
DivingAlex: bets 40
Mahu2021: calls 40
*** TURN *** [7s 4d 5c] [9c]
DivingAlex: bets 120
Mahu2021: calls 120
*** RIVER *** [7s 4d 5c 9c] [Qd]
DivingAlex: bets 360
Mahu2021: calls 270 and is all-in
Uncalled bet (90) returned to DivingAlex
*** SHOW DOWN ***
DivingAlex: shows [6d Qs] (a pair of Queens)
Mahu2021: shows [Ah 7d] (a pair of Sevens)
DivingAlex collected 900 from pot
Mahu2021 finished the tournament in 3rd place
*** SUMMARY ***
Total pot 900 | Rake 0 
Board [7s 4d 5c 9c Qd]
Seat 1: Lipezinhodosgu (button) folded before Flop (didn't bet)
Seat 2: DivingAlex (small blind) showed [6d Qs] and won (900) with a pair of Queens
Seat 3: Mahu2021 (big blind) showed [Ah 7d] and lost with a pair of Sevens



