PokerStars Hand #244298004667: Tournament #3605098553, $0.92+$0.08 USD Hold'em No Limit - Level I (10/20) - 2023/06/16 11:13:31 CET [2023/06/16 5:13:31 ET]
Table '3605098553 1' 3-max Seat #1 is the button
Seat 1: Mahu2021 (500 in chips) 
Seat 2: bruxore (500 in chips) 
Seat 3: Anekdot_md (500 in chips) 
bruxore: posts small blind 10
Anekdot_md: posts big blind 20
*** HOLE CARDS ***
Dealt to Mahu2021 [Kd 3d]
Mahu2021: calls 20
bruxore: folds 
Anekdot_md: checks 
*** FLOP *** [2h Qc 6c]
Anekdot_md: checks 
Mahu2021: checks 
*** TURN *** [2h Qc 6c] [6s]
Anekdot_md: checks 
Mahu2021: bets 40
Anekdot_md: folds 
Uncalled bet (40) returned to Mahu2021
Mahu2021 collected 50 from pot
Mahu2021: doesn't show hand 
*** SUMMARY ***
Total pot 50 | Rake 0 
Board [2h Qc 6c 6s]
Seat 1: Mahu2021 (button) collected (50)
Seat 2: bruxore (small blind) folded before Flop
Seat 3: Anekdot_md (big blind) folded on the Turn



PokerStars Hand #244298007451: Tournament #3605098553, $0.92+$0.08 USD Hold'em No Limit - Level I (10/20) - 2023/06/16 11:13:53 CET [2023/06/16 5:13:53 ET]
Table '3605098553 1' 3-max Seat #2 is the button
Seat 1: Mahu2021 (530 in chips) 
Seat 2: bruxore (490 in chips) 
Seat 3: Anekdot_md (480 in chips) 
Anekdot_md: posts small blind 10
Mahu2021: posts big blind 20
*** HOLE CARDS ***
Dealt to Mahu2021 [5s 4d]
bruxore: folds 
Anekdot_md: raises 20 to 40
Mahu2021: calls 20
*** FLOP *** [6d 9c 2c]
Anekdot_md: bets 30
Mahu2021: calls 30
*** TURN *** [6d 9c 2c] [7d]
Anekdot_md: bets 97
Mahu2021: calls 97
*** RIVER *** [6d 9c 2c 7d] [6c]
Anekdot_md: checks 
Mahu2021: bets 120
Anekdot_md: folds 
Uncalled bet (120) returned to Mahu2021
Mahu2021 collected 334 from pot
Mahu2021: doesn't show hand 
*** SUMMARY ***
Total pot 334 | Rake 0 
Board [6d 9c 2c 7d 6c]
Seat 1: Mahu2021 (big blind) collected (334)
Seat 2: bruxore (button) folded before Flop (didn't bet)
Seat 3: Anekdot_md (small blind) folded on the River



PokerStars Hand #244298012365: Tournament #3605098553, $0.92+$0.08 USD Hold'em No Limit - Level I (10/20) - 2023/06/16 11:14:32 CET [2023/06/16 5:14:32 ET]
Table '3605098553 1' 3-max Seat #3 is the button
Seat 1: Mahu2021 (697 in chips) 
Seat 2: bruxore (490 in chips) 
Seat 3: Anekdot_md (313 in chips) 
Mahu2021: posts small blind 10
bruxore: posts big blind 20
*** HOLE CARDS ***
Dealt to Mahu2021 [2h 3d]
Anekdot_md: folds 
Mahu2021: folds 
Uncalled bet (10) returned to bruxore
bruxore collected 20 from pot
bruxore: doesn't show hand 
*** SUMMARY ***
Total pot 20 | Rake 0 
Seat 1: Mahu2021 (small blind) folded before Flop
Seat 2: bruxore (big blind) collected (20)
Seat 3: Anekdot_md (button) folded before Flop (didn't bet)



PokerStars Hand #244298013247: Tournament #3605098553, $0.92+$0.08 USD Hold'em No Limit - Level I (10/20) - 2023/06/16 11:14:39 CET [2023/06/16 5:14:39 ET]
Table '3605098553 1' 3-max Seat #1 is the button
Seat 1: Mahu2021 (687 in chips) 
Seat 2: bruxore (500 in chips) 
Seat 3: Anekdot_md (313 in chips) 
bruxore: posts small blind 10
Anekdot_md: posts big blind 20
*** HOLE CARDS ***
Dealt to Mahu2021 [7h Ac]
Mahu2021: folds 
bruxore: raises 40 to 60
Anekdot_md: folds 
Uncalled bet (40) returned to bruxore
bruxore collected 40 from pot
bruxore: doesn't show hand 
*** SUMMARY ***
Total pot 40 | Rake 0 
Seat 1: Mahu2021 (button) folded before Flop (didn't bet)
Seat 2: bruxore (small blind) collected (40)
Seat 3: Anekdot_md (big blind) folded before Flop



PokerStars Hand #244298014506: Tournament #3605098553, $0.92+$0.08 USD Hold'em No Limit - Level I (10/20) - 2023/06/16 11:14:49 CET [2023/06/16 5:14:49 ET]
Table '3605098553 1' 3-max Seat #2 is the button
Seat 1: Mahu2021 (687 in chips) 
Seat 2: bruxore (520 in chips) 
Seat 3: Anekdot_md (293 in chips) 
Anekdot_md: posts small blind 10
Mahu2021: posts big blind 20
*** HOLE CARDS ***
Dealt to Mahu2021 [Ah 4d]
bruxore: raises 40 to 60
Anekdot_md: folds 
Mahu2021: folds 
Uncalled bet (40) returned to bruxore
bruxore collected 50 from pot
bruxore: doesn't show hand 
*** SUMMARY ***
Total pot 50 | Rake 0 
Seat 1: Mahu2021 (big blind) folded before Flop
Seat 2: bruxore (button) collected (50)
Seat 3: Anekdot_md (small blind) folded before Flop



PokerStars Hand #244298015379: Tournament #3605098553, $0.92+$0.08 USD Hold'em No Limit - Level I (10/20) - 2023/06/16 11:14:55 CET [2023/06/16 5:14:55 ET]
Table '3605098553 1' 3-max Seat #3 is the button
Seat 1: Mahu2021 (667 in chips) 
Seat 2: bruxore (550 in chips) 
Seat 3: Anekdot_md (283 in chips) 
Mahu2021: posts small blind 10
bruxore: posts big blind 20
*** HOLE CARDS ***
Dealt to Mahu2021 [Jd 2h]
Anekdot_md: folds 
Mahu2021: calls 10
bruxore: checks 
*** FLOP *** [3d Td 7c]
Mahu2021: checks 
bruxore: checks 
*** TURN *** [3d Td 7c] [Kd]
Mahu2021: bets 20
bruxore: folds 
Uncalled bet (20) returned to Mahu2021
Mahu2021 collected 40 from pot
Mahu2021: doesn't show hand 
*** SUMMARY ***
Total pot 40 | Rake 0 
Board [3d Td 7c Kd]
Seat 1: Mahu2021 (small blind) collected (40)
Seat 2: bruxore (big blind) folded on the Turn
Seat 3: Anekdot_md (button) folded before Flop (didn't bet)



PokerStars Hand #244298017564: Tournament #3605098553, $0.92+$0.08 USD Hold'em No Limit - Level I (10/20) - 2023/06/16 11:15:13 CET [2023/06/16 5:15:13 ET]
Table '3605098553 1' 3-max Seat #1 is the button
Seat 1: Mahu2021 (687 in chips) 
Seat 2: bruxore (530 in chips) 
Seat 3: Anekdot_md (283 in chips) 
bruxore: posts small blind 10
Anekdot_md: posts big blind 20
*** HOLE CARDS ***
Dealt to Mahu2021 [Jh 2d]
Mahu2021: folds 
bruxore: raises 20 to 40
Anekdot_md: calls 20
*** FLOP *** [Kc 8d 5d]
bruxore: bets 40
Anekdot_md: calls 40
*** TURN *** [Kc 8d 5d] [4c]
bruxore: bets 60
Anekdot_md: raises 143 to 203 and is all-in
bruxore: folds 
Uncalled bet (143) returned to Anekdot_md
Anekdot_md collected 280 from pot
*** SUMMARY ***
Total pot 280 | Rake 0 
Board [Kc 8d 5d 4c]
Seat 1: Mahu2021 (button) folded before Flop (didn't bet)
Seat 2: bruxore (small blind) folded on the Turn
Seat 3: Anekdot_md (big blind) collected (280)



PokerStars Hand #244298020783: Tournament #3605098553, $0.92+$0.08 USD Hold'em No Limit - Level I (10/20) - 2023/06/16 11:15:38 CET [2023/06/16 5:15:38 ET]
Table '3605098553 1' 3-max Seat #2 is the button
Seat 1: Mahu2021 (687 in chips) 
Seat 2: bruxore (390 in chips) 
Seat 3: Anekdot_md (423 in chips) 
Anekdot_md: posts small blind 10
Mahu2021: posts big blind 20
*** HOLE CARDS ***
Dealt to Mahu2021 [2d Qs]
bruxore: folds 
Anekdot_md: raises 20 to 40
Mahu2021: folds 
Uncalled bet (20) returned to Anekdot_md
Anekdot_md collected 40 from pot
*** SUMMARY ***
Total pot 40 | Rake 0 
Seat 1: Mahu2021 (big blind) folded before Flop
Seat 2: bruxore (button) folded before Flop (didn't bet)
Seat 3: Anekdot_md (small blind) collected (40)



PokerStars Hand #244298021762: Tournament #3605098553, $0.92+$0.08 USD Hold'em No Limit - Level I (10/20) - 2023/06/16 11:15:46 CET [2023/06/16 5:15:46 ET]
Table '3605098553 1' 3-max Seat #3 is the button
Seat 1: Mahu2021 (667 in chips) 
Seat 2: bruxore (390 in chips) 
Seat 3: Anekdot_md (443 in chips) 
Mahu2021: posts small blind 10
bruxore: posts big blind 20
*** HOLE CARDS ***
Dealt to Mahu2021 [9s Ac]
Anekdot_md: raises 20 to 40
Mahu2021: calls 30
bruxore: folds 
*** FLOP *** [6s Qc Qh]
Mahu2021: checks 
Anekdot_md: bets 38
Mahu2021: calls 38
*** TURN *** [6s Qc Qh] [9h]
Mahu2021: checks 
Anekdot_md: checks 
*** RIVER *** [6s Qc Qh 9h] [Ts]
Mahu2021: checks 
Anekdot_md: bets 87
Mahu2021: calls 87
*** SHOW DOWN ***
Anekdot_md: shows [Th Kc] (two pair, Queens and Tens)
Mahu2021: mucks hand 
Anekdot_md collected 350 from pot
*** SUMMARY ***
Total pot 350 | Rake 0 
Board [6s Qc Qh 9h Ts]
Seat 1: Mahu2021 (small blind) mucked [9s Ac]
Seat 2: bruxore (big blind) folded before Flop
Seat 3: Anekdot_md (button) showed [Th Kc] and won (350) with two pair, Queens and Tens



PokerStars Hand #244298024703: Tournament #3605098553, $0.92+$0.08 USD Hold'em No Limit - Level I (10/20) - 2023/06/16 11:16:09 CET [2023/06/16 5:16:09 ET]
Table '3605098553 1' 3-max Seat #1 is the button
Seat 1: Mahu2021 (502 in chips) 
Seat 2: bruxore (370 in chips) 
Seat 3: Anekdot_md (628 in chips) 
bruxore: posts small blind 10
Anekdot_md: posts big blind 20
*** HOLE CARDS ***
Dealt to Mahu2021 [Qs Kc]
Mahu2021: raises 20 to 40
bruxore: folds 
Anekdot_md: calls 20
*** FLOP *** [7s Jc 8s]
Anekdot_md: bets 20
Mahu2021: raises 60 to 80
Anekdot_md: folds 
Uncalled bet (60) returned to Mahu2021
Mahu2021 collected 130 from pot
Mahu2021: doesn't show hand 
*** SUMMARY ***
Total pot 130 | Rake 0 
Board [7s Jc 8s]
Seat 1: Mahu2021 (button) collected (130)
Seat 2: bruxore (small blind) folded before Flop
Seat 3: Anekdot_md (big blind) folded on the Flop



PokerStars Hand #244298027199: Tournament #3605098553, $0.92+$0.08 USD Hold'em No Limit - Level I (10/20) - 2023/06/16 11:16:29 CET [2023/06/16 5:16:29 ET]
Table '3605098553 1' 3-max Seat #2 is the button
Seat 1: Mahu2021 (572 in chips) 
Seat 2: bruxore (360 in chips) 
Seat 3: Anekdot_md (568 in chips) 
Anekdot_md: posts small blind 10
Mahu2021: posts big blind 20
*** HOLE CARDS ***
Dealt to Mahu2021 [6s Ts]
bruxore: raises 40 to 60
Anekdot_md: calls 50
Mahu2021: folds 
*** FLOP *** [8h 5h 2s]
Anekdot_md: bets 53
bruxore: raises 247 to 300 and is all-in
Anekdot_md: calls 247
*** TURN *** [8h 5h 2s] [Ks]
*** RIVER *** [8h 5h 2s Ks] [4c]
*** SHOW DOWN ***
Anekdot_md: shows [Ac 5s] (a pair of Fives)
bruxore: shows [As 4h] (a pair of Fours)
Anekdot_md collected 740 from pot
bruxore finished the tournament in 3rd place
*** SUMMARY ***
Total pot 740 | Rake 0 
Board [8h 5h 2s Ks 4c]
Seat 1: Mahu2021 (big blind) folded before Flop
Seat 2: bruxore (button) showed [As 4h] and lost with a pair of Fours
Seat 3: Anekdot_md (small blind) showed [Ac 5s] and won (740) with a pair of Fives



PokerStars Hand #244298031033: Tournament #3605098553, $0.92+$0.08 USD Hold'em No Limit - Level II (15/30) - 2023/06/16 11:17:00 CET [2023/06/16 5:17:00 ET]
Table '3605098553 1' 3-max Seat #1 is the button
Seat 1: Mahu2021 (552 in chips) 
Seat 3: Anekdot_md (948 in chips) 
Mahu2021: posts small blind 15
Anekdot_md: posts big blind 30
*** HOLE CARDS ***
Dealt to Mahu2021 [4c Jh]
Mahu2021: folds 
Uncalled bet (15) returned to Anekdot_md
Anekdot_md collected 30 from pot
*** SUMMARY ***
Total pot 30 | Rake 0 
Seat 1: Mahu2021 (button) (small blind) folded before Flop
Seat 3: Anekdot_md (big blind) collected (30)



PokerStars Hand #244298031625: Tournament #3605098553, $0.92+$0.08 USD Hold'em No Limit - Level II (15/30) - 2023/06/16 11:17:05 CET [2023/06/16 5:17:05 ET]
Table '3605098553 1' 3-max Seat #3 is the button
Seat 1: Mahu2021 (537 in chips) 
Seat 3: Anekdot_md (963 in chips) 
Anekdot_md: posts small blind 15
Mahu2021: posts big blind 30
*** HOLE CARDS ***
Dealt to Mahu2021 [9d Qs]
Anekdot_md: raises 30 to 60
Mahu2021: calls 30
*** FLOP *** [Th 2d 8d]
Mahu2021: checks 
Anekdot_md: bets 46
Mahu2021: calls 46
*** TURN *** [Th 2d 8d] [6d]
Mahu2021: checks 
Anekdot_md: checks 
*** RIVER *** [Th 2d 8d 6d] [7s]
Mahu2021: bets 212
Anekdot_md: calls 212
*** SHOW DOWN ***
Mahu2021: shows [9d Qs] (a straight, Six to Ten)
Anekdot_md: shows [Qc 9c] (a straight, Six to Ten)
Mahu2021 collected 318 from pot
Anekdot_md collected 318 from pot
*** SUMMARY ***
Total pot 636 | Rake 0 
Board [Th 2d 8d 6d 7s]
Seat 1: Mahu2021 (big blind) showed [9d Qs] and won (318) with a straight, Six to Ten
Seat 3: Anekdot_md (button) (small blind) showed [Qc 9c] and won (318) with a straight, Six to Ten



PokerStars Hand #244298033859: Tournament #3605098553, $0.92+$0.08 USD Hold'em No Limit - Level II (15/30) - 2023/06/16 11:17:23 CET [2023/06/16 5:17:23 ET]
Table '3605098553 1' 3-max Seat #1 is the button
Seat 1: Mahu2021 (537 in chips) 
Seat 3: Anekdot_md (963 in chips) 
Mahu2021: posts small blind 15
Anekdot_md: posts big blind 30
*** HOLE CARDS ***
Dealt to Mahu2021 [7d 3d]
Mahu2021: calls 15
Anekdot_md: checks 
*** FLOP *** [Th 2c 4d]
Anekdot_md: checks 
Mahu2021: bets 30
Anekdot_md: calls 30
*** TURN *** [Th 2c 4d] [9s]
Anekdot_md: checks 
Mahu2021: checks 
*** RIVER *** [Th 2c 4d 9s] [Kh]
Anekdot_md: bets 30
Mahu2021: folds 
Uncalled bet (30) returned to Anekdot_md
Anekdot_md collected 120 from pot
*** SUMMARY ***
Total pot 120 | Rake 0 
Board [Th 2c 4d 9s Kh]
Seat 1: Mahu2021 (button) (small blind) folded on the River
Seat 3: Anekdot_md (big blind) collected (120)



PokerStars Hand #244298035750: Tournament #3605098553, $0.92+$0.08 USD Hold'em No Limit - Level II (15/30) - 2023/06/16 11:17:37 CET [2023/06/16 5:17:37 ET]
Table '3605098553 1' 3-max Seat #3 is the button
Seat 1: Mahu2021 (477 in chips) 
Seat 3: Anekdot_md (1023 in chips) 
Anekdot_md: posts small blind 15
Mahu2021: posts big blind 30
*** HOLE CARDS ***
Dealt to Mahu2021 [9d Qh]
Anekdot_md: raises 30 to 60
Mahu2021: calls 30
*** FLOP *** [Tc 9h 5h]
Mahu2021: bets 120
Anekdot_md: folds 
Uncalled bet (120) returned to Mahu2021
Mahu2021 collected 120 from pot
Mahu2021: doesn't show hand 
*** SUMMARY ***
Total pot 120 | Rake 0 
Board [Tc 9h 5h]
Seat 1: Mahu2021 (big blind) collected (120)
Seat 3: Anekdot_md (button) (small blind) folded on the Flop



PokerStars Hand #244298038025: Tournament #3605098553, $0.92+$0.08 USD Hold'em No Limit - Level II (15/30) - 2023/06/16 11:17:56 CET [2023/06/16 5:17:56 ET]
Table '3605098553 1' 3-max Seat #1 is the button
Seat 1: Mahu2021 (537 in chips) 
Seat 3: Anekdot_md (963 in chips) 
Mahu2021: posts small blind 15
Anekdot_md: posts big blind 30
*** HOLE CARDS ***
Dealt to Mahu2021 [6d Ah]
Mahu2021: calls 15
Anekdot_md: raises 60 to 90
Mahu2021: raises 447 to 537 and is all-in
Anekdot_md: folds 
Uncalled bet (447) returned to Mahu2021
Mahu2021 collected 180 from pot
Mahu2021: doesn't show hand 
*** SUMMARY ***
Total pot 180 | Rake 0 
Seat 1: Mahu2021 (button) (small blind) collected (180)
Seat 3: Anekdot_md (big blind) folded before Flop



PokerStars Hand #244298040101: Tournament #3605098553, $0.92+$0.08 USD Hold'em No Limit - Level II (15/30) - 2023/06/16 11:18:13 CET [2023/06/16 5:18:13 ET]
Table '3605098553 1' 3-max Seat #3 is the button
Seat 1: Mahu2021 (627 in chips) 
Seat 3: Anekdot_md (873 in chips) 
Anekdot_md: posts small blind 15
Mahu2021: posts big blind 30
*** HOLE CARDS ***
Dealt to Mahu2021 [9c 4c]
Anekdot_md: raises 843 to 873 and is all-in
Mahu2021: folds 
Uncalled bet (843) returned to Anekdot_md
Anekdot_md collected 60 from pot
*** SUMMARY ***
Total pot 60 | Rake 0 
Seat 1: Mahu2021 (big blind) folded before Flop
Seat 3: Anekdot_md (button) (small blind) collected (60)



PokerStars Hand #244298040992: Tournament #3605098553, $0.92+$0.08 USD Hold'em No Limit - Level II (15/30) - 2023/06/16 11:18:20 CET [2023/06/16 5:18:20 ET]
Table '3605098553 1' 3-max Seat #1 is the button
Seat 1: Mahu2021 (597 in chips) 
Seat 3: Anekdot_md (903 in chips) 
Mahu2021: posts small blind 15
Anekdot_md: posts big blind 30
*** HOLE CARDS ***
Dealt to Mahu2021 [5d 9d]
Mahu2021: folds 
Uncalled bet (15) returned to Anekdot_md
Anekdot_md collected 30 from pot
*** SUMMARY ***
Total pot 30 | Rake 0 
Seat 1: Mahu2021 (button) (small blind) folded before Flop
Seat 3: Anekdot_md (big blind) collected (30)



PokerStars Hand #244298041550: Tournament #3605098553, $0.92+$0.08 USD Hold'em No Limit - Level II (15/30) - 2023/06/16 11:18:24 CET [2023/06/16 5:18:24 ET]
Table '3605098553 1' 3-max Seat #3 is the button
Seat 1: Mahu2021 (582 in chips) 
Seat 3: Anekdot_md (918 in chips) 
Anekdot_md: posts small blind 15
Mahu2021: posts big blind 30
*** HOLE CARDS ***
Dealt to Mahu2021 [6d 4s]
Anekdot_md: raises 30 to 60
Mahu2021: calls 30
*** FLOP *** [7s Th 6c]
Mahu2021: checks 
Anekdot_md: checks 
*** TURN *** [7s Th 6c] [Qh]
Mahu2021: checks 
Anekdot_md: bets 30
Mahu2021: calls 30
*** RIVER *** [7s Th 6c Qh] [Td]
Mahu2021: checks 
Anekdot_md: checks 
*** SHOW DOWN ***
Mahu2021: shows [6d 4s] (two pair, Tens and Sixes)
Anekdot_md: mucks hand 
Mahu2021 collected 180 from pot
*** SUMMARY ***
Total pot 180 | Rake 0 
Board [7s Th 6c Qh Td]
Seat 1: Mahu2021 (big blind) showed [6d 4s] and won (180) with two pair, Tens and Sixes
Seat 3: Anekdot_md (button) (small blind) mucked [Ac 3d]



PokerStars Hand #244298043573: Tournament #3605098553, $0.92+$0.08 USD Hold'em No Limit - Level II (15/30) - 2023/06/16 11:18:41 CET [2023/06/16 5:18:41 ET]
Table '3605098553 1' 3-max Seat #1 is the button
Seat 1: Mahu2021 (672 in chips) 
Seat 3: Anekdot_md (828 in chips) 
Mahu2021: posts small blind 15
Anekdot_md: posts big blind 30
*** HOLE CARDS ***
Dealt to Mahu2021 [5s Qd]
Mahu2021: calls 15
Anekdot_md: raises 30 to 60
Mahu2021: calls 30
*** FLOP *** [2h 9c 2c]
Anekdot_md: bets 46
Mahu2021: folds 
Uncalled bet (46) returned to Anekdot_md
Anekdot_md collected 120 from pot
*** SUMMARY ***
Total pot 120 | Rake 0 
Board [2h 9c 2c]
Seat 1: Mahu2021 (button) (small blind) folded on the Flop
Seat 3: Anekdot_md (big blind) collected (120)



PokerStars Hand #244298045191: Tournament #3605098553, $0.92+$0.08 USD Hold'em No Limit - Level II (15/30) - 2023/06/16 11:18:54 CET [2023/06/16 5:18:54 ET]
Table '3605098553 1' 3-max Seat #3 is the button
Seat 1: Mahu2021 (612 in chips) 
Seat 3: Anekdot_md (888 in chips) 
Anekdot_md: posts small blind 15
Mahu2021: posts big blind 30
*** HOLE CARDS ***
Dealt to Mahu2021 [As Th]
Anekdot_md: raises 30 to 60
Mahu2021: raises 552 to 612 and is all-in
Anekdot_md: folds 
Uncalled bet (552) returned to Mahu2021
Mahu2021 collected 120 from pot
Mahu2021: doesn't show hand 
*** SUMMARY ***
Total pot 120 | Rake 0 
Seat 1: Mahu2021 (big blind) collected (120)
Seat 3: Anekdot_md (button) (small blind) folded before Flop



PokerStars Hand #244298046546: Tournament #3605098553, $0.92+$0.08 USD Hold'em No Limit - Level II (15/30) - 2023/06/16 11:19:05 CET [2023/06/16 5:19:05 ET]
Table '3605098553 1' 3-max Seat #1 is the button
Seat 1: Mahu2021 (672 in chips) 
Seat 3: Anekdot_md (828 in chips) 
Mahu2021: posts small blind 15
Anekdot_md: posts big blind 30
*** HOLE CARDS ***
Dealt to Mahu2021 [Ts Td]
Mahu2021: raises 642 to 672 and is all-in
Anekdot_md: folds 
Uncalled bet (642) returned to Mahu2021
Mahu2021 collected 60 from pot
Mahu2021: doesn't show hand 
*** SUMMARY ***
Total pot 60 | Rake 0 
Seat 1: Mahu2021 (button) (small blind) collected (60)
Seat 3: Anekdot_md (big blind) folded before Flop



PokerStars Hand #244298047606: Tournament #3605098553, $0.92+$0.08 USD Hold'em No Limit - Level II (15/30) - 2023/06/16 11:19:13 CET [2023/06/16 5:19:13 ET]
Table '3605098553 1' 3-max Seat #3 is the button
Seat 1: Mahu2021 (702 in chips) 
Seat 3: Anekdot_md (798 in chips) 
Anekdot_md: posts small blind 15
Mahu2021: posts big blind 30
*** HOLE CARDS ***
Dealt to Mahu2021 [7c Qc]
Anekdot_md: calls 15
Mahu2021: checks 
*** FLOP *** [8h As Qs]
Mahu2021: checks 
Anekdot_md: bets 41
Mahu2021: calls 41
*** TURN *** [8h As Qs] [2s]
Mahu2021: checks 
Anekdot_md: bets 98
Mahu2021: calls 98
*** RIVER *** [8h As Qs 2s] [Ah]
Mahu2021: checks 
Anekdot_md: checks 
*** SHOW DOWN ***
Mahu2021: shows [7c Qc] (two pair, Aces and Queens)
Anekdot_md: shows [2d Qd] (two pair, Aces and Queens)
Mahu2021 collected 169 from pot
Anekdot_md collected 169 from pot
*** SUMMARY ***
Total pot 338 | Rake 0 
Board [8h As Qs 2s Ah]
Seat 1: Mahu2021 (big blind) showed [7c Qc] and won (169) with two pair, Aces and Queens
Seat 3: Anekdot_md (button) (small blind) showed [2d Qd] and won (169) with two pair, Aces and Queens



PokerStars Hand #244298051420: Tournament #3605098553, $0.92+$0.08 USD Hold'em No Limit - Level III (20/40) - 2023/06/16 11:19:44 CET [2023/06/16 5:19:44 ET]
Table '3605098553 1' 3-max Seat #1 is the button
Seat 1: Mahu2021 (702 in chips) 
Seat 3: Anekdot_md (798 in chips) 
Mahu2021: posts small blind 20
Anekdot_md: posts big blind 40
*** HOLE CARDS ***
Dealt to Mahu2021 [3d 4c]
Mahu2021: calls 20
Anekdot_md: checks 
*** FLOP *** [Ad 6d 2c]
Anekdot_md: checks 
Mahu2021: bets 40
Anekdot_md: calls 40
*** TURN *** [Ad 6d 2c] [5d]
Anekdot_md: checks 
Mahu2021: bets 160
Anekdot_md: folds 
Uncalled bet (160) returned to Mahu2021
Mahu2021 collected 160 from pot
Mahu2021: doesn't show hand 
*** SUMMARY ***
Total pot 160 | Rake 0 
Board [Ad 6d 2c 5d]
Seat 1: Mahu2021 (button) (small blind) collected (160)
Seat 3: Anekdot_md (big blind) folded on the Turn



PokerStars Hand #244298053242: Tournament #3605098553, $0.92+$0.08 USD Hold'em No Limit - Level III (20/40) - 2023/06/16 11:19:59 CET [2023/06/16 5:19:59 ET]
Table '3605098553 1' 3-max Seat #3 is the button
Seat 1: Mahu2021 (782 in chips) 
Seat 3: Anekdot_md (718 in chips) 
Anekdot_md: posts small blind 20
Mahu2021: posts big blind 40
*** HOLE CARDS ***
Dealt to Mahu2021 [2d 4h]
Anekdot_md: raises 40 to 80
Mahu2021: folds 
Uncalled bet (40) returned to Anekdot_md
Anekdot_md collected 80 from pot
*** SUMMARY ***
Total pot 80 | Rake 0 
Seat 1: Mahu2021 (big blind) folded before Flop
Seat 3: Anekdot_md (button) (small blind) collected (80)



PokerStars Hand #244298054089: Tournament #3605098553, $0.92+$0.08 USD Hold'em No Limit - Level III (20/40) - 2023/06/16 11:20:06 CET [2023/06/16 5:20:06 ET]
Table '3605098553 1' 3-max Seat #1 is the button
Seat 1: Mahu2021 (742 in chips) 
Seat 3: Anekdot_md (758 in chips) 
Mahu2021: posts small blind 20
Anekdot_md: posts big blind 40
*** HOLE CARDS ***
Dealt to Mahu2021 [7c 5h]
Mahu2021: folds 
Uncalled bet (20) returned to Anekdot_md
Anekdot_md collected 40 from pot
*** SUMMARY ***
Total pot 40 | Rake 0 
Seat 1: Mahu2021 (button) (small blind) folded before Flop
Seat 3: Anekdot_md (big blind) collected (40)



PokerStars Hand #244298054694: Tournament #3605098553, $0.92+$0.08 USD Hold'em No Limit - Level III (20/40) - 2023/06/16 11:20:10 CET [2023/06/16 5:20:10 ET]
Table '3605098553 1' 3-max Seat #3 is the button
Seat 1: Mahu2021 (722 in chips) 
Seat 3: Anekdot_md (778 in chips) 
Anekdot_md: posts small blind 20
Mahu2021: posts big blind 40
*** HOLE CARDS ***
Dealt to Mahu2021 [8s 7d]
Anekdot_md: folds 
Uncalled bet (20) returned to Mahu2021
Mahu2021 collected 40 from pot
Mahu2021: doesn't show hand 
*** SUMMARY ***
Total pot 40 | Rake 0 
Seat 1: Mahu2021 (big blind) collected (40)
Seat 3: Anekdot_md (button) (small blind) folded before Flop



PokerStars Hand #244298055330: Tournament #3605098553, $0.92+$0.08 USD Hold'em No Limit - Level III (20/40) - 2023/06/16 11:20:16 CET [2023/06/16 5:20:16 ET]
Table '3605098553 1' 3-max Seat #1 is the button
Seat 1: Mahu2021 (742 in chips) 
Seat 3: Anekdot_md (758 in chips) 
Mahu2021: posts small blind 20
Anekdot_md: posts big blind 40
*** HOLE CARDS ***
Dealt to Mahu2021 [Td 5h]
Mahu2021: folds 
Uncalled bet (20) returned to Anekdot_md
Anekdot_md collected 40 from pot
*** SUMMARY ***
Total pot 40 | Rake 0 
Seat 1: Mahu2021 (button) (small blind) folded before Flop
Seat 3: Anekdot_md (big blind) collected (40)



PokerStars Hand #244298055882: Tournament #3605098553, $0.92+$0.08 USD Hold'em No Limit - Level III (20/40) - 2023/06/16 11:20:20 CET [2023/06/16 5:20:20 ET]
Table '3605098553 1' 3-max Seat #3 is the button
Seat 1: Mahu2021 (722 in chips) 
Seat 3: Anekdot_md (778 in chips) 
Anekdot_md: posts small blind 20
Mahu2021: posts big blind 40
*** HOLE CARDS ***
Dealt to Mahu2021 [8c Kd]
Anekdot_md: calls 20
Mahu2021: checks 
*** FLOP *** [5d 9d Ts]
Mahu2021: checks 
Anekdot_md: checks 
*** TURN *** [5d 9d Ts] [Qc]
Mahu2021: checks 
Anekdot_md: checks 
*** RIVER *** [5d 9d Ts Qc] [Tc]
Mahu2021: checks 
Anekdot_md: checks 
*** SHOW DOWN ***
Mahu2021: shows [8c Kd] (a pair of Tens)
Anekdot_md: mucks hand 
Mahu2021 collected 80 from pot
*** SUMMARY ***
Total pot 80 | Rake 0 
Board [5d 9d Ts Qc Tc]
Seat 1: Mahu2021 (big blind) showed [8c Kd] and won (80) with a pair of Tens
Seat 3: Anekdot_md (button) (small blind) mucked [3s Jd]



