PokerStars Hand #251260628473: Tournament #3772591120, $1.84+$0.16 USD Hold'em No Limit - Level I (10/20) - 2024/06/30 10:31:25 CET [2024/06/30 4:31:25 ET]
Table '3772591120 1' 3-max Seat #1 is the button
Seat 1: Bubochka83 (500 in chips) 
Seat 2: johnpork99 (500 in chips) 
Seat 3: Mahu2021 (500 in chips) 
johnpork99: posts small blind 10
Mahu2021: posts big blind 20
*** HOLE CARDS ***
Dealt to Mahu2021 [Jd Ah]
Bubochka83: folds 
johnpork99: calls 10
Mahu2021: checks 
*** FLOP *** [9s 2d 8h]
johnpork99: bets 20
Mahu2021: calls 20
*** TURN *** [9s 2d 8h] [4s]
johnpork99: bets 80
Mahu2021: folds 
Uncalled bet (80) returned to johnpork99
johnpork99 collected 80 from pot
*** SUMMARY ***
Total pot 80 | Rake 0 
Board [9s 2d 8h 4s]
Seat 1: Bubochka83 (button) folded before Flop (didn't bet)
Seat 2: johnpork99 (small blind) collected (80)
Seat 3: Mahu2021 (big blind) folded on the Turn



PokerStars Hand #251260631177: Tournament #3772591120, $1.84+$0.16 USD Hold'em No Limit - Level I (10/20) - 2024/06/30 10:31:52 CET [2024/06/30 4:31:52 ET]
Table '3772591120 1' 3-max Seat #2 is the button
Seat 1: Bubochka83 (500 in chips) 
Seat 2: johnpork99 (540 in chips) 
Seat 3: Mahu2021 (460 in chips) 
Mahu2021: posts small blind 10
Bubochka83: posts big blind 20
*** HOLE CARDS ***
Dealt to Mahu2021 [Jc 9h]
johnpork99: calls 20
Mahu2021: calls 10
Bubochka83: checks 
*** FLOP *** [2d 9s Js]
Mahu2021: checks 
Bubochka83: checks 
johnpork99: checks 
*** TURN *** [2d 9s Js] [Kh]
Mahu2021: checks 
Bubochka83: checks 
johnpork99: checks 
*** RIVER *** [2d 9s Js Kh] [Ks]
Mahu2021: bets 60
Bubochka83: folds 
johnpork99: calls 60
*** SHOW DOWN ***
Mahu2021: shows [Jc 9h] (two pair, Kings and Jacks)
johnpork99: mucks hand 
Mahu2021 collected 180 from pot
*** SUMMARY ***
Total pot 180 | Rake 0 
Board [2d 9s Js Kh Ks]
Seat 1: Bubochka83 (big blind) folded on the River
Seat 2: johnpork99 (button) mucked [8d 7h]
Seat 3: Mahu2021 (small blind) showed [Jc 9h] and won (180) with two pair, Kings and Jacks



PokerStars Hand #251260634200: Tournament #3772591120, $1.84+$0.16 USD Hold'em No Limit - Level I (10/20) - 2024/06/30 10:32:21 CET [2024/06/30 4:32:21 ET]
Table '3772591120 1' 3-max Seat #3 is the button
Seat 1: Bubochka83 (480 in chips) 
Seat 2: johnpork99 (460 in chips) 
Seat 3: Mahu2021 (560 in chips) 
Bubochka83: posts small blind 10
johnpork99: posts big blind 20
*** HOLE CARDS ***
Dealt to Mahu2021 [Tc 3c]
Mahu2021: folds 
Bubochka83: folds 
Uncalled bet (10) returned to johnpork99
johnpork99 collected 20 from pot
*** SUMMARY ***
Total pot 20 | Rake 0 
Seat 1: Bubochka83 (small blind) folded before Flop
Seat 2: johnpork99 (big blind) collected (20)
Seat 3: Mahu2021 (button) folded before Flop (didn't bet)



PokerStars Hand #251260634665: Tournament #3772591120, $1.84+$0.16 USD Hold'em No Limit - Level I (10/20) - 2024/06/30 10:32:26 CET [2024/06/30 4:32:26 ET]
Table '3772591120 1' 3-max Seat #1 is the button
Seat 1: Bubochka83 (470 in chips) 
Seat 2: johnpork99 (470 in chips) 
Seat 3: Mahu2021 (560 in chips) 
johnpork99: posts small blind 10
Mahu2021: posts big blind 20
*** HOLE CARDS ***
Dealt to Mahu2021 [7c Td]
Bubochka83: raises 20 to 40
johnpork99: calls 30
Mahu2021: calls 20
*** FLOP *** [5c Qs Jh]
johnpork99: checks 
Mahu2021: checks 
Bubochka83: checks 
*** TURN *** [5c Qs Jh] [2d]
johnpork99: bets 20
Mahu2021: folds 
Bubochka83: calls 20
*** RIVER *** [5c Qs Jh 2d] [2s]
johnpork99: bets 80
Bubochka83: folds 
Uncalled bet (80) returned to johnpork99
johnpork99 collected 160 from pot
*** SUMMARY ***
Total pot 160 | Rake 0 
Board [5c Qs Jh 2d 2s]
Seat 1: Bubochka83 (button) folded on the River
Seat 2: johnpork99 (small blind) collected (160)
Seat 3: Mahu2021 (big blind) folded on the Turn



PokerStars Hand #251260636598: Tournament #3772591120, $1.84+$0.16 USD Hold'em No Limit - Level I (10/20) - 2024/06/30 10:32:45 CET [2024/06/30 4:32:45 ET]
Table '3772591120 1' 3-max Seat #2 is the button
Seat 1: Bubochka83 (410 in chips) 
Seat 2: johnpork99 (570 in chips) 
Seat 3: Mahu2021 (520 in chips) 
Mahu2021: posts small blind 10
Bubochka83: posts big blind 20
*** HOLE CARDS ***
Dealt to Mahu2021 [4d 7h]
johnpork99: calls 20
Mahu2021: folds 
Bubochka83: checks 
*** FLOP *** [Tc 3h Ts]
Bubochka83: checks 
johnpork99: checks 
*** TURN *** [Tc 3h Ts] [3s]
Bubochka83: bets 40
johnpork99: folds 
Uncalled bet (40) returned to Bubochka83
Bubochka83 collected 50 from pot
*** SUMMARY ***
Total pot 50 | Rake 0 
Board [Tc 3h Ts 3s]
Seat 1: Bubochka83 (big blind) collected (50)
Seat 2: johnpork99 (button) folded on the Turn
Seat 3: Mahu2021 (small blind) folded before Flop



PokerStars Hand #251260637707: Tournament #3772591120, $1.84+$0.16 USD Hold'em No Limit - Level I (10/20) - 2024/06/30 10:32:56 CET [2024/06/30 4:32:56 ET]
Table '3772591120 1' 3-max Seat #3 is the button
Seat 1: Bubochka83 (440 in chips) 
Seat 2: johnpork99 (550 in chips) 
Seat 3: Mahu2021 (510 in chips) 
Bubochka83: posts small blind 10
johnpork99: posts big blind 20
*** HOLE CARDS ***
Dealt to Mahu2021 [Ah 2d]
Mahu2021: calls 20
Bubochka83: folds 
johnpork99: checks 
*** FLOP *** [8h Qd Ks]
johnpork99: bets 25
Mahu2021: folds 
Uncalled bet (25) returned to johnpork99
johnpork99 collected 50 from pot
*** SUMMARY ***
Total pot 50 | Rake 0 
Board [8h Qd Ks]
Seat 1: Bubochka83 (small blind) folded before Flop
Seat 2: johnpork99 (big blind) collected (50)
Seat 3: Mahu2021 (button) folded on the Flop



PokerStars Hand #251260638836: Tournament #3772591120, $1.84+$0.16 USD Hold'em No Limit - Level I (10/20) - 2024/06/30 10:33:07 CET [2024/06/30 4:33:07 ET]
Table '3772591120 1' 3-max Seat #1 is the button
Seat 1: Bubochka83 (430 in chips) 
Seat 2: johnpork99 (580 in chips) 
Seat 3: Mahu2021 (490 in chips) 
johnpork99: posts small blind 10
Mahu2021: posts big blind 20
*** HOLE CARDS ***
Dealt to Mahu2021 [Qs Js]
Bubochka83: folds 
johnpork99: calls 10
Mahu2021: raises 60 to 80
johnpork99: calls 60
*** FLOP *** [5d Jc Kc]
johnpork99: checks 
Mahu2021: bets 80
johnpork99: folds 
Uncalled bet (80) returned to Mahu2021
Mahu2021 collected 160 from pot
Mahu2021: doesn't show hand 
*** SUMMARY ***
Total pot 160 | Rake 0 
Board [5d Jc Kc]
Seat 1: Bubochka83 (button) folded before Flop (didn't bet)
Seat 2: johnpork99 (small blind) folded on the Flop
Seat 3: Mahu2021 (big blind) collected (160)



PokerStars Hand #251260641491: Tournament #3772591120, $1.84+$0.16 USD Hold'em No Limit - Level I (10/20) - 2024/06/30 10:33:34 CET [2024/06/30 4:33:34 ET]
Table '3772591120 1' 3-max Seat #2 is the button
Seat 1: Bubochka83 (430 in chips) 
Seat 2: johnpork99 (500 in chips) 
Seat 3: Mahu2021 (570 in chips) 
Mahu2021: posts small blind 10
Bubochka83: posts big blind 20
*** HOLE CARDS ***
Dealt to Mahu2021 [7c Ah]
johnpork99: calls 20
Mahu2021: calls 10
Bubochka83: raises 60 to 80
johnpork99: folds 
Mahu2021: folds 
Uncalled bet (60) returned to Bubochka83
Bubochka83 collected 60 from pot
*** SUMMARY ***
Total pot 60 | Rake 0 
Seat 1: Bubochka83 (big blind) collected (60)
Seat 2: johnpork99 (button) folded before Flop
Seat 3: Mahu2021 (small blind) folded before Flop



PokerStars Hand #251260643191: Tournament #3772591120, $1.84+$0.16 USD Hold'em No Limit - Level I (10/20) - 2024/06/30 10:33:51 CET [2024/06/30 4:33:51 ET]
Table '3772591120 1' 3-max Seat #3 is the button
Seat 1: Bubochka83 (470 in chips) 
Seat 2: johnpork99 (480 in chips) 
Seat 3: Mahu2021 (550 in chips) 
Bubochka83: posts small blind 10
johnpork99: posts big blind 20
*** HOLE CARDS ***
Dealt to Mahu2021 [8d 8c]
Mahu2021: raises 20 to 40
Bubochka83: folds 
johnpork99: calls 20
*** FLOP *** [Qs 5h 6c]
johnpork99: checks 
Mahu2021: bets 90
johnpork99: folds 
Uncalled bet (90) returned to Mahu2021
Mahu2021 collected 90 from pot
Mahu2021: doesn't show hand 
*** SUMMARY ***
Total pot 90 | Rake 0 
Board [Qs 5h 6c]
Seat 1: Bubochka83 (small blind) folded before Flop
Seat 2: johnpork99 (big blind) folded on the Flop
Seat 3: Mahu2021 (button) collected (90)



PokerStars Hand #251260645615: Tournament #3772591120, $1.84+$0.16 USD Hold'em No Limit - Level I (10/20) - 2024/06/30 10:34:15 CET [2024/06/30 4:34:15 ET]
Table '3772591120 1' 3-max Seat #1 is the button
Seat 1: Bubochka83 (460 in chips) 
Seat 2: johnpork99 (440 in chips) 
Seat 3: Mahu2021 (600 in chips) 
johnpork99: posts small blind 10
Mahu2021: posts big blind 20
*** HOLE CARDS ***
Dealt to Mahu2021 [4s 6c]
Bubochka83: folds 
johnpork99: calls 10
Mahu2021: checks 
*** FLOP *** [7s Ad 3s]
johnpork99: checks 
Mahu2021: checks 
*** TURN *** [7s Ad 3s] [5d]
johnpork99: checks 
Mahu2021: bets 20
johnpork99: calls 20
*** RIVER *** [7s Ad 3s 5d] [Jd]
johnpork99: checks 
Mahu2021: bets 80
johnpork99: folds 
Uncalled bet (80) returned to Mahu2021
Mahu2021 collected 80 from pot
Mahu2021: doesn't show hand 
*** SUMMARY ***
Total pot 80 | Rake 0 
Board [7s Ad 3s 5d Jd]
Seat 1: Bubochka83 (button) folded before Flop (didn't bet)
Seat 2: johnpork99 (small blind) folded on the River
Seat 3: Mahu2021 (big blind) collected (80)



PokerStars Hand #251260648107: Tournament #3772591120, $1.84+$0.16 USD Hold'em No Limit - Level II (15/30) - 2024/06/30 10:34:39 CET [2024/06/30 4:34:39 ET]
Table '3772591120 1' 3-max Seat #2 is the button
Seat 1: Bubochka83 (460 in chips) 
Seat 2: johnpork99 (400 in chips) 
Seat 3: Mahu2021 (640 in chips) 
Mahu2021: posts small blind 15
Bubochka83: posts big blind 30
*** HOLE CARDS ***
Dealt to Mahu2021 [Ts Qd]
johnpork99: calls 30
Mahu2021: calls 15
Bubochka83: checks 
*** FLOP *** [6c 5c Ac]
Mahu2021: checks 
Bubochka83: checks 
johnpork99: checks 
*** TURN *** [6c 5c Ac] [Kc]
Mahu2021: checks 
Bubochka83: checks 
johnpork99: bets 30
Mahu2021: folds 
Bubochka83: folds 
Uncalled bet (30) returned to johnpork99
johnpork99 collected 90 from pot
*** SUMMARY ***
Total pot 90 | Rake 0 
Board [6c 5c Ac Kc]
Seat 1: Bubochka83 (big blind) folded on the Turn
Seat 2: johnpork99 (button) collected (90)
Seat 3: Mahu2021 (small blind) folded on the Turn



PokerStars Hand #251260649832: Tournament #3772591120, $1.84+$0.16 USD Hold'em No Limit - Level II (15/30) - 2024/06/30 10:34:57 CET [2024/06/30 4:34:57 ET]
Table '3772591120 1' 3-max Seat #3 is the button
Seat 1: Bubochka83 (430 in chips) 
Seat 2: johnpork99 (460 in chips) 
Seat 3: Mahu2021 (610 in chips) 
Bubochka83: posts small blind 15
johnpork99: posts big blind 30
*** HOLE CARDS ***
Dealt to Mahu2021 [Ts 2s]
Mahu2021: folds 
Bubochka83: folds 
Uncalled bet (15) returned to johnpork99
johnpork99 collected 30 from pot
*** SUMMARY ***
Total pot 30 | Rake 0 
Seat 1: Bubochka83 (small blind) folded before Flop
Seat 2: johnpork99 (big blind) collected (30)
Seat 3: Mahu2021 (button) folded before Flop (didn't bet)



PokerStars Hand #251260650284: Tournament #3772591120, $1.84+$0.16 USD Hold'em No Limit - Level II (15/30) - 2024/06/30 10:35:01 CET [2024/06/30 4:35:01 ET]
Table '3772591120 1' 3-max Seat #1 is the button
Seat 1: Bubochka83 (415 in chips) 
Seat 2: johnpork99 (475 in chips) 
Seat 3: Mahu2021 (610 in chips) 
johnpork99: posts small blind 15
Mahu2021: posts big blind 30
*** HOLE CARDS ***
Dealt to Mahu2021 [4h 7s]
Bubochka83: raises 30 to 60
johnpork99: calls 45
Mahu2021: folds 
*** FLOP *** [Js Kd Td]
johnpork99: checks 
Bubochka83: bets 75
johnpork99: calls 75
*** TURN *** [Js Kd Td] [8d]
johnpork99: checks 
Bubochka83: bets 150
johnpork99: calls 150
*** RIVER *** [Js Kd Td 8d] [6c]
johnpork99: checks 
Bubochka83: bets 130 and is all-in
johnpork99: folds 
Uncalled bet (130) returned to Bubochka83
Bubochka83 collected 600 from pot
*** SUMMARY ***
Total pot 600 | Rake 0 
Board [Js Kd Td 8d 6c]
Seat 1: Bubochka83 (button) collected (600)
Seat 2: johnpork99 (small blind) folded on the River
Seat 3: Mahu2021 (big blind) folded before Flop



PokerStars Hand #251260652415: Tournament #3772591120, $1.84+$0.16 USD Hold'em No Limit - Level II (15/30) - 2024/06/30 10:35:22 CET [2024/06/30 4:35:22 ET]
Table '3772591120 1' 3-max Seat #2 is the button
Seat 1: Bubochka83 (730 in chips) 
Seat 2: johnpork99 (190 in chips) 
Seat 3: Mahu2021 (580 in chips) 
Mahu2021: posts small blind 15
Bubochka83: posts big blind 30
*** HOLE CARDS ***
Dealt to Mahu2021 [2d Tc]
johnpork99: calls 30
Mahu2021: folds 
Bubochka83: checks 
*** FLOP *** [As Qs Ts]
Bubochka83: checks 
johnpork99: checks 
*** TURN *** [As Qs Ts] [Kh]
Bubochka83: bets 60
johnpork99: folds 
Uncalled bet (60) returned to Bubochka83
Bubochka83 collected 75 from pot
*** SUMMARY ***
Total pot 75 | Rake 0 
Board [As Qs Ts Kh]
Seat 1: Bubochka83 (big blind) collected (75)
Seat 2: johnpork99 (button) folded on the Turn
Seat 3: Mahu2021 (small blind) folded before Flop



PokerStars Hand #251260653971: Tournament #3772591120, $1.84+$0.16 USD Hold'em No Limit - Level II (15/30) - 2024/06/30 10:35:37 CET [2024/06/30 4:35:37 ET]
Table '3772591120 1' 3-max Seat #3 is the button
Seat 1: Bubochka83 (775 in chips) 
Seat 2: johnpork99 (160 in chips) 
Seat 3: Mahu2021 (565 in chips) 
Bubochka83: posts small blind 15
johnpork99: posts big blind 30
*** HOLE CARDS ***
Dealt to Mahu2021 [2h 9d]
Mahu2021: folds 
Bubochka83: folds 
Uncalled bet (15) returned to johnpork99
johnpork99 collected 30 from pot
*** SUMMARY ***
Total pot 30 | Rake 0 
Seat 1: Bubochka83 (small blind) folded before Flop
Seat 2: johnpork99 (big blind) collected (30)
Seat 3: Mahu2021 (button) folded before Flop (didn't bet)



PokerStars Hand #251260654460: Tournament #3772591120, $1.84+$0.16 USD Hold'em No Limit - Level II (15/30) - 2024/06/30 10:35:42 CET [2024/06/30 4:35:42 ET]
Table '3772591120 1' 3-max Seat #1 is the button
Seat 1: Bubochka83 (760 in chips) 
Seat 2: johnpork99 (175 in chips) 
Seat 3: Mahu2021 (565 in chips) 
johnpork99: posts small blind 15
Mahu2021: posts big blind 30
*** HOLE CARDS ***
Dealt to Mahu2021 [2h 5c]
Bubochka83: raises 30 to 60
johnpork99: calls 45
Mahu2021: folds 
*** FLOP *** [Js 5h 7h]
johnpork99: bets 115 and is all-in
Bubochka83: calls 115
*** TURN *** [Js 5h 7h] [8c]
*** RIVER *** [Js 5h 7h 8c] [8s]
*** SHOW DOWN ***
johnpork99: shows [6h 8h] (three of a kind, Eights)
Bubochka83: shows [Kh 4h] (a pair of Eights)
johnpork99 collected 380 from pot
*** SUMMARY ***
Total pot 380 | Rake 0 
Board [Js 5h 7h 8c 8s]
Seat 1: Bubochka83 (button) showed [Kh 4h] and lost with a pair of Eights
Seat 2: johnpork99 (small blind) showed [6h 8h] and won (380) with three of a kind, Eights
Seat 3: Mahu2021 (big blind) folded before Flop



PokerStars Hand #251260656248: Tournament #3772591120, $1.84+$0.16 USD Hold'em No Limit - Level II (15/30) - 2024/06/30 10:36:00 CET [2024/06/30 4:36:00 ET]
Table '3772591120 1' 3-max Seat #2 is the button
Seat 1: Bubochka83 (585 in chips) 
Seat 2: johnpork99 (380 in chips) 
Seat 3: Mahu2021 (535 in chips) 
Mahu2021: posts small blind 15
Bubochka83: posts big blind 30
*** HOLE CARDS ***
Dealt to Mahu2021 [8s Qs]
johnpork99: raises 350 to 380 and is all-in
Mahu2021: folds 
Bubochka83: calls 350
*** FLOP *** [4h 3d Jc]
*** TURN *** [4h 3d Jc] [8c]
*** RIVER *** [4h 3d Jc 8c] [3s]
*** SHOW DOWN ***
Bubochka83: shows [6h 6c] (two pair, Sixes and Threes)
johnpork99: shows [Ts Tc] (two pair, Tens and Threes)
johnpork99 collected 775 from pot
*** SUMMARY ***
Total pot 775 | Rake 0 
Board [4h 3d Jc 8c 3s]
Seat 1: Bubochka83 (big blind) showed [6h 6c] and lost with two pair, Sixes and Threes
Seat 2: johnpork99 (button) showed [Ts Tc] and won (775) with two pair, Tens and Threes
Seat 3: Mahu2021 (small blind) folded before Flop



PokerStars Hand #251260657894: Tournament #3772591120, $1.84+$0.16 USD Hold'em No Limit - Level II (15/30) - 2024/06/30 10:36:17 CET [2024/06/30 4:36:17 ET]
Table '3772591120 1' 3-max Seat #3 is the button
Seat 1: Bubochka83 (205 in chips) 
Seat 2: johnpork99 (775 in chips) 
Seat 3: Mahu2021 (520 in chips) 
Bubochka83: posts small blind 15
johnpork99: posts big blind 30
*** HOLE CARDS ***
Dealt to Mahu2021 [Qc Qh]
Mahu2021: raises 30 to 60
Bubochka83: folds 
johnpork99: folds 
Uncalled bet (30) returned to Mahu2021
Mahu2021 collected 75 from pot
Mahu2021: doesn't show hand 
*** SUMMARY ***
Total pot 75 | Rake 0 
Seat 1: Bubochka83 (small blind) folded before Flop
Seat 2: johnpork99 (big blind) folded before Flop
Seat 3: Mahu2021 (button) collected (75)



PokerStars Hand #251260658725: Tournament #3772591120, $1.84+$0.16 USD Hold'em No Limit - Level II (15/30) - 2024/06/30 10:36:25 CET [2024/06/30 4:36:25 ET]
Table '3772591120 1' 3-max Seat #1 is the button
Seat 1: Bubochka83 (190 in chips) 
Seat 2: johnpork99 (745 in chips) 
Seat 3: Mahu2021 (565 in chips) 
johnpork99: posts small blind 15
Mahu2021: posts big blind 30
*** HOLE CARDS ***
Dealt to Mahu2021 [3c Jd]
Bubochka83: folds 
johnpork99: calls 15
Mahu2021: checks 
*** FLOP *** [Qc Kd 8c]
johnpork99: checks 
Mahu2021: bets 30
johnpork99: calls 30
*** TURN *** [Qc Kd 8c] [5d]
johnpork99: checks 
Mahu2021: checks 
*** RIVER *** [Qc Kd 8c 5d] [Th]
johnpork99: checks 
Mahu2021: bets 120
johnpork99: folds 
Uncalled bet (120) returned to Mahu2021
Mahu2021 collected 120 from pot
Mahu2021: doesn't show hand 
*** SUMMARY ***
Total pot 120 | Rake 0 
Board [Qc Kd 8c 5d Th]
Seat 1: Bubochka83 (button) folded before Flop (didn't bet)
Seat 2: johnpork99 (small blind) folded on the River
Seat 3: Mahu2021 (big blind) collected (120)



PokerStars Hand #251260661441: Tournament #3772591120, $1.84+$0.16 USD Hold'em No Limit - Level II (15/30) - 2024/06/30 10:36:52 CET [2024/06/30 4:36:52 ET]
Table '3772591120 1' 3-max Seat #2 is the button
Seat 1: Bubochka83 (190 in chips) 
Seat 2: johnpork99 (685 in chips) 
Seat 3: Mahu2021 (625 in chips) 
Mahu2021: posts small blind 15
Bubochka83: posts big blind 30
*** HOLE CARDS ***
Dealt to Mahu2021 [2c 5c]
johnpork99: raises 655 to 685 and is all-in
Mahu2021: folds 
Bubochka83: folds 
Uncalled bet (655) returned to johnpork99
johnpork99 collected 75 from pot
*** SUMMARY ***
Total pot 75 | Rake 0 
Seat 1: Bubochka83 (big blind) folded before Flop
Seat 2: johnpork99 (button) collected (75)
Seat 3: Mahu2021 (small blind) folded before Flop



PokerStars Hand #251260662303: Tournament #3772591120, $1.84+$0.16 USD Hold'em No Limit - Level II (15/30) - 2024/06/30 10:37:00 CET [2024/06/30 4:37:00 ET]
Table '3772591120 1' 3-max Seat #3 is the button
Seat 1: Bubochka83 (160 in chips) 
Seat 2: johnpork99 (730 in chips) 
Seat 3: Mahu2021 (610 in chips) 
Bubochka83: posts small blind 15
johnpork99: posts big blind 30
*** HOLE CARDS ***
Dealt to Mahu2021 [Kd 6s]
Mahu2021: folds 
Bubochka83: calls 15
johnpork99: checks 
*** FLOP *** [5h 7s 8c]
Bubochka83: checks 
johnpork99: checks 
*** TURN *** [5h 7s 8c] [7c]
Bubochka83: checks 
johnpork99: checks 
*** RIVER *** [5h 7s 8c 7c] [Kh]
Bubochka83: checks 
johnpork99: checks 
*** SHOW DOWN ***
Bubochka83: shows [Jh 3h] (a pair of Sevens)
johnpork99: mucks hand 
Bubochka83 collected 60 from pot
*** SUMMARY ***
Total pot 60 | Rake 0 
Board [5h 7s 8c 7c Kh]
Seat 1: Bubochka83 (small blind) showed [Jh 3h] and won (60) with a pair of Sevens
Seat 2: johnpork99 (big blind) mucked [Td 2c]
Seat 3: Mahu2021 (button) folded before Flop (didn't bet)



PokerStars Hand #251260664075: Tournament #3772591120, $1.84+$0.16 USD Hold'em No Limit - Level II (15/30) - 2024/06/30 10:37:17 CET [2024/06/30 4:37:17 ET]
Table '3772591120 1' 3-max Seat #1 is the button
Seat 1: Bubochka83 (190 in chips) 
Seat 2: johnpork99 (700 in chips) 
Seat 3: Mahu2021 (610 in chips) 
johnpork99: posts small blind 15
Mahu2021: posts big blind 30
*** HOLE CARDS ***
Dealt to Mahu2021 [4d 4h]
Bubochka83: folds 
johnpork99: calls 15
Mahu2021: checks 
*** FLOP *** [Ac Kc 8c]
johnpork99: checks 
Mahu2021: checks 
*** TURN *** [Ac Kc 8c] [Jh]
johnpork99: bets 30
Mahu2021: calls 30
*** RIVER *** [Ac Kc 8c Jh] [3c]
johnpork99: bets 30
Mahu2021: folds 
Uncalled bet (30) returned to johnpork99
johnpork99 collected 120 from pot
*** SUMMARY ***
Total pot 120 | Rake 0 
Board [Ac Kc 8c Jh 3c]
Seat 1: Bubochka83 (button) folded before Flop (didn't bet)
Seat 2: johnpork99 (small blind) collected (120)
Seat 3: Mahu2021 (big blind) folded on the River



PokerStars Hand #251260666653: Tournament #3772591120, $1.84+$0.16 USD Hold'em No Limit - Level III (20/40) - 2024/06/30 10:37:42 CET [2024/06/30 4:37:42 ET]
Table '3772591120 1' 3-max Seat #2 is the button
Seat 1: Bubochka83 (190 in chips) 
Seat 2: johnpork99 (760 in chips) 
Seat 3: Mahu2021 (550 in chips) 
Mahu2021: posts small blind 20
Bubochka83: posts big blind 40
*** HOLE CARDS ***
Dealt to Mahu2021 [9c Qh]
johnpork99: calls 40
Mahu2021: calls 20
Bubochka83: checks 
*** FLOP *** [9h 3c 5s]
Mahu2021: bets 40
Bubochka83: folds 
johnpork99: folds 
Uncalled bet (40) returned to Mahu2021
Mahu2021 collected 120 from pot
Mahu2021: doesn't show hand 
*** SUMMARY ***
Total pot 120 | Rake 0 
Board [9h 3c 5s]
Seat 1: Bubochka83 (big blind) folded on the Flop
Seat 2: johnpork99 (button) folded on the Flop
Seat 3: Mahu2021 (small blind) collected (120)



PokerStars Hand #251260667635: Tournament #3772591120, $1.84+$0.16 USD Hold'em No Limit - Level III (20/40) - 2024/06/30 10:37:52 CET [2024/06/30 4:37:52 ET]
Table '3772591120 1' 3-max Seat #3 is the button
Seat 1: Bubochka83 (150 in chips) 
Seat 2: johnpork99 (720 in chips) 
Seat 3: Mahu2021 (630 in chips) 
Bubochka83: posts small blind 20
johnpork99: posts big blind 40
*** HOLE CARDS ***
Dealt to Mahu2021 [As Tc]
Mahu2021: raises 40 to 80
Bubochka83: raises 70 to 150 and is all-in
johnpork99: folds 
Mahu2021: calls 70
*** FLOP *** [Jd 5d Ks]
*** TURN *** [Jd 5d Ks] [2c]
*** RIVER *** [Jd 5d Ks 2c] [3s]
*** SHOW DOWN ***
Bubochka83: shows [3c 3h] (three of a kind, Threes)
Mahu2021: shows [As Tc] (high card Ace)
Bubochka83 collected 340 from pot
*** SUMMARY ***
Total pot 340 | Rake 0 
Board [Jd 5d Ks 2c 3s]
Seat 1: Bubochka83 (small blind) showed [3c 3h] and won (340) with three of a kind, Threes
Seat 2: johnpork99 (big blind) folded before Flop
Seat 3: Mahu2021 (button) showed [As Tc] and lost with high card Ace



PokerStars Hand #251260669149: Tournament #3772591120, $1.84+$0.16 USD Hold'em No Limit - Level III (20/40) - 2024/06/30 10:38:07 CET [2024/06/30 4:38:07 ET]
Table '3772591120 1' 3-max Seat #1 is the button
Seat 1: Bubochka83 (340 in chips) 
Seat 2: johnpork99 (680 in chips) 
Seat 3: Mahu2021 (480 in chips) 
johnpork99: posts small blind 20
Mahu2021: posts big blind 40
*** HOLE CARDS ***
Dealt to Mahu2021 [2d Kc]
Bubochka83: folds 
johnpork99: calls 20
Mahu2021: checks 
*** FLOP *** [Qs 4d 7h]
johnpork99: bets 40
Mahu2021: folds 
Uncalled bet (40) returned to johnpork99
johnpork99 collected 80 from pot
*** SUMMARY ***
Total pot 80 | Rake 0 
Board [Qs 4d 7h]
Seat 1: Bubochka83 (button) folded before Flop (didn't bet)
Seat 2: johnpork99 (small blind) collected (80)
Seat 3: Mahu2021 (big blind) folded on the Flop



PokerStars Hand #251260670204: Tournament #3772591120, $1.84+$0.16 USD Hold'em No Limit - Level III (20/40) - 2024/06/30 10:38:18 CET [2024/06/30 4:38:18 ET]
Table '3772591120 1' 3-max Seat #2 is the button
Seat 1: Bubochka83 (340 in chips) 
Seat 2: johnpork99 (720 in chips) 
Seat 3: Mahu2021 (440 in chips) 
Mahu2021: posts small blind 20
Bubochka83: posts big blind 40
*** HOLE CARDS ***
Dealt to Mahu2021 [Jc 3c]
johnpork99: calls 40
Mahu2021: calls 20
Bubochka83: checks 
*** FLOP *** [8s 3h Kc]
Mahu2021: checks 
Bubochka83: checks 
johnpork99: checks 
*** TURN *** [8s 3h Kc] [As]
Mahu2021: checks 
Bubochka83: checks 
johnpork99: bets 40
Mahu2021: calls 40
Bubochka83: folds 
*** RIVER *** [8s 3h Kc As] [Qh]
Mahu2021: checks 
johnpork99: bets 40
Mahu2021: folds 
Uncalled bet (40) returned to johnpork99
johnpork99 collected 200 from pot
*** SUMMARY ***
Total pot 200 | Rake 0 
Board [8s 3h Kc As Qh]
Seat 1: Bubochka83 (big blind) folded on the Turn
Seat 2: johnpork99 (button) collected (200)
Seat 3: Mahu2021 (small blind) folded on the River



PokerStars Hand #251260672721: Tournament #3772591120, $1.84+$0.16 USD Hold'em No Limit - Level III (20/40) - 2024/06/30 10:38:42 CET [2024/06/30 4:38:42 ET]
Table '3772591120 1' 3-max Seat #3 is the button
Seat 1: Bubochka83 (300 in chips) 
Seat 2: johnpork99 (840 in chips) 
Seat 3: Mahu2021 (360 in chips) 
Bubochka83: posts small blind 20
johnpork99: posts big blind 40
*** HOLE CARDS ***
Dealt to Mahu2021 [7c Qc]
Mahu2021: calls 40
Bubochka83: folds 
johnpork99: checks 
*** FLOP *** [7h 6h 9c]
johnpork99: checks 
Mahu2021: bets 40
johnpork99: folds 
Uncalled bet (40) returned to Mahu2021
Mahu2021 collected 100 from pot
Mahu2021: doesn't show hand 
*** SUMMARY ***
Total pot 100 | Rake 0 
Board [7h 6h 9c]
Seat 1: Bubochka83 (small blind) folded before Flop
Seat 2: johnpork99 (big blind) folded on the Flop
Seat 3: Mahu2021 (button) collected (100)



PokerStars Hand #251260674498: Tournament #3772591120, $1.84+$0.16 USD Hold'em No Limit - Level III (20/40) - 2024/06/30 10:39:00 CET [2024/06/30 4:39:00 ET]
Table '3772591120 1' 3-max Seat #1 is the button
Seat 1: Bubochka83 (280 in chips) 
Seat 2: johnpork99 (800 in chips) 
Seat 3: Mahu2021 (420 in chips) 
johnpork99: posts small blind 20
Mahu2021: posts big blind 40
*** HOLE CARDS ***
Dealt to Mahu2021 [4h Ks]
Bubochka83: raises 240 to 280 and is all-in
johnpork99: folds 
Mahu2021: folds 
Uncalled bet (240) returned to Bubochka83
Bubochka83 collected 100 from pot
*** SUMMARY ***
Total pot 100 | Rake 0 
Seat 1: Bubochka83 (button) collected (100)
Seat 2: johnpork99 (small blind) folded before Flop
Seat 3: Mahu2021 (big blind) folded before Flop



PokerStars Hand #251260675337: Tournament #3772591120, $1.84+$0.16 USD Hold'em No Limit - Level III (20/40) - 2024/06/30 10:39:08 CET [2024/06/30 4:39:08 ET]
Table '3772591120 1' 3-max Seat #2 is the button
Seat 1: Bubochka83 (340 in chips) 
Seat 2: johnpork99 (780 in chips) 
Seat 3: Mahu2021 (380 in chips) 
Mahu2021: posts small blind 20
Bubochka83: posts big blind 40
*** HOLE CARDS ***
Dealt to Mahu2021 [8h Qh]
johnpork99: calls 40
Mahu2021: calls 20
Bubochka83: checks 
*** FLOP *** [2s Ah Kd]
Mahu2021: checks 
Bubochka83: checks 
johnpork99: bets 40
Mahu2021: folds 
Bubochka83: folds 
Uncalled bet (40) returned to johnpork99
johnpork99 collected 120 from pot
*** SUMMARY ***
Total pot 120 | Rake 0 
Board [2s Ah Kd]
Seat 1: Bubochka83 (big blind) folded on the Flop
Seat 2: johnpork99 (button) collected (120)
Seat 3: Mahu2021 (small blind) folded on the Flop



PokerStars Hand #251260676640: Tournament #3772591120, $1.84+$0.16 USD Hold'em No Limit - Level III (20/40) - 2024/06/30 10:39:21 CET [2024/06/30 4:39:21 ET]
Table '3772591120 1' 3-max Seat #3 is the button
Seat 1: Bubochka83 (300 in chips) 
Seat 2: johnpork99 (860 in chips) 
Seat 3: Mahu2021 (340 in chips) 
Bubochka83: posts small blind 20
johnpork99: posts big blind 40
*** HOLE CARDS ***
Dealt to Mahu2021 [4d 5d]
Mahu2021: folds 
Bubochka83: folds 
Uncalled bet (20) returned to johnpork99
johnpork99 collected 40 from pot
*** SUMMARY ***
Total pot 40 | Rake 0 
Seat 1: Bubochka83 (small blind) folded before Flop
Seat 2: johnpork99 (big blind) collected (40)
Seat 3: Mahu2021 (button) folded before Flop (didn't bet)



PokerStars Hand #251260677132: Tournament #3772591120, $1.84+$0.16 USD Hold'em No Limit - Level III (20/40) - 2024/06/30 10:39:26 CET [2024/06/30 4:39:26 ET]
Table '3772591120 1' 3-max Seat #1 is the button
Seat 1: Bubochka83 (280 in chips) 
Seat 2: johnpork99 (880 in chips) 
Seat 3: Mahu2021 (340 in chips) 
johnpork99: posts small blind 20
Mahu2021: posts big blind 40
*** HOLE CARDS ***
Dealt to Mahu2021 [9h Ac]
Bubochka83: raises 240 to 280 and is all-in
johnpork99: calls 260
Mahu2021: folds 
*** FLOP *** [As 6s 8d]
*** TURN *** [As 6s 8d] [8s]
*** RIVER *** [As 6s 8d 8s] [6d]
*** SHOW DOWN ***
johnpork99: shows [Jc Td] (two pair, Eights and Sixes)
Bubochka83: shows [Ah 8c] (a full house, Eights full of Aces)
Bubochka83 collected 600 from pot
*** SUMMARY ***
Total pot 600 | Rake 0 
Board [As 6s 8d 8s 6d]
Seat 1: Bubochka83 (button) showed [Ah 8c] and won (600) with a full house, Eights full of Aces
Seat 2: johnpork99 (small blind) showed [Jc Td] and lost with two pair, Eights and Sixes
Seat 3: Mahu2021 (big blind) folded before Flop



PokerStars Hand #251260678419: Tournament #3772591120, $1.84+$0.16 USD Hold'em No Limit - Level III (20/40) - 2024/06/30 10:39:39 CET [2024/06/30 4:39:39 ET]
Table '3772591120 1' 3-max Seat #2 is the button
Seat 1: Bubochka83 (600 in chips) 
Seat 2: johnpork99 (600 in chips) 
Seat 3: Mahu2021 (300 in chips) 
Mahu2021: posts small blind 20
Bubochka83: posts big blind 40
*** HOLE CARDS ***
Dealt to Mahu2021 [7d Ad]
johnpork99: calls 40
Mahu2021: raises 260 to 300 and is all-in
Bubochka83: folds 
johnpork99: folds 
Uncalled bet (260) returned to Mahu2021
Mahu2021 collected 120 from pot
Mahu2021: doesn't show hand 
*** SUMMARY ***
Total pot 120 | Rake 0 
Seat 1: Bubochka83 (big blind) folded before Flop
Seat 2: johnpork99 (button) folded before Flop
Seat 3: Mahu2021 (small blind) collected (120)



PokerStars Hand #251260679238: Tournament #3772591120, $1.84+$0.16 USD Hold'em No Limit - Level III (20/40) - 2024/06/30 10:39:46 CET [2024/06/30 4:39:46 ET]
Table '3772591120 1' 3-max Seat #3 is the button
Seat 1: Bubochka83 (560 in chips) 
Seat 2: johnpork99 (560 in chips) 
Seat 3: Mahu2021 (380 in chips) 
Bubochka83: posts small blind 20
johnpork99: posts big blind 40
*** HOLE CARDS ***
Dealt to Mahu2021 [9d 3h]
Mahu2021: folds 
Bubochka83: folds 
Uncalled bet (20) returned to johnpork99
johnpork99 collected 40 from pot
*** SUMMARY ***
Total pot 40 | Rake 0 
Seat 1: Bubochka83 (small blind) folded before Flop
Seat 2: johnpork99 (big blind) collected (40)
Seat 3: Mahu2021 (button) folded before Flop (didn't bet)



PokerStars Hand #251260679730: Tournament #3772591120, $1.84+$0.16 USD Hold'em No Limit - Level III (20/40) - 2024/06/30 10:39:51 CET [2024/06/30 4:39:51 ET]
Table '3772591120 1' 3-max Seat #1 is the button
Seat 1: Bubochka83 (540 in chips) 
Seat 2: johnpork99 (580 in chips) 
Seat 3: Mahu2021 (380 in chips) 
johnpork99: posts small blind 20
Mahu2021: posts big blind 40
*** HOLE CARDS ***
Dealt to Mahu2021 [Kd Jc]
Bubochka83: raises 500 to 540 and is all-in
johnpork99: folds 
Mahu2021: folds 
Uncalled bet (500) returned to Bubochka83
Bubochka83 collected 100 from pot
*** SUMMARY ***
Total pot 100 | Rake 0 
Seat 1: Bubochka83 (button) collected (100)
Seat 2: johnpork99 (small blind) folded before Flop
Seat 3: Mahu2021 (big blind) folded before Flop



PokerStars Hand #251260680527: Tournament #3772591120, $1.84+$0.16 USD Hold'em No Limit - Level III (20/40) - 2024/06/30 10:39:59 CET [2024/06/30 4:39:59 ET]
Table '3772591120 1' 3-max Seat #2 is the button
Seat 1: Bubochka83 (600 in chips) 
Seat 2: johnpork99 (560 in chips) 
Seat 3: Mahu2021 (340 in chips) 
Mahu2021: posts small blind 20
Bubochka83: posts big blind 40
*** HOLE CARDS ***
Dealt to Mahu2021 [Kd 2d]
johnpork99: folds 
Mahu2021: calls 20
Bubochka83: raises 560 to 600 and is all-in
Mahu2021: folds 
Uncalled bet (560) returned to Bubochka83
Bubochka83 collected 80 from pot
*** SUMMARY ***
Total pot 80 | Rake 0 
Seat 1: Bubochka83 (big blind) collected (80)
Seat 2: johnpork99 (button) folded before Flop (didn't bet)
Seat 3: Mahu2021 (small blind) folded before Flop



PokerStars Hand #251260681692: Tournament #3772591120, $1.84+$0.16 USD Hold'em No Limit - Level III (20/40) - 2024/06/30 10:40:10 CET [2024/06/30 4:40:10 ET]
Table '3772591120 1' 3-max Seat #3 is the button
Seat 1: Bubochka83 (640 in chips) 
Seat 2: johnpork99 (560 in chips) 
Seat 3: Mahu2021 (300 in chips) 
Bubochka83: posts small blind 20
johnpork99: posts big blind 40
*** HOLE CARDS ***
Dealt to Mahu2021 [9d 2d]
Mahu2021: folds 
Bubochka83: folds 
Uncalled bet (20) returned to johnpork99
johnpork99 collected 40 from pot
*** SUMMARY ***
Total pot 40 | Rake 0 
Seat 1: Bubochka83 (small blind) folded before Flop
Seat 2: johnpork99 (big blind) collected (40)
Seat 3: Mahu2021 (button) folded before Flop (didn't bet)



PokerStars Hand #251260682802: Tournament #3772591120, $1.84+$0.16 USD Hold'em No Limit - Level III (20/40) - 2024/06/30 10:40:20 CET [2024/06/30 4:40:20 ET]
Table '3772591120 1' 3-max Seat #1 is the button
Seat 1: Bubochka83 (620 in chips) 
Seat 2: johnpork99 (580 in chips) 
Seat 3: Mahu2021 (300 in chips) 
johnpork99: posts small blind 20
Mahu2021: posts big blind 40
*** HOLE CARDS ***
Dealt to Mahu2021 [Ks Ad]
Bubochka83: raises 40 to 80
johnpork99: calls 60
Mahu2021: raises 220 to 300 and is all-in
Bubochka83: raises 320 to 620 and is all-in
johnpork99: calls 500 and is all-in
Uncalled bet (40) returned to Bubochka83
*** FLOP *** [Qd 9s Jh]
*** TURN *** [Qd 9s Jh] [8c]
*** RIVER *** [Qd 9s Jh 8c] [Kc]
*** SHOW DOWN ***
johnpork99: shows [As Tc] (a straight, Ten to Ace)
Bubochka83: shows [Ts Th] (a straight, Nine to King)
johnpork99 collected 560 from side pot
Mahu2021: shows [Ks Ad] (a pair of Kings)
johnpork99 collected 900 from main pot
Mahu2021 finished the tournament in 3rd place
*** SUMMARY ***
Total pot 1460 Main pot 900. Side pot 560. | Rake 0 
Board [Qd 9s Jh 8c Kc]
Seat 1: Bubochka83 (button) showed [Ts Th] and lost with a straight, Nine to King
Seat 2: johnpork99 (small blind) showed [As Tc] and won (1460) with a straight, Ten to Ace
Seat 3: Mahu2021 (big blind) showed [Ks Ad] and lost with a pair of Kings



