PokerStars Hand #248876013252: Tournament #3715653167, $4.60+$0.40 USD Hold'em No Limit - Level I (10/20) - 2024/02/14 17:15:35 CET [2024/02/14 11:15:35 ET]
Table '3715653167 1' 3-max Seat #1 is the button
Seat 1: Mahu2021 (500 in chips) 
Seat 2: gousis (500 in chips) 
Seat 3: IceStorM85 (500 in chips) 
gousis: posts small blind 10
IceStorM85: posts big blind 20
*** HOLE CARDS ***
Dealt to Mahu2021 [8d Th]
Mahu2021: folds 
gousis: raises 20 to 40
IceStorM85: folds 
Uncalled bet (20) returned to gousis
gousis collected 40 from pot
gousis: doesn't show hand 
*** SUMMARY ***
Total pot 40 | Rake 0 
Seat 1: Mahu2021 (button) folded before Flop (didn't bet)
Seat 2: gousis (small blind) collected (40)
Seat 3: IceStorM85 (big blind) folded before Flop



PokerStars Hand #248876014921: Tournament #3715653167, $4.60+$0.40 USD Hold'em No Limit - Level I (10/20) - 2024/02/14 17:15:41 CET [2024/02/14 11:15:41 ET]
Table '3715653167 1' 3-max Seat #2 is the button
Seat 1: Mahu2021 (500 in chips) 
Seat 2: gousis (520 in chips) 
Seat 3: IceStorM85 (480 in chips) 
IceStorM85: posts small blind 10
Mahu2021: posts big blind 20
*** HOLE CARDS ***
Dealt to Mahu2021 [9c 5c]
gousis: folds 
IceStorM85: raises 30 to 50
Mahu2021: folds 
Uncalled bet (30) returned to IceStorM85
IceStorM85 collected 40 from pot
*** SUMMARY ***
Total pot 40 | Rake 0 
Seat 1: Mahu2021 (big blind) folded before Flop
Seat 2: gousis (button) folded before Flop (didn't bet)
Seat 3: IceStorM85 (small blind) collected (40)



PokerStars Hand #248876017058: Tournament #3715653167, $4.60+$0.40 USD Hold'em No Limit - Level I (10/20) - 2024/02/14 17:15:50 CET [2024/02/14 11:15:50 ET]
Table '3715653167 1' 3-max Seat #3 is the button
Seat 1: Mahu2021 (480 in chips) 
Seat 2: gousis (520 in chips) 
Seat 3: IceStorM85 (500 in chips) 
Mahu2021: posts small blind 10
gousis: posts big blind 20
*** HOLE CARDS ***
Dealt to Mahu2021 [3c 5h]
IceStorM85: folds 
Mahu2021: folds 
Uncalled bet (10) returned to gousis
gousis collected 20 from pot
gousis: doesn't show hand 
*** SUMMARY ***
Total pot 20 | Rake 0 
Seat 1: Mahu2021 (small blind) folded before Flop
Seat 2: gousis (big blind) collected (20)
Seat 3: IceStorM85 (button) folded before Flop (didn't bet)



PokerStars Hand #248876018188: Tournament #3715653167, $4.60+$0.40 USD Hold'em No Limit - Level I (10/20) - 2024/02/14 17:15:54 CET [2024/02/14 11:15:54 ET]
Table '3715653167 1' 3-max Seat #1 is the button
Seat 1: Mahu2021 (470 in chips) 
Seat 2: gousis (530 in chips) 
Seat 3: IceStorM85 (500 in chips) 
gousis: posts small blind 10
IceStorM85: posts big blind 20
*** HOLE CARDS ***
Dealt to Mahu2021 [Ad 5c]
Mahu2021: raises 20 to 40
gousis: folds 
IceStorM85: calls 20
*** FLOP *** [6c 9d 9h]
IceStorM85: checks 
Mahu2021: checks 
*** TURN *** [6c 9d 9h] [Ts]
IceStorM85: bets 45
Mahu2021: calls 45
*** RIVER *** [6c 9d 9h Ts] [4h]
IceStorM85: bets 121
Mahu2021: folds 
Uncalled bet (121) returned to IceStorM85
IceStorM85 collected 180 from pot
*** SUMMARY ***
Total pot 180 | Rake 0 
Board [6c 9d 9h Ts 4h]
Seat 1: Mahu2021 (button) folded on the River
Seat 2: gousis (small blind) folded before Flop
Seat 3: IceStorM85 (big blind) collected (180)



PokerStars Hand #248876025867: Tournament #3715653167, $4.60+$0.40 USD Hold'em No Limit - Level I (10/20) - 2024/02/14 17:16:25 CET [2024/02/14 11:16:25 ET]
Table '3715653167 1' 3-max Seat #2 is the button
Seat 1: Mahu2021 (385 in chips) 
Seat 2: gousis (520 in chips) 
Seat 3: IceStorM85 (595 in chips) 
IceStorM85: posts small blind 10
Mahu2021: posts big blind 20
*** HOLE CARDS ***
Dealt to Mahu2021 [3c As]
gousis: folds 
IceStorM85: raises 30 to 50
Mahu2021: calls 30
*** FLOP *** [8s Td 8d]
IceStorM85: checks 
Mahu2021: bets 335 and is all-in
IceStorM85: folds 
Uncalled bet (335) returned to Mahu2021
Mahu2021 collected 100 from pot
Mahu2021: doesn't show hand 
*** SUMMARY ***
Total pot 100 | Rake 0 
Board [8s Td 8d]
Seat 1: Mahu2021 (big blind) collected (100)
Seat 2: gousis (button) folded before Flop (didn't bet)
Seat 3: IceStorM85 (small blind) folded on the Flop



PokerStars Hand #248876030573: Tournament #3715653167, $4.60+$0.40 USD Hold'em No Limit - Level I (10/20) - 2024/02/14 17:16:44 CET [2024/02/14 11:16:44 ET]
Table '3715653167 1' 3-max Seat #3 is the button
Seat 1: Mahu2021 (435 in chips) 
Seat 2: gousis (520 in chips) 
Seat 3: IceStorM85 (545 in chips) 
Mahu2021: posts small blind 10
gousis: posts big blind 20
*** HOLE CARDS ***
Dealt to Mahu2021 [7h 9h]
IceStorM85: folds 
Mahu2021: raises 20 to 40
gousis: calls 20
*** FLOP *** [Ac Jc 2h]
Mahu2021: checks 
gousis: bets 40
Mahu2021: folds 
Uncalled bet (40) returned to gousis
gousis collected 80 from pot
gousis: doesn't show hand 
*** SUMMARY ***
Total pot 80 | Rake 0 
Board [Ac Jc 2h]
Seat 1: Mahu2021 (small blind) folded on the Flop
Seat 2: gousis (big blind) collected (80)
Seat 3: IceStorM85 (button) folded before Flop (didn't bet)



PokerStars Hand #248876034110: Tournament #3715653167, $4.60+$0.40 USD Hold'em No Limit - Level I (10/20) - 2024/02/14 17:16:58 CET [2024/02/14 11:16:58 ET]
Table '3715653167 1' 3-max Seat #1 is the button
Seat 1: Mahu2021 (395 in chips) 
Seat 2: gousis (560 in chips) 
Seat 3: IceStorM85 (545 in chips) 
gousis: posts small blind 10
IceStorM85: posts big blind 20
*** HOLE CARDS ***
Dealt to Mahu2021 [5c Ah]
Mahu2021: folds 
gousis: folds 
Uncalled bet (10) returned to IceStorM85
IceStorM85 collected 20 from pot
*** SUMMARY ***
Total pot 20 | Rake 0 
Seat 1: Mahu2021 (button) folded before Flop (didn't bet)
Seat 2: gousis (small blind) folded before Flop
Seat 3: IceStorM85 (big blind) collected (20)



PokerStars Hand #248876035657: Tournament #3715653167, $4.60+$0.40 USD Hold'em No Limit - Level I (10/20) - 2024/02/14 17:17:04 CET [2024/02/14 11:17:04 ET]
Table '3715653167 1' 3-max Seat #2 is the button
Seat 1: Mahu2021 (395 in chips) 
Seat 2: gousis (550 in chips) 
Seat 3: IceStorM85 (555 in chips) 
IceStorM85: posts small blind 10
Mahu2021: posts big blind 20
*** HOLE CARDS ***
Dealt to Mahu2021 [7d Ks]
gousis: folds 
IceStorM85: calls 10
Mahu2021: checks 
*** FLOP *** [8s Th 4s]
IceStorM85: checks 
Mahu2021: checks 
*** TURN *** [8s Th 4s] [3d]
IceStorM85: checks 
Mahu2021: checks 
*** RIVER *** [8s Th 4s 3d] [4c]
IceStorM85: bets 30
Mahu2021: raises 50 to 80
IceStorM85: folds 
Uncalled bet (50) returned to Mahu2021
Mahu2021 collected 100 from pot
Mahu2021: doesn't show hand 
*** SUMMARY ***
Total pot 100 | Rake 0 
Board [8s Th 4s 3d 4c]
Seat 1: Mahu2021 (big blind) collected (100)
Seat 2: gousis (button) folded before Flop (didn't bet)
Seat 3: IceStorM85 (small blind) folded on the River



PokerStars Hand #248876044539: Tournament #3715653167, $4.60+$0.40 USD Hold'em No Limit - Level I (10/20) - 2024/02/14 17:17:39 CET [2024/02/14 11:17:39 ET]
Table '3715653167 1' 3-max Seat #3 is the button
Seat 1: Mahu2021 (445 in chips) 
Seat 2: gousis (550 in chips) 
Seat 3: IceStorM85 (505 in chips) 
Mahu2021: posts small blind 10
gousis: posts big blind 20
*** HOLE CARDS ***
Dealt to Mahu2021 [6h Jh]
IceStorM85: folds 
Mahu2021: raises 20 to 40
gousis: folds 
Uncalled bet (20) returned to Mahu2021
Mahu2021 collected 40 from pot
Mahu2021: doesn't show hand 
*** SUMMARY ***
Total pot 40 | Rake 0 
Seat 1: Mahu2021 (small blind) collected (40)
Seat 2: gousis (big blind) folded before Flop
Seat 3: IceStorM85 (button) folded before Flop (didn't bet)



PokerStars Hand #248876046608: Tournament #3715653167, $4.60+$0.40 USD Hold'em No Limit - Level I (10/20) - 2024/02/14 17:17:48 CET [2024/02/14 11:17:48 ET]
Table '3715653167 1' 3-max Seat #1 is the button
Seat 1: Mahu2021 (465 in chips) 
Seat 2: gousis (530 in chips) 
Seat 3: IceStorM85 (505 in chips) 
gousis: posts small blind 10
IceStorM85: posts big blind 20
*** HOLE CARDS ***
Dealt to Mahu2021 [6d Ad]
Mahu2021: raises 20 to 40
gousis: calls 30
IceStorM85: calls 20
*** FLOP *** [9s 3h Jh]
gousis: checks 
IceStorM85: checks 
Mahu2021: checks 
*** TURN *** [9s 3h Jh] [5h]
gousis: checks 
IceStorM85: bets 80
Mahu2021: folds 
gousis: calls 80
*** RIVER *** [9s 3h Jh 5h] [Jd]
gousis: checks 
IceStorM85: bets 188
gousis: folds 
Uncalled bet (188) returned to IceStorM85
IceStorM85 collected 280 from pot
*** SUMMARY ***
Total pot 280 | Rake 0 
Board [9s 3h Jh 5h Jd]
Seat 1: Mahu2021 (button) folded on the Turn
Seat 2: gousis (small blind) folded on the River
Seat 3: IceStorM85 (big blind) collected (280)



PokerStars Hand #248876056415: Tournament #3715653167, $4.60+$0.40 USD Hold'em No Limit - Level I (10/20) - 2024/02/14 17:18:26 CET [2024/02/14 11:18:26 ET]
Table '3715653167 1' 3-max Seat #2 is the button
Seat 1: Mahu2021 (425 in chips) 
Seat 2: gousis (410 in chips) 
Seat 3: IceStorM85 (665 in chips) 
IceStorM85: posts small blind 10
Mahu2021: posts big blind 20
*** HOLE CARDS ***
Dealt to Mahu2021 [Jh 8s]
gousis: raises 20 to 40
IceStorM85: folds 
Mahu2021: calls 20
*** FLOP *** [As Qd Td]
Mahu2021: checks 
gousis: bets 45
Mahu2021: calls 45
*** TURN *** [As Qd Td] [Ah]
Mahu2021: checks 
gousis: bets 100
Mahu2021: calls 100
*** RIVER *** [As Qd Td Ah] [3c]
Mahu2021: checks 
gousis: checks 
*** SHOW DOWN ***
Mahu2021: shows [Jh 8s] (a pair of Aces)
gousis: shows [Ts Js] (two pair, Aces and Tens)
gousis collected 380 from pot
*** SUMMARY ***
Total pot 380 | Rake 0 
Board [As Qd Td Ah 3c]
Seat 1: Mahu2021 (big blind) showed [Jh 8s] and lost with a pair of Aces
Seat 2: gousis (button) showed [Ts Js] and won (380) with two pair, Aces and Tens
Seat 3: IceStorM85 (small blind) folded before Flop



PokerStars Hand #248876063313: Tournament #3715653167, $4.60+$0.40 USD Hold'em No Limit - Level II (15/30) - 2024/02/14 17:18:54 CET [2024/02/14 11:18:54 ET]
Table '3715653167 1' 3-max Seat #3 is the button
Seat 1: Mahu2021 (240 in chips) 
Seat 2: gousis (605 in chips) 
Seat 3: IceStorM85 (655 in chips) 
Mahu2021: posts small blind 15
gousis: posts big blind 30
*** HOLE CARDS ***
Dealt to Mahu2021 [8h 9s]
IceStorM85: raises 30 to 60
Mahu2021: folds 
gousis: calls 30
*** FLOP *** [Qd 8s Qs]
gousis: checks 
IceStorM85: bets 30
gousis: raises 60 to 90
IceStorM85: raises 505 to 595 and is all-in
gousis: folds 
Uncalled bet (505) returned to IceStorM85
IceStorM85 collected 315 from pot
*** SUMMARY ***
Total pot 315 | Rake 0 
Board [Qd 8s Qs]
Seat 1: Mahu2021 (small blind) folded before Flop
Seat 2: gousis (big blind) folded on the Flop
Seat 3: IceStorM85 (button) collected (315)



PokerStars Hand #248876071446: Tournament #3715653167, $4.60+$0.40 USD Hold'em No Limit - Level II (15/30) - 2024/02/14 17:19:26 CET [2024/02/14 11:19:26 ET]
Table '3715653167 1' 3-max Seat #1 is the button
Seat 1: Mahu2021 (225 in chips) 
Seat 2: gousis (455 in chips) 
Seat 3: IceStorM85 (820 in chips) 
gousis: posts small blind 15
IceStorM85: posts big blind 30
*** HOLE CARDS ***
Dealt to Mahu2021 [8h Jh]
Mahu2021: raises 30 to 60
gousis: folds 
IceStorM85: raises 760 to 820 and is all-in
Mahu2021: calls 165 and is all-in
Uncalled bet (595) returned to IceStorM85
*** FLOP *** [Ts Jc 6h]
*** TURN *** [Ts Jc 6h] [8c]
*** RIVER *** [Ts Jc 6h 8c] [2d]
*** SHOW DOWN ***
IceStorM85: shows [4c 4d] (a pair of Fours)
Mahu2021: shows [8h Jh] (two pair, Jacks and Eights)
Mahu2021 collected 465 from pot
*** SUMMARY ***
Total pot 465 | Rake 0 
Board [Ts Jc 6h 8c 2d]
Seat 1: Mahu2021 (button) showed [8h Jh] and won (465) with two pair, Jacks and Eights
Seat 2: gousis (small blind) folded before Flop
Seat 3: IceStorM85 (big blind) showed [4c 4d] and lost with a pair of Fours



PokerStars Hand #248876075826: Tournament #3715653167, $4.60+$0.40 USD Hold'em No Limit - Level II (15/30) - 2024/02/14 17:19:43 CET [2024/02/14 11:19:43 ET]
Table '3715653167 1' 3-max Seat #2 is the button
Seat 1: Mahu2021 (465 in chips) 
Seat 2: gousis (440 in chips) 
Seat 3: IceStorM85 (595 in chips) 
IceStorM85: posts small blind 15
Mahu2021: posts big blind 30
*** HOLE CARDS ***
Dealt to Mahu2021 [Qh Ad]
gousis: folds 
IceStorM85: raises 30 to 60
Mahu2021: raises 90 to 150
IceStorM85: folds 
Uncalled bet (90) returned to Mahu2021
Mahu2021 collected 120 from pot
Mahu2021: doesn't show hand 
*** SUMMARY ***
Total pot 120 | Rake 0 
Seat 1: Mahu2021 (big blind) collected (120)
Seat 2: gousis (button) folded before Flop (didn't bet)
Seat 3: IceStorM85 (small blind) folded before Flop



PokerStars Hand #248876079810: Tournament #3715653167, $4.60+$0.40 USD Hold'em No Limit - Level II (15/30) - 2024/02/14 17:19:59 CET [2024/02/14 11:19:59 ET]
Table '3715653167 1' 3-max Seat #3 is the button
Seat 1: Mahu2021 (525 in chips) 
Seat 2: gousis (440 in chips) 
Seat 3: IceStorM85 (535 in chips) 
Mahu2021: posts small blind 15
gousis: posts big blind 30
*** HOLE CARDS ***
Dealt to Mahu2021 [Qh 4h]
IceStorM85: folds 
Mahu2021: raises 30 to 60
gousis: folds 
Uncalled bet (30) returned to Mahu2021
Mahu2021 collected 60 from pot
Mahu2021: doesn't show hand 
*** SUMMARY ***
Total pot 60 | Rake 0 
Seat 1: Mahu2021 (small blind) collected (60)
Seat 2: gousis (big blind) folded before Flop
Seat 3: IceStorM85 (button) folded before Flop (didn't bet)



PokerStars Hand #248876081888: Tournament #3715653167, $4.60+$0.40 USD Hold'em No Limit - Level II (15/30) - 2024/02/14 17:20:07 CET [2024/02/14 11:20:07 ET]
Table '3715653167 1' 3-max Seat #1 is the button
Seat 1: Mahu2021 (555 in chips) 
Seat 2: gousis (410 in chips) 
Seat 3: IceStorM85 (535 in chips) 
gousis: posts small blind 15
IceStorM85: posts big blind 30
*** HOLE CARDS ***
Dealt to Mahu2021 [Jc 6h]
Mahu2021: folds 
gousis: raises 30 to 60
IceStorM85: calls 30
*** FLOP *** [3h 2s 8d]
gousis: bets 60
IceStorM85: calls 60
*** TURN *** [3h 2s 8d] [Ac]
gousis: bets 290 and is all-in
IceStorM85: folds 
Uncalled bet (290) returned to gousis
gousis collected 240 from pot
gousis: doesn't show hand 
*** SUMMARY ***
Total pot 240 | Rake 0 
Board [3h 2s 8d Ac]
Seat 1: Mahu2021 (button) folded before Flop (didn't bet)
Seat 2: gousis (small blind) collected (240)
Seat 3: IceStorM85 (big blind) folded on the Turn



PokerStars Hand #248876088331: Tournament #3715653167, $4.60+$0.40 USD Hold'em No Limit - Level II (15/30) - 2024/02/14 17:20:33 CET [2024/02/14 11:20:33 ET]
Table '3715653167 1' 3-max Seat #2 is the button
Seat 1: Mahu2021 (555 in chips) 
Seat 2: gousis (530 in chips) 
Seat 3: IceStorM85 (415 in chips) 
IceStorM85: posts small blind 15
Mahu2021: posts big blind 30
*** HOLE CARDS ***
Dealt to Mahu2021 [3h Kh]
gousis: folds 
IceStorM85: raises 30 to 60
Mahu2021: calls 30
*** FLOP *** [8c Qd 3s]
IceStorM85: bets 30
Mahu2021: calls 30
*** TURN *** [8c Qd 3s] [7c]
IceStorM85: checks 
Mahu2021: checks 
*** RIVER *** [8c Qd 3s 7c] [Js]
IceStorM85: bets 90
Mahu2021: folds 
Uncalled bet (90) returned to IceStorM85
IceStorM85 collected 180 from pot
*** SUMMARY ***
Total pot 180 | Rake 0 
Board [8c Qd 3s 7c Js]
Seat 1: Mahu2021 (big blind) folded on the River
Seat 2: gousis (button) folded before Flop (didn't bet)
Seat 3: IceStorM85 (small blind) collected (180)



PokerStars Hand #248876095555: Tournament #3715653167, $4.60+$0.40 USD Hold'em No Limit - Level II (15/30) - 2024/02/14 17:21:02 CET [2024/02/14 11:21:02 ET]
Table '3715653167 1' 3-max Seat #3 is the button
Seat 1: Mahu2021 (465 in chips) 
Seat 2: gousis (530 in chips) 
Seat 3: IceStorM85 (505 in chips) 
Mahu2021: posts small blind 15
gousis: posts big blind 30
*** HOLE CARDS ***
Dealt to Mahu2021 [7c 5d]
IceStorM85: raises 30 to 60
Mahu2021: folds 
gousis: raises 470 to 530 and is all-in
IceStorM85: folds 
Uncalled bet (470) returned to gousis
gousis collected 135 from pot
gousis: doesn't show hand 
*** SUMMARY ***
Total pot 135 | Rake 0 
Seat 1: Mahu2021 (small blind) folded before Flop
Seat 2: gousis (big blind) collected (135)
Seat 3: IceStorM85 (button) folded before Flop



PokerStars Hand #248876098778: Tournament #3715653167, $4.60+$0.40 USD Hold'em No Limit - Level II (15/30) - 2024/02/14 17:21:14 CET [2024/02/14 11:21:14 ET]
Table '3715653167 1' 3-max Seat #1 is the button
Seat 1: Mahu2021 (450 in chips) 
Seat 2: gousis (605 in chips) 
Seat 3: IceStorM85 (445 in chips) 
gousis: posts small blind 15
IceStorM85: posts big blind 30
*** HOLE CARDS ***
Dealt to Mahu2021 [7c 7s]
Mahu2021: raises 30 to 60
gousis: raises 545 to 605 and is all-in
IceStorM85: folds 
Mahu2021: calls 390 and is all-in
Uncalled bet (155) returned to gousis
*** FLOP *** [Qc 8d 6c]
*** TURN *** [Qc 8d 6c] [2d]
*** RIVER *** [Qc 8d 6c 2d] [Td]
*** SHOW DOWN ***
gousis: shows [Ad Jd] (a flush, Ace high)
Mahu2021: shows [7c 7s] (a pair of Sevens)
gousis collected 930 from pot
Mahu2021 finished the tournament in 3rd place
*** SUMMARY ***
Total pot 930 | Rake 0 
Board [Qc 8d 6c 2d Td]
Seat 1: Mahu2021 (button) showed [7c 7s] and lost with a pair of Sevens
Seat 2: gousis (small blind) showed [Ad Jd] and won (930) with a flush, Ace high
Seat 3: IceStorM85 (big blind) folded before Flop



