PokerStars Hand #252941855735: Tournament #3812281017, $1.84+$0.16 USD Hold'em No Limit - Level I (10/20) - 2024/10/15 19:24:59 CET [2024/10/15 13:24:59 ET]
Table '3812281017 1' 3-max Seat #1 is the button
Seat 1: Mahu2021 (500 in chips) 
Seat 2: Danin125 (500 in chips) 
Seat 3: greek zante (500 in chips) 
Danin125: posts small blind 10
greek zante: posts big blind 20
*** HOLE CARDS ***
Dealt to Mahu2021 [6c 6d]
Mahu2021: raises 20 to 40
Danin125: folds 
greek zante: calls 20
*** FLOP *** [9c 8s Th]
greek zante: bets 20
Mahu2021: folds 
Uncalled bet (20) returned to greek zante
greek zante collected 90 from pot
*** SUMMARY ***
Total pot 90 | Rake 0 
Board [9c 8s Th]
Seat 1: Mahu2021 (button) folded on the Flop
Seat 2: Danin125 (small blind) folded before Flop
Seat 3: greek zante (big blind) collected (90)



PokerStars Hand #252941861569: Tournament #3812281017, $1.84+$0.16 USD Hold'em No Limit - Level I (10/20) - 2024/10/15 19:25:21 CET [2024/10/15 13:25:21 ET]
Table '3812281017 1' 3-max Seat #2 is the button
Seat 1: Mahu2021 (460 in chips) 
Seat 2: Danin125 (490 in chips) 
Seat 3: greek zante (550 in chips) 
greek zante: posts small blind 10
Mahu2021: posts big blind 20
*** HOLE CARDS ***
Dealt to Mahu2021 [2s 5s]
Danin125: calls 20
greek zante: raises 60 to 80
Mahu2021: folds 
Danin125: raises 410 to 490 and is all-in
greek zante: calls 410
*** FLOP *** [5h 3s Ah]
*** TURN *** [5h 3s Ah] [4d]
*** RIVER *** [5h 3s Ah 4d] [9c]
*** SHOW DOWN ***
greek zante: shows [Qh Ac] (a pair of Aces)
Danin125: shows [Qc Qs] (a pair of Queens)
greek zante collected 1000 from pot
Danin125 finished the tournament in 3rd place
*** SUMMARY ***
Total pot 1000 | Rake 0 
Board [5h 3s Ah 4d 9c]
Seat 1: Mahu2021 (big blind) folded before Flop
Seat 2: Danin125 (button) showed [Qc Qs] and lost with a pair of Queens
Seat 3: greek zante (small blind) showed [Qh Ac] and won (1000) with a pair of Aces



PokerStars Hand #252941873828: Tournament #3812281017, $1.84+$0.16 USD Hold'em No Limit - Level I (10/20) - 2024/10/15 19:26:07 CET [2024/10/15 13:26:07 ET]
Table '3812281017 1' 3-max Seat #1 is the button
Seat 1: Mahu2021 (440 in chips) 
Seat 3: greek zante (1060 in chips) 
Mahu2021: posts small blind 10
greek zante: posts big blind 20
*** HOLE CARDS ***
Dealt to Mahu2021 [4s Ah]
Mahu2021: raises 20 to 40
greek zante: calls 20
*** FLOP *** [9h 3d Ks]
greek zante: checks 
Mahu2021: checks 
*** TURN *** [9h 3d Ks] [Kc]
greek zante: bets 20
Mahu2021: calls 20
*** RIVER *** [9h 3d Ks Kc] [5s]
greek zante: bets 20
Mahu2021: calls 20
*** SHOW DOWN ***
greek zante: shows [2d 9s] (two pair, Kings and Nines)
Mahu2021: mucks hand 
greek zante collected 160 from pot
*** SUMMARY ***
Total pot 160 | Rake 0 
Board [9h 3d Ks Kc 5s]
Seat 1: Mahu2021 (button) (small blind) mucked [4s Ah]
Seat 3: greek zante (big blind) showed [2d 9s] and won (160) with two pair, Kings and Nines



PokerStars Hand #252941877142: Tournament #3812281017, $1.84+$0.16 USD Hold'em No Limit - Level I (10/20) - 2024/10/15 19:26:20 CET [2024/10/15 13:26:20 ET]
Table '3812281017 1' 3-max Seat #3 is the button
Seat 1: Mahu2021 (360 in chips) 
Seat 3: greek zante (1140 in chips) 
greek zante: posts small blind 10
Mahu2021: posts big blind 20
*** HOLE CARDS ***
Dealt to Mahu2021 [Th 7h]
greek zante: calls 10
Mahu2021: checks 
*** FLOP *** [8s Qd 7c]
Mahu2021: bets 20
greek zante: calls 20
*** TURN *** [8s Qd 7c] [As]
Mahu2021: checks 
greek zante: checks 
*** RIVER *** [8s Qd 7c As] [Kd]
Mahu2021: checks 
greek zante: checks 
*** SHOW DOWN ***
Mahu2021: shows [Th 7h] (a pair of Sevens)
greek zante: mucks hand 
Mahu2021 collected 80 from pot
*** SUMMARY ***
Total pot 80 | Rake 0 
Board [8s Qd 7c As Kd]
Seat 1: Mahu2021 (big blind) showed [Th 7h] and won (80) with a pair of Sevens
Seat 3: greek zante (button) (small blind) mucked [6c 4c]



PokerStars Hand #252941880544: Tournament #3812281017, $1.84+$0.16 USD Hold'em No Limit - Level I (10/20) - 2024/10/15 19:26:33 CET [2024/10/15 13:26:33 ET]
Table '3812281017 1' 3-max Seat #1 is the button
Seat 1: Mahu2021 (400 in chips) 
Seat 3: greek zante (1100 in chips) 
Mahu2021: posts small blind 10
greek zante: posts big blind 20
*** HOLE CARDS ***
Dealt to Mahu2021 [9c 8s]
Mahu2021: calls 10
greek zante: checks 
*** FLOP *** [8d Qh 9s]
greek zante: bets 20
Mahu2021: calls 20
*** TURN *** [8d Qh 9s] [5h]
greek zante: checks 
Mahu2021: bets 20
greek zante: calls 20
*** RIVER *** [8d Qh 9s 5h] [8c]
greek zante: checks 
Mahu2021: bets 120
greek zante: folds 
Uncalled bet (120) returned to Mahu2021
Mahu2021 collected 120 from pot
Mahu2021: doesn't show hand 
*** SUMMARY ***
Total pot 120 | Rake 0 
Board [8d Qh 9s 5h 8c]
Seat 1: Mahu2021 (button) (small blind) collected (120)
Seat 3: greek zante (big blind) folded on the River



PokerStars Hand #252941884411: Tournament #3812281017, $1.84+$0.16 USD Hold'em No Limit - Level I (10/20) - 2024/10/15 19:26:48 CET [2024/10/15 13:26:48 ET]
Table '3812281017 1' 3-max Seat #3 is the button
Seat 1: Mahu2021 (460 in chips) 
Seat 3: greek zante (1040 in chips) 
greek zante: posts small blind 10
Mahu2021: posts big blind 20
*** HOLE CARDS ***
Dealt to Mahu2021 [Ac Js]
greek zante: calls 10
Mahu2021: raises 60 to 80
greek zante: calls 60
*** FLOP *** [3h Kc 7c]
Mahu2021: checks 
greek zante: checks 
*** TURN *** [3h Kc 7c] [Ad]
Mahu2021: checks 
greek zante: checks 
*** RIVER *** [3h Kc 7c Ad] [Qc]
Mahu2021: checks 
greek zante: checks 
*** SHOW DOWN ***
Mahu2021: shows [Ac Js] (a pair of Aces)
greek zante: mucks hand 
Mahu2021 collected 160 from pot
*** SUMMARY ***
Total pot 160 | Rake 0 
Board [3h Kc 7c Ad Qc]
Seat 1: Mahu2021 (big blind) showed [Ac Js] and won (160) with a pair of Aces
Seat 3: greek zante (button) (small blind) mucked [3s 5s]



PokerStars Hand #252941887949: Tournament #3812281017, $1.84+$0.16 USD Hold'em No Limit - Level I (10/20) - 2024/10/15 19:27:02 CET [2024/10/15 13:27:02 ET]
Table '3812281017 1' 3-max Seat #1 is the button
Seat 1: Mahu2021 (540 in chips) 
Seat 3: greek zante (960 in chips) 
Mahu2021: posts small blind 10
greek zante: posts big blind 20
*** HOLE CARDS ***
Dealt to Mahu2021 [As 7d]
Mahu2021: raises 20 to 40
greek zante: calls 20
*** FLOP *** [Qs 7h 8c]
greek zante: checks 
Mahu2021: bets 40
greek zante: calls 40
*** TURN *** [Qs 7h 8c] [9s]
greek zante: checks 
Mahu2021: checks 
*** RIVER *** [Qs 7h 8c 9s] [Th]
greek zante: checks 
Mahu2021: checks 
*** SHOW DOWN ***
greek zante: shows [3h 8d] (a pair of Eights)
Mahu2021: mucks hand 
greek zante collected 160 from pot
*** SUMMARY ***
Total pot 160 | Rake 0 
Board [Qs 7h 8c 9s Th]
Seat 1: Mahu2021 (button) (small blind) mucked [As 7d]
Seat 3: greek zante (big blind) showed [3h 8d] and won (160) with a pair of Eights



PokerStars Hand #252941891451: Tournament #3812281017, $1.84+$0.16 USD Hold'em No Limit - Level I (10/20) - 2024/10/15 19:27:15 CET [2024/10/15 13:27:15 ET]
Table '3812281017 1' 3-max Seat #3 is the button
Seat 1: Mahu2021 (460 in chips) 
Seat 3: greek zante (1040 in chips) 
greek zante: posts small blind 10
Mahu2021: posts big blind 20
*** HOLE CARDS ***
Dealt to Mahu2021 [4h 2c]
greek zante: calls 10
Mahu2021: checks 
*** FLOP *** [7s Th 9s]
Mahu2021: checks 
greek zante: checks 
*** TURN *** [7s Th 9s] [6h]
Mahu2021: checks 
greek zante: checks 
*** RIVER *** [7s Th 9s 6h] [8d]
Mahu2021: checks 
greek zante: checks 
*** SHOW DOWN ***
Mahu2021: shows [4h 2c] (a straight, Six to Ten)
greek zante: shows [3s Qc] (a straight, Six to Ten)
Mahu2021 collected 20 from pot
greek zante collected 20 from pot
*** SUMMARY ***
Total pot 40 | Rake 0 
Board [7s Th 9s 6h 8d]
Seat 1: Mahu2021 (big blind) showed [4h 2c] and won (20) with a straight, Six to Ten
Seat 3: greek zante (button) (small blind) showed [3s Qc] and won (20) with a straight, Six to Ten



PokerStars Hand #252941894277: Tournament #3812281017, $1.84+$0.16 USD Hold'em No Limit - Level I (10/20) - 2024/10/15 19:27:25 CET [2024/10/15 13:27:25 ET]
Table '3812281017 1' 3-max Seat #1 is the button
Seat 1: Mahu2021 (460 in chips) 
Seat 3: greek zante (1040 in chips) 
Mahu2021: posts small blind 10
greek zante: posts big blind 20
*** HOLE CARDS ***
Dealt to Mahu2021 [Ks 2h]
Mahu2021: raises 20 to 40
greek zante: calls 20
*** FLOP *** [6c 2c Jd]
greek zante: checks 
Mahu2021: checks 
*** TURN *** [6c 2c Jd] [Td]
greek zante: checks 
Mahu2021: checks 
*** RIVER *** [6c 2c Jd Td] [Tc]
greek zante: checks 
Mahu2021: checks 
*** SHOW DOWN ***
greek zante: shows [8h 4d] (a pair of Tens)
Mahu2021: shows [Ks 2h] (two pair, Tens and Deuces)
Mahu2021 collected 80 from pot
*** SUMMARY ***
Total pot 80 | Rake 0 
Board [6c 2c Jd Td Tc]
Seat 1: Mahu2021 (button) (small blind) showed [Ks 2h] and won (80) with two pair, Tens and Deuces
Seat 3: greek zante (big blind) showed [8h 4d] and lost with a pair of Tens



PokerStars Hand #252941897265: Tournament #3812281017, $1.84+$0.16 USD Hold'em No Limit - Level I (10/20) - 2024/10/15 19:27:37 CET [2024/10/15 13:27:37 ET]
Table '3812281017 1' 3-max Seat #3 is the button
Seat 1: Mahu2021 (500 in chips) 
Seat 3: greek zante (1000 in chips) 
greek zante: posts small blind 10
Mahu2021: posts big blind 20
*** HOLE CARDS ***
Dealt to Mahu2021 [9c 4h]
greek zante: raises 20 to 40
Mahu2021: folds 
Uncalled bet (20) returned to greek zante
greek zante collected 40 from pot
*** SUMMARY ***
Total pot 40 | Rake 0 
Seat 1: Mahu2021 (big blind) folded before Flop
Seat 3: greek zante (button) (small blind) collected (40)



PokerStars Hand #252941898528: Tournament #3812281017, $1.84+$0.16 USD Hold'em No Limit - Level I (10/20) - 2024/10/15 19:27:41 CET [2024/10/15 13:27:41 ET]
Table '3812281017 1' 3-max Seat #1 is the button
Seat 1: Mahu2021 (480 in chips) 
Seat 3: greek zante (1020 in chips) 
Mahu2021: posts small blind 10
greek zante: posts big blind 20
*** HOLE CARDS ***
Dealt to Mahu2021 [9d 6s]
Mahu2021: calls 10
greek zante: checks 
*** FLOP *** [Jc 8d Tc]
greek zante: checks 
Mahu2021: bets 20
greek zante: folds 
Uncalled bet (20) returned to Mahu2021
Mahu2021 collected 40 from pot
Mahu2021: doesn't show hand 
*** SUMMARY ***
Total pot 40 | Rake 0 
Board [Jc 8d Tc]
Seat 1: Mahu2021 (button) (small blind) collected (40)
Seat 3: greek zante (big blind) folded on the Flop



PokerStars Hand #252941900758: Tournament #3812281017, $1.84+$0.16 USD Hold'em No Limit - Level I (10/20) - 2024/10/15 19:27:50 CET [2024/10/15 13:27:50 ET]
Table '3812281017 1' 3-max Seat #3 is the button
Seat 1: Mahu2021 (500 in chips) 
Seat 3: greek zante (1000 in chips) 
greek zante: posts small blind 10
Mahu2021: posts big blind 20
*** HOLE CARDS ***
Dealt to Mahu2021 [8h 5s]
greek zante: calls 10
Mahu2021: checks 
*** FLOP *** [Js 9h 9c]
Mahu2021: checks 
greek zante: checks 
*** TURN *** [Js 9h 9c] [Ah]
Mahu2021: checks 
greek zante: bets 20
Mahu2021: folds 
Uncalled bet (20) returned to greek zante
greek zante collected 40 from pot
*** SUMMARY ***
Total pot 40 | Rake 0 
Board [Js 9h 9c Ah]
Seat 1: Mahu2021 (big blind) folded on the Turn
Seat 3: greek zante (button) (small blind) collected (40)



PokerStars Hand #252941904502: Tournament #3812281017, $1.84+$0.16 USD Hold'em No Limit - Level II (15/30) - 2024/10/15 19:28:04 CET [2024/10/15 13:28:04 ET]
Table '3812281017 1' 3-max Seat #1 is the button
Seat 1: Mahu2021 (480 in chips) 
Seat 3: greek zante (1020 in chips) 
Mahu2021: posts small blind 15
greek zante: posts big blind 30
*** HOLE CARDS ***
Dealt to Mahu2021 [2h 3c]
Mahu2021: folds 
Uncalled bet (15) returned to greek zante
greek zante collected 30 from pot
*** SUMMARY ***
Total pot 30 | Rake 0 
Seat 1: Mahu2021 (button) (small blind) folded before Flop
Seat 3: greek zante (big blind) collected (30)



PokerStars Hand #252941905609: Tournament #3812281017, $1.84+$0.16 USD Hold'em No Limit - Level II (15/30) - 2024/10/15 19:28:08 CET [2024/10/15 13:28:08 ET]
Table '3812281017 1' 3-max Seat #3 is the button
Seat 1: Mahu2021 (465 in chips) 
Seat 3: greek zante (1035 in chips) 
greek zante: posts small blind 15
Mahu2021: posts big blind 30
*** HOLE CARDS ***
Dealt to Mahu2021 [5c 6d]
greek zante: raises 30 to 60
Mahu2021: calls 30
*** FLOP *** [5s 5d 6c]
Mahu2021: checks 
greek zante: bets 30
Mahu2021: calls 30
*** TURN *** [5s 5d 6c] [3c]
Mahu2021: checks 
greek zante: bets 30
Mahu2021: calls 30
*** RIVER *** [5s 5d 6c 3c] [Jd]
Mahu2021: checks 
greek zante: checks 
*** SHOW DOWN ***
Mahu2021: shows [5c 6d] (a full house, Fives full of Sixes)
greek zante: mucks hand 
Mahu2021 collected 240 from pot
*** SUMMARY ***
Total pot 240 | Rake 0 
Board [5s 5d 6c 3c Jd]
Seat 1: Mahu2021 (big blind) showed [5c 6d] and won (240) with a full house, Fives full of Sixes
Seat 3: greek zante (button) (small blind) mucked [7c Ac]



PokerStars Hand #252941909216: Tournament #3812281017, $1.84+$0.16 USD Hold'em No Limit - Level II (15/30) - 2024/10/15 19:28:22 CET [2024/10/15 13:28:22 ET]
Table '3812281017 1' 3-max Seat #1 is the button
Seat 1: Mahu2021 (585 in chips) 
Seat 3: greek zante (915 in chips) 
Mahu2021: posts small blind 15
greek zante: posts big blind 30
*** HOLE CARDS ***
Dealt to Mahu2021 [Qs 7h]
Mahu2021: raises 30 to 60
greek zante: calls 30
*** FLOP *** [Td Qd 8s]
greek zante: checks 
Mahu2021: bets 60
greek zante: calls 60
*** TURN *** [Td Qd 8s] [Kc]
greek zante: checks 
Mahu2021: checks 
*** RIVER *** [Td Qd 8s Kc] [9s]
greek zante: bets 30
Mahu2021: calls 30
*** SHOW DOWN ***
greek zante: shows [Qc 9h] (two pair, Queens and Nines)
Mahu2021: mucks hand 
greek zante collected 300 from pot
*** SUMMARY ***
Total pot 300 | Rake 0 
Board [Td Qd 8s Kc 9s]
Seat 1: Mahu2021 (button) (small blind) mucked [Qs 7h]
Seat 3: greek zante (big blind) showed [Qc 9h] and won (300) with two pair, Queens and Nines



PokerStars Hand #252941912560: Tournament #3812281017, $1.84+$0.16 USD Hold'em No Limit - Level II (15/30) - 2024/10/15 19:28:35 CET [2024/10/15 13:28:35 ET]
Table '3812281017 1' 3-max Seat #3 is the button
Seat 1: Mahu2021 (435 in chips) 
Seat 3: greek zante (1065 in chips) 
greek zante: posts small blind 15
Mahu2021: posts big blind 30
*** HOLE CARDS ***
Dealt to Mahu2021 [7s 7h]
greek zante: calls 15
Mahu2021: raises 405 to 435 and is all-in
greek zante: folds 
Uncalled bet (405) returned to Mahu2021
Mahu2021 collected 60 from pot
Mahu2021: doesn't show hand 
*** SUMMARY ***
Total pot 60 | Rake 0 
Seat 1: Mahu2021 (big blind) collected (60)
Seat 3: greek zante (button) (small blind) folded before Flop



PokerStars Hand #252941914537: Tournament #3812281017, $1.84+$0.16 USD Hold'em No Limit - Level II (15/30) - 2024/10/15 19:28:42 CET [2024/10/15 13:28:42 ET]
Table '3812281017 1' 3-max Seat #1 is the button
Seat 1: Mahu2021 (465 in chips) 
Seat 3: greek zante (1035 in chips) 
Mahu2021: posts small blind 15
greek zante: posts big blind 30
*** HOLE CARDS ***
Dealt to Mahu2021 [7d 9s]
Mahu2021: folds 
Uncalled bet (15) returned to greek zante
greek zante collected 30 from pot
*** SUMMARY ***
Total pot 30 | Rake 0 
Seat 1: Mahu2021 (button) (small blind) folded before Flop
Seat 3: greek zante (big blind) collected (30)



PokerStars Hand #252941915682: Tournament #3812281017, $1.84+$0.16 USD Hold'em No Limit - Level II (15/30) - 2024/10/15 19:28:46 CET [2024/10/15 13:28:46 ET]
Table '3812281017 1' 3-max Seat #3 is the button
Seat 1: Mahu2021 (450 in chips) 
Seat 3: greek zante (1050 in chips) 
greek zante: posts small blind 15
Mahu2021: posts big blind 30
*** HOLE CARDS ***
Dealt to Mahu2021 [3s 8c]
greek zante: calls 15
Mahu2021: checks 
*** FLOP *** [3d 7h 9d]
Mahu2021: checks 
greek zante: bets 30
Mahu2021: calls 30
*** TURN *** [3d 7h 9d] [5s]
Mahu2021: checks 
greek zante: checks 
*** RIVER *** [3d 7h 9d 5s] [6c]
Mahu2021: bets 120
greek zante: folds 
Uncalled bet (120) returned to Mahu2021
Mahu2021 collected 120 from pot
Mahu2021: doesn't show hand 
*** SUMMARY ***
Total pot 120 | Rake 0 
Board [3d 7h 9d 5s 6c]
Seat 1: Mahu2021 (big blind) collected (120)
Seat 3: greek zante (button) (small blind) folded on the River



PokerStars Hand #252941919547: Tournament #3812281017, $1.84+$0.16 USD Hold'em No Limit - Level II (15/30) - 2024/10/15 19:29:01 CET [2024/10/15 13:29:01 ET]
Table '3812281017 1' 3-max Seat #1 is the button
Seat 1: Mahu2021 (510 in chips) 
Seat 3: greek zante (990 in chips) 
Mahu2021: posts small blind 15
greek zante: posts big blind 30
*** HOLE CARDS ***
Dealt to Mahu2021 [2c 9s]
Mahu2021: folds 
Uncalled bet (15) returned to greek zante
greek zante collected 30 from pot
*** SUMMARY ***
Total pot 30 | Rake 0 
Seat 1: Mahu2021 (button) (small blind) folded before Flop
Seat 3: greek zante (big blind) collected (30)



PokerStars Hand #252941920533: Tournament #3812281017, $1.84+$0.16 USD Hold'em No Limit - Level II (15/30) - 2024/10/15 19:29:05 CET [2024/10/15 13:29:05 ET]
Table '3812281017 1' 3-max Seat #3 is the button
Seat 1: Mahu2021 (495 in chips) 
Seat 3: greek zante (1005 in chips) 
greek zante: posts small blind 15
Mahu2021: posts big blind 30
*** HOLE CARDS ***
Dealt to Mahu2021 [5s Qd]
greek zante: calls 15
Mahu2021: checks 
*** FLOP *** [Td 9c 5d]
Mahu2021: checks 
greek zante: bets 30
Mahu2021: calls 30
*** TURN *** [Td 9c 5d] [6h]
Mahu2021: checks 
greek zante: bets 60
Mahu2021: calls 60
*** RIVER *** [Td 9c 5d 6h] [4s]
Mahu2021: checks 
greek zante: bets 120
Mahu2021: folds 
Uncalled bet (120) returned to greek zante
greek zante collected 240 from pot
*** SUMMARY ***
Total pot 240 | Rake 0 
Board [Td 9c 5d 6h 4s]
Seat 1: Mahu2021 (big blind) folded on the River
Seat 3: greek zante (button) (small blind) collected (240)



PokerStars Hand #252941924952: Tournament #3812281017, $1.84+$0.16 USD Hold'em No Limit - Level II (15/30) - 2024/10/15 19:29:22 CET [2024/10/15 13:29:22 ET]
Table '3812281017 1' 3-max Seat #1 is the button
Seat 1: Mahu2021 (375 in chips) 
Seat 3: greek zante (1125 in chips) 
Mahu2021: posts small blind 15
greek zante: posts big blind 30
*** HOLE CARDS ***
Dealt to Mahu2021 [7s Tc]
Mahu2021: folds 
Uncalled bet (15) returned to greek zante
greek zante collected 30 from pot
*** SUMMARY ***
Total pot 30 | Rake 0 
Seat 1: Mahu2021 (button) (small blind) folded before Flop
Seat 3: greek zante (big blind) collected (30)



PokerStars Hand #252941926102: Tournament #3812281017, $1.84+$0.16 USD Hold'em No Limit - Level II (15/30) - 2024/10/15 19:29:27 CET [2024/10/15 13:29:27 ET]
Table '3812281017 1' 3-max Seat #3 is the button
Seat 1: Mahu2021 (360 in chips) 
Seat 3: greek zante (1140 in chips) 
greek zante: posts small blind 15
Mahu2021: posts big blind 30
*** HOLE CARDS ***
Dealt to Mahu2021 [Ts 8s]
greek zante: calls 15
Mahu2021: checks 
*** FLOP *** [Js Ks 6s]
Mahu2021: checks 
greek zante: checks 
*** TURN *** [Js Ks 6s] [6h]
Mahu2021: bets 30
greek zante: folds 
Uncalled bet (30) returned to Mahu2021
Mahu2021 collected 60 from pot
Mahu2021: doesn't show hand 
*** SUMMARY ***
Total pot 60 | Rake 0 
Board [Js Ks 6s 6h]
Seat 1: Mahu2021 (big blind) collected (60)
Seat 3: greek zante (button) (small blind) folded on the Turn



PokerStars Hand #252941928765: Tournament #3812281017, $1.84+$0.16 USD Hold'em No Limit - Level II (15/30) - 2024/10/15 19:29:37 CET [2024/10/15 13:29:37 ET]
Table '3812281017 1' 3-max Seat #1 is the button
Seat 1: Mahu2021 (390 in chips) 
Seat 3: greek zante (1110 in chips) 
Mahu2021: posts small blind 15
greek zante: posts big blind 30
*** HOLE CARDS ***
Dealt to Mahu2021 [6s 8d]
Mahu2021: folds 
Uncalled bet (15) returned to greek zante
greek zante collected 30 from pot
*** SUMMARY ***
Total pot 30 | Rake 0 
Seat 1: Mahu2021 (button) (small blind) folded before Flop
Seat 3: greek zante (big blind) collected (30)



PokerStars Hand #252941929799: Tournament #3812281017, $1.84+$0.16 USD Hold'em No Limit - Level II (15/30) - 2024/10/15 19:29:41 CET [2024/10/15 13:29:41 ET]
Table '3812281017 1' 3-max Seat #3 is the button
Seat 1: Mahu2021 (375 in chips) 
Seat 3: greek zante (1125 in chips) 
greek zante: posts small blind 15
Mahu2021: posts big blind 30
*** HOLE CARDS ***
Dealt to Mahu2021 [6s Jh]
greek zante: raises 30 to 60
Mahu2021: calls 30
*** FLOP *** [Js 4s 4h]
Mahu2021: bets 30
greek zante: calls 30
*** TURN *** [Js 4s 4h] [5c]
Mahu2021: bets 30
greek zante: folds 
Uncalled bet (30) returned to Mahu2021
Mahu2021 collected 180 from pot
Mahu2021: doesn't show hand 
*** SUMMARY ***
Total pot 180 | Rake 0 
Board [Js 4s 4h 5c]
Seat 1: Mahu2021 (big blind) collected (180)
Seat 3: greek zante (button) (small blind) folded on the Turn



PokerStars Hand #252941933954: Tournament #3812281017, $1.84+$0.16 USD Hold'em No Limit - Level II (15/30) - 2024/10/15 19:29:56 CET [2024/10/15 13:29:56 ET]
Table '3812281017 1' 3-max Seat #1 is the button
Seat 1: Mahu2021 (465 in chips) 
Seat 3: greek zante (1035 in chips) 
Mahu2021: posts small blind 15
greek zante: posts big blind 30
*** HOLE CARDS ***
Dealt to Mahu2021 [Ts Kd]
Mahu2021: raises 30 to 60
greek zante: raises 30 to 90
Mahu2021: calls 30
*** FLOP *** [Jd 4c Ac]
greek zante: bets 30
Mahu2021: calls 30
*** TURN *** [Jd 4c Ac] [8c]
greek zante: bets 30
Mahu2021: calls 30
*** RIVER *** [Jd 4c Ac 8c] [2d]
greek zante: checks 
Mahu2021: bets 315 and is all-in
greek zante: folds 
Uncalled bet (315) returned to Mahu2021
Mahu2021 collected 300 from pot
Mahu2021: doesn't show hand 
*** SUMMARY ***
Total pot 300 | Rake 0 
Board [Jd 4c Ac 8c 2d]
Seat 1: Mahu2021 (button) (small blind) collected (300)
Seat 3: greek zante (big blind) folded on the River



PokerStars Hand #252941938779: Tournament #3812281017, $1.84+$0.16 USD Hold'em No Limit - Level II (15/30) - 2024/10/15 19:30:14 CET [2024/10/15 13:30:14 ET]
Table '3812281017 1' 3-max Seat #3 is the button
Seat 1: Mahu2021 (615 in chips) 
Seat 3: greek zante (885 in chips) 
greek zante: posts small blind 15
Mahu2021: posts big blind 30
*** HOLE CARDS ***
Dealt to Mahu2021 [Ts 7h]
greek zante: raises 30 to 60
Mahu2021: folds 
Uncalled bet (30) returned to greek zante
greek zante collected 60 from pot
*** SUMMARY ***
Total pot 60 | Rake 0 
Seat 1: Mahu2021 (big blind) folded before Flop
Seat 3: greek zante (button) (small blind) collected (60)



PokerStars Hand #252941940145: Tournament #3812281017, $1.84+$0.16 USD Hold'em No Limit - Level II (15/30) - 2024/10/15 19:30:19 CET [2024/10/15 13:30:19 ET]
Table '3812281017 1' 3-max Seat #1 is the button
Seat 1: Mahu2021 (585 in chips) 
Seat 3: greek zante (915 in chips) 
Mahu2021: posts small blind 15
greek zante: posts big blind 30
*** HOLE CARDS ***
Dealt to Mahu2021 [3c 4h]
Mahu2021: calls 15
greek zante: checks 
*** FLOP *** [Kc 5c Ts]
greek zante: checks 
Mahu2021: bets 30
greek zante: calls 30
*** TURN *** [Kc 5c Ts] [Jc]
greek zante: checks 
Mahu2021: checks 
*** RIVER *** [Kc 5c Ts Jc] [8c]
greek zante: bets 30
Mahu2021: calls 30
*** SHOW DOWN ***
greek zante: shows [3h Jh] (a pair of Jacks)
Mahu2021: shows [3c 4h] (a flush, King high)
Mahu2021 collected 180 from pot
*** SUMMARY ***
Total pot 180 | Rake 0 
Board [Kc 5c Ts Jc 8c]
Seat 1: Mahu2021 (button) (small blind) showed [3c 4h] and won (180) with a flush, King high
Seat 3: greek zante (big blind) showed [3h Jh] and lost with a pair of Jacks



PokerStars Hand #252941943235: Tournament #3812281017, $1.84+$0.16 USD Hold'em No Limit - Level II (15/30) - 2024/10/15 19:30:31 CET [2024/10/15 13:30:31 ET]
Table '3812281017 1' 3-max Seat #3 is the button
Seat 1: Mahu2021 (675 in chips) 
Seat 3: greek zante (825 in chips) 
greek zante: posts small blind 15
Mahu2021: posts big blind 30
*** HOLE CARDS ***
Dealt to Mahu2021 [Qc 7d]
greek zante: calls 15
Mahu2021: checks 
*** FLOP *** [9c 3h 7s]
Mahu2021: checks 
greek zante: checks 
*** TURN *** [9c 3h 7s] [As]
Mahu2021: checks 
greek zante: checks 
*** RIVER *** [9c 3h 7s As] [Ah]
Mahu2021: checks 
greek zante: checks 
*** SHOW DOWN ***
Mahu2021: shows [Qc 7d] (two pair, Aces and Sevens)
greek zante: mucks hand 
Mahu2021 collected 60 from pot
*** SUMMARY ***
Total pot 60 | Rake 0 
Board [9c 3h 7s As Ah]
Seat 1: Mahu2021 (big blind) showed [Qc 7d] and won (60) with two pair, Aces and Sevens
Seat 3: greek zante (button) (small blind) mucked [4s Td]



PokerStars Hand #252941946390: Tournament #3812281017, $1.84+$0.16 USD Hold'em No Limit - Level II (15/30) - 2024/10/15 19:30:42 CET [2024/10/15 13:30:42 ET]
Table '3812281017 1' 3-max Seat #1 is the button
Seat 1: Mahu2021 (705 in chips) 
Seat 3: greek zante (795 in chips) 
Mahu2021: posts small blind 15
greek zante: posts big blind 30
*** HOLE CARDS ***
Dealt to Mahu2021 [Td 4s]
Mahu2021: folds 
Uncalled bet (15) returned to greek zante
greek zante collected 30 from pot
*** SUMMARY ***
Total pot 30 | Rake 0 
Seat 1: Mahu2021 (button) (small blind) folded before Flop
Seat 3: greek zante (big blind) collected (30)



PokerStars Hand #252941947422: Tournament #3812281017, $1.84+$0.16 USD Hold'em No Limit - Level II (15/30) - 2024/10/15 19:30:46 CET [2024/10/15 13:30:46 ET]
Table '3812281017 1' 3-max Seat #3 is the button
Seat 1: Mahu2021 (690 in chips) 
Seat 3: greek zante (810 in chips) 
greek zante: posts small blind 15
Mahu2021: posts big blind 30
*** HOLE CARDS ***
Dealt to Mahu2021 [Jc 6s]
greek zante: calls 15
Mahu2021: checks 
*** FLOP *** [8c 9h 7h]
Mahu2021: checks 
greek zante: bets 30
Mahu2021: calls 30
*** TURN *** [8c 9h 7h] [4d]
Mahu2021: checks 
greek zante: bets 30
Mahu2021: calls 30
*** RIVER *** [8c 9h 7h 4d] [Jh]
Mahu2021: checks 
greek zante: bets 30
Mahu2021: calls 30
*** SHOW DOWN ***
greek zante: shows [9d 2c] (a pair of Nines)
Mahu2021: shows [Jc 6s] (a pair of Jacks)
Mahu2021 collected 240 from pot
*** SUMMARY ***
Total pot 240 | Rake 0 
Board [8c 9h 7h 4d Jh]
Seat 1: Mahu2021 (big blind) showed [Jc 6s] and won (240) with a pair of Jacks
Seat 3: greek zante (button) (small blind) showed [9d 2c] and lost with a pair of Nines



PokerStars Hand #252941952178: Tournament #3812281017, $1.84+$0.16 USD Hold'em No Limit - Level III (20/40) - 2024/10/15 19:31:04 CET [2024/10/15 13:31:04 ET]
Table '3812281017 1' 3-max Seat #1 is the button
Seat 1: Mahu2021 (810 in chips) 
Seat 3: greek zante (690 in chips) 
Mahu2021: posts small blind 20
greek zante: posts big blind 40
*** HOLE CARDS ***
Dealt to Mahu2021 [9h 3c]
Mahu2021: folds 
Uncalled bet (20) returned to greek zante
greek zante collected 40 from pot
*** SUMMARY ***
Total pot 40 | Rake 0 
Seat 1: Mahu2021 (button) (small blind) folded before Flop
Seat 3: greek zante (big blind) collected (40)



PokerStars Hand #252941953308: Tournament #3812281017, $1.84+$0.16 USD Hold'em No Limit - Level III (20/40) - 2024/10/15 19:31:08 CET [2024/10/15 13:31:08 ET]
Table '3812281017 1' 3-max Seat #3 is the button
Seat 1: Mahu2021 (790 in chips) 
Seat 3: greek zante (710 in chips) 
greek zante: posts small blind 20
Mahu2021: posts big blind 40
*** HOLE CARDS ***
Dealt to Mahu2021 [9c 4d]
greek zante: raises 40 to 80
Mahu2021: folds 
Uncalled bet (40) returned to greek zante
greek zante collected 80 from pot
*** SUMMARY ***
Total pot 80 | Rake 0 
Seat 1: Mahu2021 (big blind) folded before Flop
Seat 3: greek zante (button) (small blind) collected (80)



PokerStars Hand #252941954687: Tournament #3812281017, $1.84+$0.16 USD Hold'em No Limit - Level III (20/40) - 2024/10/15 19:31:13 CET [2024/10/15 13:31:13 ET]
Table '3812281017 1' 3-max Seat #1 is the button
Seat 1: Mahu2021 (750 in chips) 
Seat 3: greek zante (750 in chips) 
Mahu2021: posts small blind 20
greek zante: posts big blind 40
*** HOLE CARDS ***
Dealt to Mahu2021 [9s 4s]
Mahu2021: calls 20
greek zante: checks 
*** FLOP *** [Jc 3h 5h]
greek zante: checks 
Mahu2021: checks 
*** TURN *** [Jc 3h 5h] [8h]
greek zante: checks 
Mahu2021: checks 
*** RIVER *** [Jc 3h 5h 8h] [Ts]
greek zante: checks 
Mahu2021: checks 
*** SHOW DOWN ***
greek zante: shows [Ad 9c] (high card Ace)
Mahu2021: mucks hand 
greek zante collected 80 from pot
*** SUMMARY ***
Total pot 80 | Rake 0 
Board [Jc 3h 5h 8h Ts]
Seat 1: Mahu2021 (button) (small blind) mucked [9s 4s]
Seat 3: greek zante (big blind) showed [Ad 9c] and won (80) with high card Ace



PokerStars Hand #252941958195: Tournament #3812281017, $1.84+$0.16 USD Hold'em No Limit - Level III (20/40) - 2024/10/15 19:31:26 CET [2024/10/15 13:31:26 ET]
Table '3812281017 1' 3-max Seat #3 is the button
Seat 1: Mahu2021 (710 in chips) 
Seat 3: greek zante (790 in chips) 
greek zante: posts small blind 20
Mahu2021: posts big blind 40
*** HOLE CARDS ***
Dealt to Mahu2021 [2s Jd]
greek zante: calls 20
Mahu2021: checks 
*** FLOP *** [3c Qs 2d]
Mahu2021: checks 
greek zante: checks 
*** TURN *** [3c Qs 2d] [8d]
Mahu2021: checks 
greek zante: checks 
*** RIVER *** [3c Qs 2d 8d] [Td]
Mahu2021: checks 
greek zante: checks 
*** SHOW DOWN ***
Mahu2021: shows [2s Jd] (a pair of Deuces)
greek zante: mucks hand 
Mahu2021 collected 80 from pot
*** SUMMARY ***
Total pot 80 | Rake 0 
Board [3c Qs 2d 8d Td]
Seat 1: Mahu2021 (big blind) showed [2s Jd] and won (80) with a pair of Deuces
Seat 3: greek zante (button) (small blind) mucked [2h 4s]



PokerStars Hand #252941963176: Tournament #3812281017, $1.84+$0.16 USD Hold'em No Limit - Level III (20/40) - 2024/10/15 19:31:44 CET [2024/10/15 13:31:44 ET]
Table '3812281017 1' 3-max Seat #1 is the button
Seat 1: Mahu2021 (750 in chips) 
Seat 3: greek zante (750 in chips) 
Mahu2021: posts small blind 20
greek zante: posts big blind 40
*** HOLE CARDS ***
Dealt to Mahu2021 [3c 7c]
Mahu2021: calls 20
greek zante: checks 
*** FLOP *** [6c Th 4d]
greek zante: checks 
Mahu2021: checks 
*** TURN *** [6c Th 4d] [8s]
greek zante: checks 
Mahu2021: checks 
*** RIVER *** [6c Th 4d 8s] [2c]
greek zante: checks 
Mahu2021: checks 
*** SHOW DOWN ***
greek zante: shows [9d 7h] (a straight, Six to Ten)
Mahu2021: mucks hand 
greek zante collected 80 from pot
*** SUMMARY ***
Total pot 80 | Rake 0 
Board [6c Th 4d 8s 2c]
Seat 1: Mahu2021 (button) (small blind) mucked [3c 7c]
Seat 3: greek zante (big blind) showed [9d 7h] and won (80) with a straight, Six to Ten



PokerStars Hand #252941968210: Tournament #3812281017, $1.84+$0.16 USD Hold'em No Limit - Level III (20/40) - 2024/10/15 19:32:03 CET [2024/10/15 13:32:03 ET]
Table '3812281017 1' 3-max Seat #3 is the button
Seat 1: Mahu2021 (710 in chips) 
Seat 3: greek zante (790 in chips) 
greek zante: posts small blind 20
Mahu2021: posts big blind 40
*** HOLE CARDS ***
Dealt to Mahu2021 [Kd 5c]
greek zante: calls 20
Mahu2021: checks 
*** FLOP *** [8d 5h 8s]
Mahu2021: bets 40
greek zante: folds 
Uncalled bet (40) returned to Mahu2021
Mahu2021 collected 80 from pot
Mahu2021: doesn't show hand 
*** SUMMARY ***
Total pot 80 | Rake 0 
Board [8d 5h 8s]
Seat 1: Mahu2021 (big blind) collected (80)
Seat 3: greek zante (button) (small blind) folded on the Flop



PokerStars Hand #252941970732: Tournament #3812281017, $1.84+$0.16 USD Hold'em No Limit - Level III (20/40) - 2024/10/15 19:32:12 CET [2024/10/15 13:32:12 ET]
Table '3812281017 1' 3-max Seat #1 is the button
Seat 1: Mahu2021 (750 in chips) 
Seat 3: greek zante (750 in chips) 
Mahu2021: posts small blind 20
greek zante: posts big blind 40
*** HOLE CARDS ***
Dealt to Mahu2021 [Kd 3d]
Mahu2021: raises 40 to 80
greek zante: calls 40
*** FLOP *** [2d 9d Th]
greek zante: checks 
Mahu2021: bets 80
greek zante: folds 
Uncalled bet (80) returned to Mahu2021
Mahu2021 collected 160 from pot
Mahu2021: doesn't show hand 
*** SUMMARY ***
Total pot 160 | Rake 0 
Board [2d 9d Th]
Seat 1: Mahu2021 (button) (small blind) collected (160)
Seat 3: greek zante (big blind) folded on the Flop



PokerStars Hand #252941973208: Tournament #3812281017, $1.84+$0.16 USD Hold'em No Limit - Level III (20/40) - 2024/10/15 19:32:21 CET [2024/10/15 13:32:21 ET]
Table '3812281017 1' 3-max Seat #3 is the button
Seat 1: Mahu2021 (830 in chips) 
Seat 3: greek zante (670 in chips) 
greek zante: posts small blind 20
Mahu2021: posts big blind 40
*** HOLE CARDS ***
Dealt to Mahu2021 [Jh Td]
greek zante: calls 20
Mahu2021: checks 
*** FLOP *** [Js 3c 8s]
Mahu2021: bets 40
greek zante: folds 
Uncalled bet (40) returned to Mahu2021
Mahu2021 collected 80 from pot
Mahu2021: doesn't show hand 
*** SUMMARY ***
Total pot 80 | Rake 0 
Board [Js 3c 8s]
Seat 1: Mahu2021 (big blind) collected (80)
Seat 3: greek zante (button) (small blind) folded on the Flop



PokerStars Hand #252941975208: Tournament #3812281017, $1.84+$0.16 USD Hold'em No Limit - Level III (20/40) - 2024/10/15 19:32:29 CET [2024/10/15 13:32:29 ET]
Table '3812281017 1' 3-max Seat #1 is the button
Seat 1: Mahu2021 (870 in chips) 
Seat 3: greek zante (630 in chips) 
Mahu2021: posts small blind 20
greek zante: posts big blind 40
*** HOLE CARDS ***
Dealt to Mahu2021 [Qc Kh]
Mahu2021: raises 40 to 80
greek zante: calls 40
*** FLOP *** [9h 7s 4s]
greek zante: checks 
Mahu2021: checks 
*** TURN *** [9h 7s 4s] [5h]
greek zante: checks 
Mahu2021: checks 
*** RIVER *** [9h 7s 4s 5h] [4c]
greek zante: checks 
Mahu2021: checks 
*** SHOW DOWN ***
greek zante: shows [3s 5c] (two pair, Fives and Fours)
Mahu2021: mucks hand 
greek zante collected 160 from pot
*** SUMMARY ***
Total pot 160 | Rake 0 
Board [9h 7s 4s 5h 4c]
Seat 1: Mahu2021 (button) (small blind) mucked [Qc Kh]
Seat 3: greek zante (big blind) showed [3s 5c] and won (160) with two pair, Fives and Fours



PokerStars Hand #252941978375: Tournament #3812281017, $1.84+$0.16 USD Hold'em No Limit - Level III (20/40) - 2024/10/15 19:32:40 CET [2024/10/15 13:32:40 ET]
Table '3812281017 1' 3-max Seat #3 is the button
Seat 1: Mahu2021 (790 in chips) 
Seat 3: greek zante (710 in chips) 
greek zante: posts small blind 20
Mahu2021: posts big blind 40
*** HOLE CARDS ***
Dealt to Mahu2021 [Th 8s]
greek zante: raises 40 to 80
Mahu2021: calls 40
*** FLOP *** [4c 3c Jc]
Mahu2021: checks 
greek zante: checks 
*** TURN *** [4c 3c Jc] [5c]
Mahu2021: checks 
greek zante: checks 
*** RIVER *** [4c 3c Jc 5c] [Qc]
Mahu2021: bets 160
greek zante: folds 
Uncalled bet (160) returned to Mahu2021
Mahu2021 collected 160 from pot
Mahu2021: doesn't show hand 
*** SUMMARY ***
Total pot 160 | Rake 0 
Board [4c 3c Jc 5c Qc]
Seat 1: Mahu2021 (big blind) collected (160)
Seat 3: greek zante (button) (small blind) folded on the River



PokerStars Hand #252941981285: Tournament #3812281017, $1.84+$0.16 USD Hold'em No Limit - Level III (20/40) - 2024/10/15 19:32:51 CET [2024/10/15 13:32:51 ET]
Table '3812281017 1' 3-max Seat #1 is the button
Seat 1: Mahu2021 (870 in chips) 
Seat 3: greek zante (630 in chips) 
Mahu2021: posts small blind 20
greek zante: posts big blind 40
*** HOLE CARDS ***
Dealt to Mahu2021 [4s 4c]
Mahu2021: raises 40 to 80
greek zante: calls 40
*** FLOP *** [9h Ac Ks]
greek zante: checks 
Mahu2021: bets 80
greek zante: folds 
Uncalled bet (80) returned to Mahu2021
Mahu2021 collected 160 from pot
Mahu2021: doesn't show hand 
*** SUMMARY ***
Total pot 160 | Rake 0 
Board [9h Ac Ks]
Seat 1: Mahu2021 (button) (small blind) collected (160)
Seat 3: greek zante (big blind) folded on the Flop



PokerStars Hand #252941983682: Tournament #3812281017, $1.84+$0.16 USD Hold'em No Limit - Level III (20/40) - 2024/10/15 19:33:00 CET [2024/10/15 13:33:00 ET]
Table '3812281017 1' 3-max Seat #3 is the button
Seat 1: Mahu2021 (950 in chips) 
Seat 3: greek zante (550 in chips) 
greek zante: posts small blind 20
Mahu2021: posts big blind 40
*** HOLE CARDS ***
Dealt to Mahu2021 [3c 7s]
greek zante: calls 20
Mahu2021: checks 
*** FLOP *** [Jd 4h 3d]
Mahu2021: bets 40
greek zante: raises 40 to 80
Mahu2021: folds 
Uncalled bet (40) returned to greek zante
greek zante collected 160 from pot
*** SUMMARY ***
Total pot 160 | Rake 0 
Board [Jd 4h 3d]
Seat 1: Mahu2021 (big blind) folded on the Flop
Seat 3: greek zante (button) (small blind) collected (160)



PokerStars Hand #252941986399: Tournament #3812281017, $1.84+$0.16 USD Hold'em No Limit - Level III (20/40) - 2024/10/15 19:33:10 CET [2024/10/15 13:33:10 ET]
Table '3812281017 1' 3-max Seat #1 is the button
Seat 1: Mahu2021 (870 in chips) 
Seat 3: greek zante (630 in chips) 
Mahu2021: posts small blind 20
greek zante: posts big blind 40
*** HOLE CARDS ***
Dealt to Mahu2021 [Qh 4h]
Mahu2021: raises 40 to 80
greek zante: calls 40
*** FLOP *** [9c Ts 7d]
greek zante: checks 
Mahu2021: checks 
*** TURN *** [9c Ts 7d] [Qs]
greek zante: bets 80
Mahu2021: calls 80
*** RIVER *** [9c Ts 7d Qs] [Jd]
greek zante: bets 160
Mahu2021: calls 160
*** SHOW DOWN ***
greek zante: shows [4c 6d] (high card Queen)
Mahu2021: shows [Qh 4h] (a pair of Queens)
Mahu2021 collected 640 from pot
*** SUMMARY ***
Total pot 640 | Rake 0 
Board [9c Ts 7d Qs Jd]
Seat 1: Mahu2021 (button) (small blind) showed [Qh 4h] and won (640) with a pair of Queens
Seat 3: greek zante (big blind) showed [4c 6d] and lost with high card Queen



PokerStars Hand #252941989924: Tournament #3812281017, $1.84+$0.16 USD Hold'em No Limit - Level III (20/40) - 2024/10/15 19:33:23 CET [2024/10/15 13:33:23 ET]
Table '3812281017 1' 3-max Seat #3 is the button
Seat 1: Mahu2021 (1190 in chips) 
Seat 3: greek zante (310 in chips) 
greek zante: posts small blind 20
Mahu2021: posts big blind 40
*** HOLE CARDS ***
Dealt to Mahu2021 [7s Ad]
greek zante: calls 20
Mahu2021: raises 1150 to 1190 and is all-in
greek zante: calls 270 and is all-in
Uncalled bet (880) returned to Mahu2021
*** FLOP *** [Kc Js 5s]
*** TURN *** [Kc Js 5s] [5h]
*** RIVER *** [Kc Js 5s 5h] [2c]
*** SHOW DOWN ***
Mahu2021: shows [7s Ad] (a pair of Fives)
greek zante: shows [5c Jc] (a full house, Fives full of Jacks)
greek zante collected 620 from pot
*** SUMMARY ***
Total pot 620 | Rake 0 
Board [Kc Js 5s 5h 2c]
Seat 1: Mahu2021 (big blind) showed [7s Ad] and lost with a pair of Fives
Seat 3: greek zante (button) (small blind) showed [5c Jc] and won (620) with a full house, Fives full of Jacks



PokerStars Hand #252941993989: Tournament #3812281017, $1.84+$0.16 USD Hold'em No Limit - Level III (20/40) - 2024/10/15 19:33:38 CET [2024/10/15 13:33:38 ET]
Table '3812281017 1' 3-max Seat #1 is the button
Seat 1: Mahu2021 (880 in chips) 
Seat 3: greek zante (620 in chips) 
Mahu2021: posts small blind 20
greek zante: posts big blind 40
*** HOLE CARDS ***
Dealt to Mahu2021 [Kc Td]
Mahu2021: raises 40 to 80
greek zante: calls 40
*** FLOP *** [2d Qd 6c]
greek zante: checks 
Mahu2021: bets 40
greek zante: calls 40
*** TURN *** [2d Qd 6c] [9d]
greek zante: checks 
Mahu2021: bets 40
greek zante: calls 40
*** RIVER *** [2d Qd 6c 9d] [Qs]
greek zante: checks 
Mahu2021: bets 320
greek zante: folds 
Uncalled bet (320) returned to Mahu2021
Mahu2021 collected 320 from pot
Mahu2021: doesn't show hand 
*** SUMMARY ***
Total pot 320 | Rake 0 
Board [2d Qd 6c 9d Qs]
Seat 1: Mahu2021 (button) (small blind) collected (320)
Seat 3: greek zante (big blind) folded on the River



PokerStars Hand #252942000936: Tournament #3812281017, $1.84+$0.16 USD Hold'em No Limit - Level IV (30/60) - 2024/10/15 19:34:04 CET [2024/10/15 13:34:04 ET]
Table '3812281017 1' 3-max Seat #3 is the button
Seat 1: Mahu2021 (1040 in chips) 
Seat 3: greek zante (460 in chips) 
greek zante: posts small blind 30
Mahu2021: posts big blind 60
*** HOLE CARDS ***
Dealt to Mahu2021 [8d 7d]
greek zante: calls 30
Mahu2021: checks 
*** FLOP *** [4h 5c 8c]
Mahu2021: bets 60
greek zante: folds 
Uncalled bet (60) returned to Mahu2021
Mahu2021 collected 120 from pot
Mahu2021: doesn't show hand 
*** SUMMARY ***
Total pot 120 | Rake 0 
Board [4h 5c 8c]
Seat 1: Mahu2021 (big blind) collected (120)
Seat 3: greek zante (button) (small blind) folded on the Flop



PokerStars Hand #252942003131: Tournament #3812281017, $1.84+$0.16 USD Hold'em No Limit - Level IV (30/60) - 2024/10/15 19:34:12 CET [2024/10/15 13:34:12 ET]
Table '3812281017 1' 3-max Seat #1 is the button
Seat 1: Mahu2021 (1100 in chips) 
Seat 3: greek zante (400 in chips) 
Mahu2021: posts small blind 30
greek zante: posts big blind 60
*** HOLE CARDS ***
Dealt to Mahu2021 [Ks Qd]
Mahu2021: raises 60 to 120
greek zante: calls 60
*** FLOP *** [6h Jc 2h]
greek zante: checks 
Mahu2021: checks 
*** TURN *** [6h Jc 2h] [Js]
greek zante: checks 
Mahu2021: checks 
*** RIVER *** [6h Jc 2h Js] [9h]
greek zante: checks 
Mahu2021: checks 
*** SHOW DOWN ***
greek zante: shows [4c 3h] (a pair of Jacks)
Mahu2021: shows [Ks Qd] (a pair of Jacks - King kicker)
Mahu2021 collected 240 from pot
*** SUMMARY ***
Total pot 240 | Rake 0 
Board [6h Jc 2h Js 9h]
Seat 1: Mahu2021 (button) (small blind) showed [Ks Qd] and won (240) with a pair of Jacks
Seat 3: greek zante (big blind) showed [4c 3h] and lost with a pair of Jacks



PokerStars Hand #252942005867: Tournament #3812281017, $1.84+$0.16 USD Hold'em No Limit - Level IV (30/60) - 2024/10/15 19:34:22 CET [2024/10/15 13:34:22 ET]
Table '3812281017 1' 3-max Seat #3 is the button
Seat 1: Mahu2021 (1220 in chips) 
Seat 3: greek zante (280 in chips) 
greek zante: posts small blind 30
Mahu2021: posts big blind 60
*** HOLE CARDS ***
Dealt to Mahu2021 [Th 7c]
greek zante: raises 60 to 120
Mahu2021: calls 60
*** FLOP *** [5h Qc 7d]
Mahu2021: bets 1100 and is all-in
greek zante: folds 
Uncalled bet (1100) returned to Mahu2021
Mahu2021 collected 240 from pot
Mahu2021: doesn't show hand 
*** SUMMARY ***
Total pot 240 | Rake 0 
Board [5h Qc 7d]
Seat 1: Mahu2021 (big blind) collected (240)
Seat 3: greek zante (button) (small blind) folded on the Flop



PokerStars Hand #252942008365: Tournament #3812281017, $1.84+$0.16 USD Hold'em No Limit - Level IV (30/60) - 2024/10/15 19:34:31 CET [2024/10/15 13:34:31 ET]
Table '3812281017 1' 3-max Seat #1 is the button
Seat 1: Mahu2021 (1340 in chips) 
Seat 3: greek zante (160 in chips) 
Mahu2021: posts small blind 30
greek zante: posts big blind 60
*** HOLE CARDS ***
Dealt to Mahu2021 [7h 3d]
Mahu2021: folds 
Uncalled bet (30) returned to greek zante
greek zante collected 60 from pot
*** SUMMARY ***
Total pot 60 | Rake 0 
Seat 1: Mahu2021 (button) (small blind) folded before Flop
Seat 3: greek zante (big blind) collected (60)



PokerStars Hand #252942009481: Tournament #3812281017, $1.84+$0.16 USD Hold'em No Limit - Level IV (30/60) - 2024/10/15 19:34:35 CET [2024/10/15 13:34:35 ET]
Table '3812281017 1' 3-max Seat #3 is the button
Seat 1: Mahu2021 (1310 in chips) 
Seat 3: greek zante (190 in chips) 
greek zante: posts small blind 30
Mahu2021: posts big blind 60
*** HOLE CARDS ***
Dealt to Mahu2021 [6d As]
greek zante: raises 60 to 120
Mahu2021: raises 1190 to 1310 and is all-in
greek zante: calls 70 and is all-in
Uncalled bet (1120) returned to Mahu2021
*** FLOP *** [3h 2h Td]
*** TURN *** [3h 2h Td] [Qd]
*** RIVER *** [3h 2h Td Qd] [5h]
*** SHOW DOWN ***
Mahu2021: shows [6d As] (high card Ace)
greek zante: shows [Tc Qh] (two pair, Queens and Tens)
greek zante collected 380 from pot
*** SUMMARY ***
Total pot 380 | Rake 0 
Board [3h 2h Td Qd 5h]
Seat 1: Mahu2021 (big blind) showed [6d As] and lost with high card Ace
Seat 3: greek zante (button) (small blind) showed [Tc Qh] and won (380) with two pair, Queens and Tens



PokerStars Hand #252942012761: Tournament #3812281017, $1.84+$0.16 USD Hold'em No Limit - Level IV (30/60) - 2024/10/15 19:34:48 CET [2024/10/15 13:34:48 ET]
Table '3812281017 1' 3-max Seat #1 is the button
Seat 1: Mahu2021 (1120 in chips) 
Seat 3: greek zante (380 in chips) 
Mahu2021: posts small blind 30
greek zante: posts big blind 60
*** HOLE CARDS ***
Dealt to Mahu2021 [9c 5s]
Mahu2021: folds 
Uncalled bet (30) returned to greek zante
greek zante collected 60 from pot
*** SUMMARY ***
Total pot 60 | Rake 0 
Seat 1: Mahu2021 (button) (small blind) folded before Flop
Seat 3: greek zante (big blind) collected (60)



PokerStars Hand #252942013829: Tournament #3812281017, $1.84+$0.16 USD Hold'em No Limit - Level IV (30/60) - 2024/10/15 19:34:52 CET [2024/10/15 13:34:52 ET]
Table '3812281017 1' 3-max Seat #3 is the button
Seat 1: Mahu2021 (1090 in chips) 
Seat 3: greek zante (410 in chips) 
greek zante: posts small blind 30
Mahu2021: posts big blind 60
*** HOLE CARDS ***
Dealt to Mahu2021 [7d 2s]
greek zante: calls 30
Mahu2021: checks 
*** FLOP *** [Jc 5h 8s]
Mahu2021: checks 
greek zante: checks 
*** TURN *** [Jc 5h 8s] [3s]
Mahu2021: checks 
greek zante: checks 
*** RIVER *** [Jc 5h 8s 3s] [6s]
Mahu2021: checks 
greek zante: checks 
*** SHOW DOWN ***
Mahu2021: shows [7d 2s] (high card Jack)
greek zante: shows [Qd 6h] (a pair of Sixes)
greek zante collected 120 from pot
*** SUMMARY ***
Total pot 120 | Rake 0 
Board [Jc 5h 8s 3s 6s]
Seat 1: Mahu2021 (big blind) showed [7d 2s] and lost with high card Jack
Seat 3: greek zante (button) (small blind) showed [Qd 6h] and won (120) with a pair of Sixes



PokerStars Hand #252942016450: Tournament #3812281017, $1.84+$0.16 USD Hold'em No Limit - Level IV (30/60) - 2024/10/15 19:35:01 CET [2024/10/15 13:35:01 ET]
Table '3812281017 1' 3-max Seat #1 is the button
Seat 1: Mahu2021 (1030 in chips) 
Seat 3: greek zante (470 in chips) 
Mahu2021: posts small blind 30
greek zante: posts big blind 60
*** HOLE CARDS ***
Dealt to Mahu2021 [5s 3s]
Mahu2021: calls 30
greek zante: checks 
*** FLOP *** [9s Qc Jc]
greek zante: checks 
Mahu2021: bets 60
greek zante: calls 60
*** TURN *** [9s Qc Jc] [8c]
greek zante: checks 
Mahu2021: checks 
*** RIVER *** [9s Qc Jc 8c] [4s]
greek zante: checks 
Mahu2021: checks 
*** SHOW DOWN ***
greek zante: shows [6h 9c] (a pair of Nines)
Mahu2021: mucks hand 
greek zante collected 240 from pot
*** SUMMARY ***
Total pot 240 | Rake 0 
Board [9s Qc Jc 8c 4s]
Seat 1: Mahu2021 (button) (small blind) mucked [5s 3s]
Seat 3: greek zante (big blind) showed [6h 9c] and won (240) with a pair of Nines



PokerStars Hand #252942019391: Tournament #3812281017, $1.84+$0.16 USD Hold'em No Limit - Level IV (30/60) - 2024/10/15 19:35:12 CET [2024/10/15 13:35:12 ET]
Table '3812281017 1' 3-max Seat #3 is the button
Seat 1: Mahu2021 (910 in chips) 
Seat 3: greek zante (590 in chips) 
greek zante: posts small blind 30
Mahu2021: posts big blind 60
*** HOLE CARDS ***
Dealt to Mahu2021 [6s 6d]
greek zante: calls 30
Mahu2021: raises 850 to 910 and is all-in
greek zante: calls 530 and is all-in
Uncalled bet (320) returned to Mahu2021
*** FLOP *** [Qc 9c Ks]
*** TURN *** [Qc 9c Ks] [3h]
*** RIVER *** [Qc 9c Ks 3h] [4c]
*** SHOW DOWN ***
Mahu2021: shows [6s 6d] (a pair of Sixes)
greek zante: shows [4d Qd] (two pair, Queens and Fours)
greek zante collected 1180 from pot
*** SUMMARY ***
Total pot 1180 | Rake 0 
Board [Qc 9c Ks 3h 4c]
Seat 1: Mahu2021 (big blind) showed [6s 6d] and lost with a pair of Sixes
Seat 3: greek zante (button) (small blind) showed [4d Qd] and won (1180) with two pair, Queens and Fours



PokerStars Hand #252942023094: Tournament #3812281017, $1.84+$0.16 USD Hold'em No Limit - Level IV (30/60) - 2024/10/15 19:35:26 CET [2024/10/15 13:35:26 ET]
Table '3812281017 1' 3-max Seat #1 is the button
Seat 1: Mahu2021 (320 in chips) 
Seat 3: greek zante (1180 in chips) 
Mahu2021: posts small blind 30
greek zante: posts big blind 60
*** HOLE CARDS ***
Dealt to Mahu2021 [Jh 3c]
Mahu2021: calls 30
greek zante: checks 
*** FLOP *** [Td 4h Ah]
greek zante: checks 
Mahu2021: checks 
*** TURN *** [Td 4h Ah] [6h]
greek zante: checks 
Mahu2021: checks 
*** RIVER *** [Td 4h Ah 6h] [Ts]
greek zante: checks 
Mahu2021: bets 60
greek zante: calls 60
*** SHOW DOWN ***
Mahu2021: shows [Jh 3c] (a pair of Tens)
greek zante: mucks hand 
Mahu2021 collected 240 from pot
*** SUMMARY ***
Total pot 240 | Rake 0 
Board [Td 4h Ah 6h Ts]
Seat 1: Mahu2021 (button) (small blind) showed [Jh 3c] and won (240) with a pair of Tens
Seat 3: greek zante (big blind) mucked [7c 2c]



PokerStars Hand #252942027324: Tournament #3812281017, $1.84+$0.16 USD Hold'em No Limit - Level IV (30/60) - 2024/10/15 19:35:42 CET [2024/10/15 13:35:42 ET]
Table '3812281017 1' 3-max Seat #3 is the button
Seat 1: Mahu2021 (440 in chips) 
Seat 3: greek zante (1060 in chips) 
greek zante: posts small blind 30
Mahu2021: posts big blind 60
*** HOLE CARDS ***
Dealt to Mahu2021 [2c 6h]
greek zante: calls 30
Mahu2021: checks 
*** FLOP *** [Js Tc 5d]
Mahu2021: checks 
greek zante: bets 60
Mahu2021: folds 
Uncalled bet (60) returned to greek zante
greek zante collected 120 from pot
*** SUMMARY ***
Total pot 120 | Rake 0 
Board [Js Tc 5d]
Seat 1: Mahu2021 (big blind) folded on the Flop
Seat 3: greek zante (button) (small blind) collected (120)



PokerStars Hand #252942029609: Tournament #3812281017, $1.84+$0.16 USD Hold'em No Limit - Level IV (30/60) - 2024/10/15 19:35:51 CET [2024/10/15 13:35:51 ET]
Table '3812281017 1' 3-max Seat #1 is the button
Seat 1: Mahu2021 (380 in chips) 
Seat 3: greek zante (1120 in chips) 
Mahu2021: posts small blind 30
greek zante: posts big blind 60
*** HOLE CARDS ***
Dealt to Mahu2021 [Qs 3d]
Mahu2021: calls 30
greek zante: raises 60 to 120
Mahu2021: calls 60
*** FLOP *** [Kh Th 2h]
greek zante: bets 60
Mahu2021: folds 
Uncalled bet (60) returned to greek zante
greek zante collected 240 from pot
*** SUMMARY ***
Total pot 240 | Rake 0 
Board [Kh Th 2h]
Seat 1: Mahu2021 (button) (small blind) folded on the Flop
Seat 3: greek zante (big blind) collected (240)



PokerStars Hand #252942031882: Tournament #3812281017, $1.84+$0.16 USD Hold'em No Limit - Level IV (30/60) - 2024/10/15 19:35:59 CET [2024/10/15 13:35:59 ET]
Table '3812281017 1' 3-max Seat #3 is the button
Seat 1: Mahu2021 (260 in chips) 
Seat 3: greek zante (1240 in chips) 
greek zante: posts small blind 30
Mahu2021: posts big blind 60
*** HOLE CARDS ***
Dealt to Mahu2021 [7d Qh]
greek zante: raises 60 to 120
Mahu2021: raises 140 to 260 and is all-in
greek zante: calls 140
*** FLOP *** [3d Ac 6d]
*** TURN *** [3d Ac 6d] [Tc]
*** RIVER *** [3d Ac 6d Tc] [6h]
*** SHOW DOWN ***
Mahu2021: shows [7d Qh] (a pair of Sixes)
greek zante: shows [8c Kc] (a pair of Sixes - Ace+King kicker)
greek zante collected 520 from pot
Mahu2021 finished the tournament in 2nd place
greek zante wins the tournament and receives $6.00 - congratulations!
*** SUMMARY ***
Total pot 520 | Rake 0 
Board [3d Ac 6d Tc 6h]
Seat 1: Mahu2021 (big blind) showed [7d Qh] and lost with a pair of Sixes
Seat 3: greek zante (button) (small blind) showed [8c Kc] and won (520) with a pair of Sixes



