PokerStars Hand #255769655927: Tournament #3880104884, $0.46+$0.04 USD Hold'em No Limit - Level I (10/20) - 2025/04/17 10:08:12 CET [2025/04/17 4:08:12 ET]
Table '3880104884 1' 3-max Seat #1 is the button
Seat 1: Campbell0305 (500 in chips) 
Seat 2: Mahu2021 (500 in chips) 
Seat 3: ShipThaShit (500 in chips) 
Mahu2021: posts small blind 10
ShipThaShit: posts big blind 20
*** HOLE CARDS ***
Dealt to Mahu2021 [3d Qh]
Campbell0305: raises 20 to 40
Mahu2021: folds 
ShipThaShit: calls 20
*** FLOP *** [7h Th 6c]
ShipThaShit: checks 
Campbell0305: checks 
*** TURN *** [7h Th 6c] [6h]
ShipThaShit: checks 
Campbell0305: bets 68
ShipThaShit: calls 68
*** RIVER *** [7h Th 6c 6h] [7c]
ShipThaShit: checks 
Campbell0305: bets 20
ShipThaShit: calls 20
*** SHOW DOWN ***
Campbell0305: shows [5s 6s] (a full house, Sixes full of Sevens)
ShipThaShit: mucks hand 
Campbell0305 collected 266 from pot
*** SUMMARY ***
Total pot 266 | Rake 0 
Board [7h Th 6c 6h 7c]
Seat 1: Campbell0305 (button) showed [5s 6s] and won (266) with a full house, Sixes full of Sevens
Seat 2: Mahu2021 (small blind) folded before Flop
Seat 3: ShipThaShit (big blind) mucked [Ah 2d]



PokerStars Hand #255769657537: Tournament #3880104884, $0.46+$0.04 USD Hold'em No Limit - Level I (10/20) - 2025/04/17 10:08:33 CET [2025/04/17 4:08:33 ET]
Table '3880104884 1' 3-max Seat #2 is the button
Seat 1: Campbell0305 (638 in chips) 
Seat 2: Mahu2021 (490 in chips) 
Seat 3: ShipThaShit (372 in chips) 
ShipThaShit: posts small blind 10
Campbell0305: posts big blind 20
*** HOLE CARDS ***
Dealt to Mahu2021 [Kh 2s]
Mahu2021: folds 
ShipThaShit: raises 20 to 40
Campbell0305: calls 20
*** FLOP *** [7h Jd As]
ShipThaShit: checks 
Campbell0305: checks 
*** TURN *** [7h Jd As] [8d]
ShipThaShit: checks 
Campbell0305: checks 
*** RIVER *** [7h Jd As 8d] [4d]
ShipThaShit: checks 
Campbell0305: checks 
*** SHOW DOWN ***
ShipThaShit: shows [6d Kc] (high card Ace)
Campbell0305: mucks hand 
ShipThaShit collected 80 from pot
*** SUMMARY ***
Total pot 80 | Rake 0 
Board [7h Jd As 8d 4d]
Seat 1: Campbell0305 (big blind) mucked [Qs 3s]
Seat 2: Mahu2021 (button) folded before Flop (didn't bet)
Seat 3: ShipThaShit (small blind) showed [6d Kc] and won (80) with high card Ace



PokerStars Hand #255769659044: Tournament #3880104884, $0.46+$0.04 USD Hold'em No Limit - Level I (10/20) - 2025/04/17 10:08:51 CET [2025/04/17 4:08:51 ET]
Table '3880104884 1' 3-max Seat #3 is the button
Seat 1: Campbell0305 (598 in chips) 
Seat 2: Mahu2021 (490 in chips) 
Seat 3: ShipThaShit (412 in chips) 
Campbell0305: posts small blind 10
Mahu2021: posts big blind 20
*** HOLE CARDS ***
Dealt to Mahu2021 [4c Ts]
ShipThaShit: calls 20
Campbell0305: calls 10
Mahu2021: checks 
*** FLOP *** [Ad 2d 5h]
Campbell0305: checks 
Mahu2021: checks 
ShipThaShit: checks 
*** TURN *** [Ad 2d 5h] [Qc]
Campbell0305: checks 
Mahu2021: checks 
ShipThaShit: checks 
*** RIVER *** [Ad 2d 5h Qc] [Jd]
Campbell0305: checks 
Mahu2021: checks 
ShipThaShit: checks 
*** SHOW DOWN ***
Campbell0305: shows [4h 4d] (a pair of Fours)
Mahu2021: mucks hand 
ShipThaShit: mucks hand 
Campbell0305 collected 60 from pot
*** SUMMARY ***
Total pot 60 | Rake 0 
Board [Ad 2d 5h Qc Jd]
Seat 1: Campbell0305 (small blind) showed [4h 4d] and won (60) with a pair of Fours
Seat 2: Mahu2021 (big blind) mucked [4c Ts]
Seat 3: ShipThaShit (button) mucked [9c 7s]



PokerStars Hand #255769661097: Tournament #3880104884, $0.46+$0.04 USD Hold'em No Limit - Level I (10/20) - 2025/04/17 10:09:18 CET [2025/04/17 4:09:18 ET]
Table '3880104884 1' 3-max Seat #1 is the button
Seat 1: Campbell0305 (638 in chips) 
Seat 2: Mahu2021 (470 in chips) 
Seat 3: ShipThaShit (392 in chips) 
Mahu2021: posts small blind 10
ShipThaShit: posts big blind 20
*** HOLE CARDS ***
Dealt to Mahu2021 [5s 9s]
Campbell0305: raises 30 to 50
Mahu2021: folds 
ShipThaShit: calls 30
*** FLOP *** [7h 5c Ac]
ShipThaShit: checks 
Campbell0305: bets 36
ShipThaShit: calls 36
*** TURN *** [7h 5c Ac] [5d]
ShipThaShit: checks 
Campbell0305: bets 91
ShipThaShit: calls 91
*** RIVER *** [7h 5c Ac 5d] [9h]
ShipThaShit: checks 
Campbell0305: checks 
*** SHOW DOWN ***
ShipThaShit: shows [4h Ad] (two pair, Aces and Fives)
Campbell0305: mucks hand 
ShipThaShit collected 364 from pot
*** SUMMARY ***
Total pot 364 | Rake 0 
Board [7h 5c Ac 5d 9h]
Seat 1: Campbell0305 (button) mucked [8d 8c]
Seat 2: Mahu2021 (small blind) folded before Flop
Seat 3: ShipThaShit (big blind) showed [4h Ad] and won (364) with two pair, Aces and Fives



PokerStars Hand #255769663101: Tournament #3880104884, $0.46+$0.04 USD Hold'em No Limit - Level I (10/20) - 2025/04/17 10:09:44 CET [2025/04/17 4:09:44 ET]
Table '3880104884 1' 3-max Seat #2 is the button
Seat 1: Campbell0305 (461 in chips) 
Seat 2: Mahu2021 (460 in chips) 
Seat 3: ShipThaShit (579 in chips) 
ShipThaShit: posts small blind 10
Campbell0305: posts big blind 20
*** HOLE CARDS ***
Dealt to Mahu2021 [5s 8s]
Mahu2021: folds 
ShipThaShit: calls 10
Campbell0305: checks 
*** FLOP *** [5h 9c 4h]
ShipThaShit: checks 
Campbell0305: bets 30
ShipThaShit: calls 30
*** TURN *** [5h 9c 4h] [6d]
ShipThaShit: checks 
Campbell0305: bets 75
ShipThaShit: calls 75
*** RIVER *** [5h 9c 4h 6d] [9h]
ShipThaShit: checks 
Campbell0305: bets 188
ShipThaShit: calls 188
*** SHOW DOWN ***
Campbell0305: shows [9d Th] (three of a kind, Nines)
ShipThaShit: shows [9s Jc] (three of a kind, Nines - Jack kicker)
ShipThaShit collected 626 from pot
*** SUMMARY ***
Total pot 626 | Rake 0 
Board [5h 9c 4h 6d 9h]
Seat 1: Campbell0305 (big blind) showed [9d Th] and lost with three of a kind, Nines
Seat 2: Mahu2021 (button) folded before Flop (didn't bet)
Seat 3: ShipThaShit (small blind) showed [9s Jc] and won (626) with three of a kind, Nines



PokerStars Hand #255769664629: Tournament #3880104884, $0.46+$0.04 USD Hold'em No Limit - Level I (10/20) - 2025/04/17 10:10:05 CET [2025/04/17 4:10:05 ET]
Table '3880104884 1' 3-max Seat #3 is the button
Seat 1: Campbell0305 (148 in chips) 
Seat 2: Mahu2021 (460 in chips) 
Seat 3: ShipThaShit (892 in chips) 
Campbell0305: posts small blind 10
Mahu2021: posts big blind 20
*** HOLE CARDS ***
Dealt to Mahu2021 [7d 5c]
ShipThaShit: calls 20
Campbell0305: folds 
Mahu2021: checks 
*** FLOP *** [6c 5d 7c]
Mahu2021: checks 
ShipThaShit: checks 
*** TURN *** [6c 5d 7c] [Td]
Mahu2021: bets 40
ShipThaShit: folds 
Uncalled bet (40) returned to Mahu2021
Mahu2021 collected 50 from pot
Mahu2021: doesn't show hand 
*** SUMMARY ***
Total pot 50 | Rake 0 
Board [6c 5d 7c Td]
Seat 1: Campbell0305 (small blind) folded before Flop
Seat 2: Mahu2021 (big blind) collected (50)
Seat 3: ShipThaShit (button) folded on the Turn



PokerStars Hand #255769666141: Tournament #3880104884, $0.46+$0.04 USD Hold'em No Limit - Level II (15/30) - 2025/04/17 10:10:25 CET [2025/04/17 4:10:25 ET]
Table '3880104884 1' 3-max Seat #1 is the button
Seat 1: Campbell0305 (138 in chips) 
Seat 2: Mahu2021 (490 in chips) 
Seat 3: ShipThaShit (872 in chips) 
Mahu2021: posts small blind 15
ShipThaShit: posts big blind 30
*** HOLE CARDS ***
Dealt to Mahu2021 [6h Js]
Campbell0305: raises 108 to 138 and is all-in
Mahu2021: folds 
ShipThaShit: folds 
Uncalled bet (108) returned to Campbell0305
Campbell0305 collected 75 from pot
Campbell0305: doesn't show hand 
*** SUMMARY ***
Total pot 75 | Rake 0 
Seat 1: Campbell0305 (button) collected (75)
Seat 2: Mahu2021 (small blind) folded before Flop
Seat 3: ShipThaShit (big blind) folded before Flop



PokerStars Hand #255769666667: Tournament #3880104884, $0.46+$0.04 USD Hold'em No Limit - Level II (15/30) - 2025/04/17 10:10:32 CET [2025/04/17 4:10:32 ET]
Table '3880104884 1' 3-max Seat #2 is the button
Seat 1: Campbell0305 (183 in chips) 
Seat 2: Mahu2021 (475 in chips) 
Seat 3: ShipThaShit (842 in chips) 
ShipThaShit: posts small blind 15
Campbell0305: posts big blind 30
*** HOLE CARDS ***
Dealt to Mahu2021 [3c 5d]
Mahu2021: folds 
ShipThaShit: calls 15
Campbell0305: checks 
*** FLOP *** [Kc Jc 6c]
ShipThaShit: checks 
Campbell0305: bets 30
ShipThaShit: calls 30
*** TURN *** [Kc Jc 6c] [Tc]
ShipThaShit: checks 
Campbell0305: checks 
*** RIVER *** [Kc Jc 6c Tc] [2s]
ShipThaShit: checks 
Campbell0305: checks 
*** SHOW DOWN ***
ShipThaShit: shows [5c 6h] (a flush, King high)
Campbell0305: mucks hand 
ShipThaShit collected 120 from pot
*** SUMMARY ***
Total pot 120 | Rake 0 
Board [Kc Jc 6c Tc 2s]
Seat 1: Campbell0305 (big blind) mucked [4d Jd]
Seat 2: Mahu2021 (button) folded before Flop (didn't bet)
Seat 3: ShipThaShit (small blind) showed [5c 6h] and won (120) with a flush, King high



PokerStars Hand #255769668055: Tournament #3880104884, $0.46+$0.04 USD Hold'em No Limit - Level II (15/30) - 2025/04/17 10:10:51 CET [2025/04/17 4:10:51 ET]
Table '3880104884 1' 3-max Seat #3 is the button
Seat 1: Campbell0305 (123 in chips) 
Seat 2: Mahu2021 (475 in chips) 
Seat 3: ShipThaShit (902 in chips) 
Campbell0305: posts small blind 15
Mahu2021: posts big blind 30
*** HOLE CARDS ***
Dealt to Mahu2021 [5h 9h]
ShipThaShit: folds 
Campbell0305: raises 93 to 123 and is all-in
Mahu2021: folds 
Uncalled bet (93) returned to Campbell0305
Campbell0305 collected 60 from pot
Campbell0305: doesn't show hand 
*** SUMMARY ***
Total pot 60 | Rake 0 
Seat 1: Campbell0305 (small blind) collected (60)
Seat 2: Mahu2021 (big blind) folded before Flop
Seat 3: ShipThaShit (button) folded before Flop (didn't bet)



PokerStars Hand #255769668757: Tournament #3880104884, $0.46+$0.04 USD Hold'em No Limit - Level II (15/30) - 2025/04/17 10:11:00 CET [2025/04/17 4:11:00 ET]
Table '3880104884 1' 3-max Seat #1 is the button
Seat 1: Campbell0305 (153 in chips) 
Seat 2: Mahu2021 (445 in chips) 
Seat 3: ShipThaShit (902 in chips) 
Mahu2021: posts small blind 15
ShipThaShit: posts big blind 30
*** HOLE CARDS ***
Dealt to Mahu2021 [9d As]
Campbell0305: raises 123 to 153 and is all-in
Mahu2021: calls 138
ShipThaShit: folds 
*** FLOP *** [4h 7d 8h]
*** TURN *** [4h 7d 8h] [Tc]
*** RIVER *** [4h 7d 8h Tc] [4d]
*** SHOW DOWN ***
Mahu2021: shows [9d As] (a pair of Fours)
Campbell0305: shows [Ac 9s] (a pair of Fours)
Mahu2021 collected 168 from pot
Campbell0305 collected 168 from pot
*** SUMMARY ***
Total pot 336 | Rake 0 
Board [4h 7d 8h Tc 4d]
Seat 1: Campbell0305 (button) showed [Ac 9s] and won (168) with a pair of Fours
Seat 2: Mahu2021 (small blind) showed [9d As] and won (168) with a pair of Fours
Seat 3: ShipThaShit (big blind) folded before Flop



PokerStars Hand #255769669926: Tournament #3880104884, $0.46+$0.04 USD Hold'em No Limit - Level II (15/30) - 2025/04/17 10:11:15 CET [2025/04/17 4:11:15 ET]
Table '3880104884 1' 3-max Seat #2 is the button
Seat 1: Campbell0305 (168 in chips) 
Seat 2: Mahu2021 (460 in chips) 
Seat 3: ShipThaShit (872 in chips) 
ShipThaShit: posts small blind 15
Campbell0305: posts big blind 30
*** HOLE CARDS ***
Dealt to Mahu2021 [4h 3s]
Mahu2021: folds 
ShipThaShit: folds 
Uncalled bet (15) returned to Campbell0305
Campbell0305 collected 30 from pot
Campbell0305: doesn't show hand 
*** SUMMARY ***
Total pot 30 | Rake 0 
Seat 1: Campbell0305 (big blind) collected (30)
Seat 2: Mahu2021 (button) folded before Flop (didn't bet)
Seat 3: ShipThaShit (small blind) folded before Flop



PokerStars Hand #255769670515: Tournament #3880104884, $0.46+$0.04 USD Hold'em No Limit - Level II (15/30) - 2025/04/17 10:11:22 CET [2025/04/17 4:11:22 ET]
Table '3880104884 1' 3-max Seat #3 is the button
Seat 1: Campbell0305 (183 in chips) 
Seat 2: Mahu2021 (460 in chips) 
Seat 3: ShipThaShit (857 in chips) 
Campbell0305: posts small blind 15
Mahu2021: posts big blind 30
*** HOLE CARDS ***
Dealt to Mahu2021 [7h 8h]
ShipThaShit: raises 30 to 60
Campbell0305: folds 
Mahu2021: calls 30
*** FLOP *** [Ts Tc 3c]
Mahu2021: checks 
ShipThaShit: checks 
*** TURN *** [Ts Tc 3c] [Th]
Mahu2021: checks 
ShipThaShit: checks 
*** RIVER *** [Ts Tc 3c Th] [2c]
Mahu2021: bets 60
ShipThaShit: folds 
Uncalled bet (60) returned to Mahu2021
Mahu2021 collected 135 from pot
Mahu2021: doesn't show hand 
*** SUMMARY ***
Total pot 135 | Rake 0 
Board [Ts Tc 3c Th 2c]
Seat 1: Campbell0305 (small blind) folded before Flop
Seat 2: Mahu2021 (big blind) collected (135)
Seat 3: ShipThaShit (button) folded on the River



PokerStars Hand #255769671870: Tournament #3880104884, $0.46+$0.04 USD Hold'em No Limit - Level II (15/30) - 2025/04/17 10:11:40 CET [2025/04/17 4:11:40 ET]
Table '3880104884 1' 3-max Seat #1 is the button
Seat 1: Campbell0305 (168 in chips) 
Seat 2: Mahu2021 (535 in chips) 
Seat 3: ShipThaShit (797 in chips) 
Mahu2021: posts small blind 15
ShipThaShit: posts big blind 30
*** HOLE CARDS ***
Dealt to Mahu2021 [9d 9s]
Campbell0305: folds 
Mahu2021: raises 30 to 60
ShipThaShit: calls 30
*** FLOP *** [4c 7d Js]
Mahu2021: bets 60
ShipThaShit: calls 60
*** TURN *** [4c 7d Js] [8d]
Mahu2021: bets 120
ShipThaShit: calls 120
*** RIVER *** [4c 7d Js 8d] [Ks]
Mahu2021: checks 
ShipThaShit: bets 210
Mahu2021: calls 210
*** SHOW DOWN ***
ShipThaShit: shows [5h 6s] (a straight, Four to Eight)
Mahu2021: mucks hand 
ShipThaShit collected 900 from pot
*** SUMMARY ***
Total pot 900 | Rake 0 
Board [4c 7d Js 8d Ks]
Seat 1: Campbell0305 (button) folded before Flop (didn't bet)
Seat 2: Mahu2021 (small blind) mucked [9d 9s]
Seat 3: ShipThaShit (big blind) showed [5h 6s] and won (900) with a straight, Four to Eight



PokerStars Hand #255769673909: Tournament #3880104884, $0.46+$0.04 USD Hold'em No Limit - Level II (15/30) - 2025/04/17 10:12:07 CET [2025/04/17 4:12:07 ET]
Table '3880104884 1' 3-max Seat #2 is the button
Seat 1: Campbell0305 (168 in chips) 
Seat 2: Mahu2021 (85 in chips) 
Seat 3: ShipThaShit (1247 in chips) 
ShipThaShit: posts small blind 15
Campbell0305: posts big blind 30
*** HOLE CARDS ***
Dealt to Mahu2021 [As 7d]
Mahu2021: raises 55 to 85 and is all-in
ShipThaShit: calls 70
Campbell0305: folds 
*** FLOP *** [6c 4s Kc]
*** TURN *** [6c 4s Kc] [2h]
*** RIVER *** [6c 4s Kc 2h] [Qs]
*** SHOW DOWN ***
ShipThaShit: shows [3d 9d] (high card King)
Mahu2021: shows [As 7d] (high card Ace)
Mahu2021 collected 200 from pot
*** SUMMARY ***
Total pot 200 | Rake 0 
Board [6c 4s Kc 2h Qs]
Seat 1: Campbell0305 (big blind) folded before Flop
Seat 2: Mahu2021 (button) showed [As 7d] and won (200) with high card Ace
Seat 3: ShipThaShit (small blind) showed [3d 9d] and lost with high card King



PokerStars Hand #255769675444: Tournament #3880104884, $0.46+$0.04 USD Hold'em No Limit - Level III (20/40) - 2025/04/17 10:12:27 CET [2025/04/17 4:12:27 ET]
Table '3880104884 1' 3-max Seat #3 is the button
Seat 1: Campbell0305 (138 in chips) 
Seat 2: Mahu2021 (200 in chips) 
Seat 3: ShipThaShit (1162 in chips) 
Campbell0305: posts small blind 20
Mahu2021: posts big blind 40
*** HOLE CARDS ***
Dealt to Mahu2021 [Jc 3h]
ShipThaShit: raises 40 to 80
Campbell0305: folds 
Mahu2021: folds 
Uncalled bet (40) returned to ShipThaShit
ShipThaShit collected 100 from pot
ShipThaShit: doesn't show hand 
*** SUMMARY ***
Total pot 100 | Rake 0 
Seat 1: Campbell0305 (small blind) folded before Flop
Seat 2: Mahu2021 (big blind) folded before Flop
Seat 3: ShipThaShit (button) collected (100)



PokerStars Hand #255769675909: Tournament #3880104884, $0.46+$0.04 USD Hold'em No Limit - Level III (20/40) - 2025/04/17 10:12:33 CET [2025/04/17 4:12:33 ET]
Table '3880104884 1' 3-max Seat #1 is the button
Seat 1: Campbell0305 (118 in chips) 
Seat 2: Mahu2021 (160 in chips) 
Seat 3: ShipThaShit (1222 in chips) 
Mahu2021: posts small blind 20
ShipThaShit: posts big blind 40
*** HOLE CARDS ***
Dealt to Mahu2021 [Kc 7h]
Campbell0305: folds 
Mahu2021: raises 120 to 160 and is all-in
ShipThaShit: calls 120
*** FLOP *** [Js Kh 2c]
*** TURN *** [Js Kh 2c] [9h]
*** RIVER *** [Js Kh 2c 9h] [As]
*** SHOW DOWN ***
Mahu2021: shows [Kc 7h] (a pair of Kings)
ShipThaShit: shows [Ts Ac] (a pair of Aces)
ShipThaShit collected 320 from pot
Mahu2021 finished the tournament in 3rd place
*** SUMMARY ***
Total pot 320 | Rake 0 
Board [Js Kh 2c 9h As]
Seat 1: Campbell0305 (button) folded before Flop (didn't bet)
Seat 2: Mahu2021 (small blind) showed [Kc 7h] and lost with a pair of Kings
Seat 3: ShipThaShit (big blind) showed [Ts Ac] and won (320) with a pair of Aces



