PokerStars Hand #247110840958: Tournament #3673246851, $1.84+$0.16 USD Hold'em No Limit - Level I (10/20) - 2023/11/14 21:47:55 CET [2023/11/14 15:47:55 ET]
Table '3673246851 1' 3-max Seat #1 is the button
Seat 1: baczek77 (500 in chips) 
Seat 2: Payback1201 (500 in chips) 
Seat 3: Mahu2021 (500 in chips) 
Payback1201: posts small blind 10
Mahu2021: posts big blind 20
*** HOLE CARDS ***
Dealt to Mahu2021 [3s Qh]
baczek77: folds 
Payback1201: raises 20 to 40
Mahu2021: calls 20
*** FLOP *** [4s Jh 6h]
Payback1201: bets 26
Mahu2021: folds 
Uncalled bet (26) returned to Payback1201
Payback1201 collected 80 from pot
Payback1201: doesn't show hand 
*** SUMMARY ***
Total pot 80 | Rake 0 
Board [4s Jh 6h]
Seat 1: baczek77 (button) folded before Flop (didn't bet)
Seat 2: Payback1201 (small blind) collected (80)
Seat 3: Mahu2021 (big blind) folded on the Flop



PokerStars Hand #247110848117: Tournament #3673246851, $1.84+$0.16 USD Hold'em No Limit - Level I (10/20) - 2023/11/14 21:48:15 CET [2023/11/14 15:48:15 ET]
Table '3673246851 1' 3-max Seat #2 is the button
Seat 1: baczek77 (500 in chips) 
Seat 2: Payback1201 (540 in chips) 
Seat 3: Mahu2021 (460 in chips) 
Mahu2021: posts small blind 10
baczek77: posts big blind 20
*** HOLE CARDS ***
Dealt to Mahu2021 [7d Ks]
Payback1201: raises 20 to 40
Mahu2021: folds 
baczek77: folds 
Uncalled bet (20) returned to Payback1201
Payback1201 collected 50 from pot
Payback1201: doesn't show hand 
*** SUMMARY ***
Total pot 50 | Rake 0 
Seat 1: baczek77 (big blind) folded before Flop
Seat 2: Payback1201 (button) collected (50)
Seat 3: Mahu2021 (small blind) folded before Flop



PokerStars Hand #247110850379: Tournament #3673246851, $1.84+$0.16 USD Hold'em No Limit - Level I (10/20) - 2023/11/14 21:48:21 CET [2023/11/14 15:48:21 ET]
Table '3673246851 1' 3-max Seat #3 is the button
Seat 1: baczek77 (480 in chips) 
Seat 2: Payback1201 (570 in chips) 
Seat 3: Mahu2021 (450 in chips) 
baczek77: posts small blind 10
Payback1201: posts big blind 20
*** HOLE CARDS ***
Dealt to Mahu2021 [5s 8s]
Mahu2021: folds 
baczek77: calls 10
Payback1201: raises 40 to 60
baczek77: calls 40
*** FLOP *** [Td 7s Qh]
baczek77: checks 
Payback1201: bets 40
baczek77: folds 
Uncalled bet (40) returned to Payback1201
Payback1201 collected 120 from pot
Payback1201: doesn't show hand 
*** SUMMARY ***
Total pot 120 | Rake 0 
Board [Td 7s Qh]
Seat 1: baczek77 (small blind) folded on the Flop
Seat 2: Payback1201 (big blind) collected (120)
Seat 3: Mahu2021 (button) folded before Flop (didn't bet)



PokerStars Hand #247110860359: Tournament #3673246851, $1.84+$0.16 USD Hold'em No Limit - Level I (10/20) - 2023/11/14 21:48:50 CET [2023/11/14 15:48:50 ET]
Table '3673246851 1' 3-max Seat #1 is the button
Seat 1: baczek77 (420 in chips) 
Seat 2: Payback1201 (630 in chips) 
Seat 3: Mahu2021 (450 in chips) 
Payback1201: posts small blind 10
Mahu2021: posts big blind 20
*** HOLE CARDS ***
Dealt to Mahu2021 [Qh 7d]
baczek77: folds 
Payback1201: raises 20 to 40
Mahu2021: calls 20
*** FLOP *** [5d Ts As]
Payback1201: bets 26
Mahu2021: raises 54 to 80
Payback1201: calls 54
*** TURN *** [5d Ts As] [8c]
Payback1201: checks 
Mahu2021: bets 140
Payback1201: raises 140 to 280
Mahu2021: folds 
Uncalled bet (140) returned to Payback1201
Payback1201 collected 520 from pot
Payback1201: doesn't show hand 
*** SUMMARY ***
Total pot 520 | Rake 0 
Board [5d Ts As 8c]
Seat 1: baczek77 (button) folded before Flop (didn't bet)
Seat 2: Payback1201 (small blind) collected (520)
Seat 3: Mahu2021 (big blind) folded on the Turn



PokerStars Hand #247110872607: Tournament #3673246851, $1.84+$0.16 USD Hold'em No Limit - Level I (10/20) - 2023/11/14 21:49:24 CET [2023/11/14 15:49:24 ET]
Table '3673246851 1' 3-max Seat #2 is the button
Seat 1: baczek77 (420 in chips) 
Seat 2: Payback1201 (890 in chips) 
Seat 3: Mahu2021 (190 in chips) 
Mahu2021: posts small blind 10
baczek77: posts big blind 20
*** HOLE CARDS ***
Dealt to Mahu2021 [7d 3h]
Payback1201: raises 20 to 40
Mahu2021: folds 
baczek77: calls 20
*** FLOP *** [5h 9h 4c]
baczek77: checks 
Payback1201: bets 30
baczek77: folds 
Uncalled bet (30) returned to Payback1201
Payback1201 collected 90 from pot
Payback1201: doesn't show hand 
*** SUMMARY ***
Total pot 90 | Rake 0 
Board [5h 9h 4c]
Seat 1: baczek77 (big blind) folded on the Flop
Seat 2: Payback1201 (button) collected (90)
Seat 3: Mahu2021 (small blind) folded before Flop



PokerStars Hand #247110879709: Tournament #3673246851, $1.84+$0.16 USD Hold'em No Limit - Level I (10/20) - 2023/11/14 21:49:45 CET [2023/11/14 15:49:45 ET]
Table '3673246851 1' 3-max Seat #3 is the button
Seat 1: baczek77 (380 in chips) 
Seat 2: Payback1201 (940 in chips) 
Seat 3: Mahu2021 (180 in chips) 
baczek77: posts small blind 10
Payback1201: posts big blind 20
*** HOLE CARDS ***
Dealt to Mahu2021 [6d Js]
Mahu2021: folds 
baczek77: raises 20 to 40
Payback1201: calls 20
*** FLOP *** [4d 4s 3s]
baczek77: bets 80
Payback1201: calls 80
*** TURN *** [4d 4s 3s] [8h]
baczek77: bets 240
Payback1201: folds 
Uncalled bet (240) returned to baczek77
baczek77 collected 240 from pot
*** SUMMARY ***
Total pot 240 | Rake 0 
Board [4d 4s 3s 8h]
Seat 1: baczek77 (small blind) collected (240)
Seat 2: Payback1201 (big blind) folded on the Turn
Seat 3: Mahu2021 (button) folded before Flop (didn't bet)



PokerStars Hand #247110890590: Tournament #3673246851, $1.84+$0.16 USD Hold'em No Limit - Level II (15/30) - 2023/11/14 21:50:16 CET [2023/11/14 15:50:16 ET]
Table '3673246851 1' 3-max Seat #1 is the button
Seat 1: baczek77 (500 in chips) 
Seat 2: Payback1201 (820 in chips) 
Seat 3: Mahu2021 (180 in chips) 
Payback1201: posts small blind 15
Mahu2021: posts big blind 30
*** HOLE CARDS ***
Dealt to Mahu2021 [2c 8c]
baczek77: raises 75 to 105
Payback1201: folds 
Mahu2021: folds 
Uncalled bet (75) returned to baczek77
baczek77 collected 75 from pot
*** SUMMARY ***
Total pot 75 | Rake 0 
Seat 1: baczek77 (button) collected (75)
Seat 2: Payback1201 (small blind) folded before Flop
Seat 3: Mahu2021 (big blind) folded before Flop



PokerStars Hand #247110892892: Tournament #3673246851, $1.84+$0.16 USD Hold'em No Limit - Level II (15/30) - 2023/11/14 21:50:23 CET [2023/11/14 15:50:23 ET]
Table '3673246851 1' 3-max Seat #2 is the button
Seat 1: baczek77 (545 in chips) 
Seat 2: Payback1201 (805 in chips) 
Seat 3: Mahu2021 (150 in chips) 
Mahu2021: posts small blind 15
baczek77: posts big blind 30
*** HOLE CARDS ***
Dealt to Mahu2021 [3s Kd]
Payback1201: folds 
Mahu2021: raises 120 to 150 and is all-in
baczek77: folds 
Uncalled bet (120) returned to Mahu2021
Mahu2021 collected 60 from pot
Mahu2021: doesn't show hand 
*** SUMMARY ***
Total pot 60 | Rake 0 
Seat 1: baczek77 (big blind) folded before Flop
Seat 2: Payback1201 (button) folded before Flop (didn't bet)
Seat 3: Mahu2021 (small blind) collected (60)



PokerStars Hand #247110899073: Tournament #3673246851, $1.84+$0.16 USD Hold'em No Limit - Level II (15/30) - 2023/11/14 21:50:40 CET [2023/11/14 15:50:40 ET]
Table '3673246851 1' 3-max Seat #3 is the button
Seat 1: baczek77 (515 in chips) 
Seat 2: Payback1201 (805 in chips) 
Seat 3: Mahu2021 (180 in chips) 
baczek77: posts small blind 15
Payback1201: posts big blind 30
*** HOLE CARDS ***
Dealt to Mahu2021 [Th 6h]
Mahu2021: folds 
baczek77: calls 15
Payback1201: checks 
*** FLOP *** [4c 4h 2d]
baczek77: checks 
Payback1201: bets 30
baczek77: folds 
Uncalled bet (30) returned to Payback1201
Payback1201 collected 60 from pot
Payback1201: doesn't show hand 
*** SUMMARY ***
Total pot 60 | Rake 0 
Board [4c 4h 2d]
Seat 1: baczek77 (small blind) folded on the Flop
Seat 2: Payback1201 (big blind) collected (60)
Seat 3: Mahu2021 (button) folded before Flop (didn't bet)



PokerStars Hand #247110907402: Tournament #3673246851, $1.84+$0.16 USD Hold'em No Limit - Level II (15/30) - 2023/11/14 21:51:03 CET [2023/11/14 15:51:03 ET]
Table '3673246851 1' 3-max Seat #1 is the button
Seat 1: baczek77 (485 in chips) 
Seat 2: Payback1201 (835 in chips) 
Seat 3: Mahu2021 (180 in chips) 
Payback1201: posts small blind 15
Mahu2021: posts big blind 30
*** HOLE CARDS ***
Dealt to Mahu2021 [8h 3h]
baczek77: folds 
Payback1201: folds 
Uncalled bet (15) returned to Mahu2021
Mahu2021 collected 30 from pot
Mahu2021: doesn't show hand 
*** SUMMARY ***
Total pot 30 | Rake 0 
Seat 1: baczek77 (button) folded before Flop (didn't bet)
Seat 2: Payback1201 (small blind) folded before Flop
Seat 3: Mahu2021 (big blind) collected (30)



PokerStars Hand #247110909461: Tournament #3673246851, $1.84+$0.16 USD Hold'em No Limit - Level II (15/30) - 2023/11/14 21:51:09 CET [2023/11/14 15:51:09 ET]
Table '3673246851 1' 3-max Seat #2 is the button
Seat 1: baczek77 (485 in chips) 
Seat 2: Payback1201 (820 in chips) 
Seat 3: Mahu2021 (195 in chips) 
Mahu2021: posts small blind 15
baczek77: posts big blind 30
*** HOLE CARDS ***
Dealt to Mahu2021 [9c Kh]
Payback1201: raises 30 to 60
Mahu2021: calls 45
baczek77: calls 30
*** FLOP *** [5s 7h 4h]
Mahu2021: checks 
baczek77: bets 425 and is all-in
Payback1201: folds 
Mahu2021: folds 
Uncalled bet (425) returned to baczek77
baczek77 collected 180 from pot
*** SUMMARY ***
Total pot 180 | Rake 0 
Board [5s 7h 4h]
Seat 1: baczek77 (big blind) collected (180)
Seat 2: Payback1201 (button) folded on the Flop
Seat 3: Mahu2021 (small blind) folded on the Flop



PokerStars Hand #247110915936: Tournament #3673246851, $1.84+$0.16 USD Hold'em No Limit - Level II (15/30) - 2023/11/14 21:51:27 CET [2023/11/14 15:51:27 ET]
Table '3673246851 1' 3-max Seat #3 is the button
Seat 1: baczek77 (605 in chips) 
Seat 2: Payback1201 (760 in chips) 
Seat 3: Mahu2021 (135 in chips) 
baczek77: posts small blind 15
Payback1201: posts big blind 30
*** HOLE CARDS ***
Dealt to Mahu2021 [3d 8c]
Mahu2021: folds 
baczek77: raises 575 to 605 and is all-in
Payback1201: folds 
Uncalled bet (575) returned to baczek77
baczek77 collected 60 from pot
*** SUMMARY ***
Total pot 60 | Rake 0 
Seat 1: baczek77 (small blind) collected (60)
Seat 2: Payback1201 (big blind) folded before Flop
Seat 3: Mahu2021 (button) folded before Flop (didn't bet)



PokerStars Hand #247110918744: Tournament #3673246851, $1.84+$0.16 USD Hold'em No Limit - Level II (15/30) - 2023/11/14 21:51:35 CET [2023/11/14 15:51:35 ET]
Table '3673246851 1' 3-max Seat #1 is the button
Seat 1: baczek77 (635 in chips) 
Seat 2: Payback1201 (730 in chips) 
Seat 3: Mahu2021 (135 in chips) 
Payback1201: posts small blind 15
Mahu2021: posts big blind 30
*** HOLE CARDS ***
Dealt to Mahu2021 [5c Jd]
baczek77: raises 605 to 635 and is all-in
Payback1201: folds 
Mahu2021: folds 
Uncalled bet (605) returned to baczek77
baczek77 collected 75 from pot
*** SUMMARY ***
Total pot 75 | Rake 0 
Seat 1: baczek77 (button) collected (75)
Seat 2: Payback1201 (small blind) folded before Flop
Seat 3: Mahu2021 (big blind) folded before Flop



PokerStars Hand #247110921458: Tournament #3673246851, $1.84+$0.16 USD Hold'em No Limit - Level II (15/30) - 2023/11/14 21:51:43 CET [2023/11/14 15:51:43 ET]
Table '3673246851 1' 3-max Seat #2 is the button
Seat 1: baczek77 (680 in chips) 
Seat 2: Payback1201 (715 in chips) 
Seat 3: Mahu2021 (105 in chips) 
Mahu2021: posts small blind 15
baczek77: posts big blind 30
*** HOLE CARDS ***
Dealt to Mahu2021 [8h Qd]
Payback1201: raises 30 to 60
Mahu2021: calls 45
baczek77: folds 
*** FLOP *** [Jd 8d 3d]
Mahu2021: bets 45 and is all-in
Payback1201: calls 45
*** TURN *** [Jd 8d 3d] [As]
*** RIVER *** [Jd 8d 3d As] [5h]
*** SHOW DOWN ***
Mahu2021: shows [8h Qd] (a pair of Eights)
Payback1201: shows [3s Ah] (two pair, Aces and Threes)
Payback1201 collected 240 from pot
Mahu2021 finished the tournament in 3rd place
*** SUMMARY ***
Total pot 240 | Rake 0 
Board [Jd 8d 3d As 5h]
Seat 1: baczek77 (big blind) folded before Flop
Seat 2: Payback1201 (button) showed [3s Ah] and won (240) with two pair, Aces and Threes
Seat 3: Mahu2021 (small blind) showed [8h Qd] and lost with a pair of Eights



