PokerStars Hand #247934710110: Tournament #3693051679, $1.84+$0.16 USD Hold'em No Limit - Level I (10/20) - 2023/12/29 10:01:54 CET [2023/12/29 4:01:54 ET]
Table '3693051679 1' 3-max Seat #1 is the button
Seat 1: ardnaskela9 (500 in chips) 
Seat 2: Mahu2021 (500 in chips) 
Seat 3: Maverick_PL (500 in chips) 
Mahu2021: posts small blind 10
Maverick_PL: posts big blind 20
*** HOLE CARDS ***
Dealt to Mahu2021 [8h 7h]
ardnaskela9: folds 
Mahu2021: calls 10
Maverick_PL: raises 40 to 60
Mahu2021: calls 40
*** FLOP *** [Qd 8c 6c]
Mahu2021: checks 
Maverick_PL: bets 80
Mahu2021: folds 
Uncalled bet (80) returned to Maverick_PL
Maverick_PL collected 120 from pot
Maverick_PL: doesn't show hand 
*** SUMMARY ***
Total pot 120 | Rake 0 
Board [Qd 8c 6c]
Seat 1: ardnaskela9 (button) folded before Flop (didn't bet)
Seat 2: Mahu2021 (small blind) folded on the Flop
Seat 3: Maverick_PL (big blind) collected (120)



PokerStars Hand #247934714037: Tournament #3693051679, $1.84+$0.16 USD Hold'em No Limit - Level I (10/20) - 2023/12/29 10:02:29 CET [2023/12/29 4:02:29 ET]
Table '3693051679 1' 3-max Seat #2 is the button
Seat 1: ardnaskela9 (500 in chips) 
Seat 2: Mahu2021 (440 in chips) 
Seat 3: Maverick_PL (560 in chips) 
Maverick_PL: posts small blind 10
ardnaskela9: posts big blind 20
*** HOLE CARDS ***
Dealt to Mahu2021 [Jh 2s]
Mahu2021: folds 
Maverick_PL: folds 
Uncalled bet (10) returned to ardnaskela9
ardnaskela9 collected 20 from pot
*** SUMMARY ***
Total pot 20 | Rake 0 
Seat 1: ardnaskela9 (big blind) collected (20)
Seat 2: Mahu2021 (button) folded before Flop (didn't bet)
Seat 3: Maverick_PL (small blind) folded before Flop



PokerStars Hand #247934715260: Tournament #3693051679, $1.84+$0.16 USD Hold'em No Limit - Level I (10/20) - 2023/12/29 10:02:40 CET [2023/12/29 4:02:40 ET]
Table '3693051679 1' 3-max Seat #3 is the button
Seat 1: ardnaskela9 (510 in chips) 
Seat 2: Mahu2021 (440 in chips) 
Seat 3: Maverick_PL (550 in chips) 
ardnaskela9: posts small blind 10
Mahu2021: posts big blind 20
*** HOLE CARDS ***
Dealt to Mahu2021 [Jc 2s]
Maverick_PL: folds 
ardnaskela9: folds 
Uncalled bet (10) returned to Mahu2021
Mahu2021 collected 20 from pot
Mahu2021: doesn't show hand 
*** SUMMARY ***
Total pot 20 | Rake 0 
Seat 1: ardnaskela9 (small blind) folded before Flop
Seat 2: Mahu2021 (big blind) collected (20)
Seat 3: Maverick_PL (button) folded before Flop (didn't bet)



PokerStars Hand #247934715978: Tournament #3693051679, $1.84+$0.16 USD Hold'em No Limit - Level I (10/20) - 2023/12/29 10:02:46 CET [2023/12/29 4:02:46 ET]
Table '3693051679 1' 3-max Seat #1 is the button
Seat 1: ardnaskela9 (500 in chips) 
Seat 2: Mahu2021 (450 in chips) 
Seat 3: Maverick_PL (550 in chips) 
Mahu2021: posts small blind 10
Maverick_PL: posts big blind 20
*** HOLE CARDS ***
Dealt to Mahu2021 [Tc Kc]
ardnaskela9: folds 
Mahu2021: raises 20 to 40
Maverick_PL: calls 20
*** FLOP *** [6c Kd Qh]
Mahu2021: bets 40
Maverick_PL: folds 
Uncalled bet (40) returned to Mahu2021
Mahu2021 collected 80 from pot
Mahu2021: doesn't show hand 
*** SUMMARY ***
Total pot 80 | Rake 0 
Board [6c Kd Qh]
Seat 1: ardnaskela9 (button) folded before Flop (didn't bet)
Seat 2: Mahu2021 (small blind) collected (80)
Seat 3: Maverick_PL (big blind) folded on the Flop



PokerStars Hand #247934717758: Tournament #3693051679, $1.84+$0.16 USD Hold'em No Limit - Level I (10/20) - 2023/12/29 10:03:02 CET [2023/12/29 4:03:02 ET]
Table '3693051679 1' 3-max Seat #2 is the button
Seat 1: ardnaskela9 (500 in chips) 
Seat 2: Mahu2021 (490 in chips) 
Seat 3: Maverick_PL (510 in chips) 
Maverick_PL: posts small blind 10
ardnaskela9: posts big blind 20
*** HOLE CARDS ***
Dealt to Mahu2021 [Js 8h]
Mahu2021: folds 
Maverick_PL: calls 10
ardnaskela9: checks 
*** FLOP *** [Ts 5d 7d]
Maverick_PL: bets 20
ardnaskela9: calls 20
*** TURN *** [Ts 5d 7d] [2d]
Maverick_PL: checks 
ardnaskela9: bets 80
Maverick_PL: calls 80
*** RIVER *** [Ts 5d 7d 2d] [4s]
Maverick_PL: checks 
ardnaskela9: bets 240
Maverick_PL: folds 
Uncalled bet (240) returned to ardnaskela9
ardnaskela9 collected 240 from pot
*** SUMMARY ***
Total pot 240 | Rake 0 
Board [Ts 5d 7d 2d 4s]
Seat 1: ardnaskela9 (big blind) collected (240)
Seat 2: Mahu2021 (button) folded before Flop (didn't bet)
Seat 3: Maverick_PL (small blind) folded on the River



PokerStars Hand #247934721847: Tournament #3693051679, $1.84+$0.16 USD Hold'em No Limit - Level I (10/20) - 2023/12/29 10:03:38 CET [2023/12/29 4:03:38 ET]
Table '3693051679 1' 3-max Seat #3 is the button
Seat 1: ardnaskela9 (620 in chips) 
Seat 2: Mahu2021 (490 in chips) 
Seat 3: Maverick_PL (390 in chips) 
ardnaskela9: posts small blind 10
Mahu2021: posts big blind 20
*** HOLE CARDS ***
Dealt to Mahu2021 [4d 4c]
Maverick_PL: raises 20 to 40
ardnaskela9: raises 580 to 620 and is all-in
Mahu2021: folds 
Maverick_PL: folds 
Uncalled bet (580) returned to ardnaskela9
ardnaskela9 collected 100 from pot
*** SUMMARY ***
Total pot 100 | Rake 0 
Seat 1: ardnaskela9 (small blind) collected (100)
Seat 2: Mahu2021 (big blind) folded before Flop
Seat 3: Maverick_PL (button) folded before Flop



PokerStars Hand #247934723684: Tournament #3693051679, $1.84+$0.16 USD Hold'em No Limit - Level I (10/20) - 2023/12/29 10:03:55 CET [2023/12/29 4:03:55 ET]
Table '3693051679 1' 3-max Seat #1 is the button
Seat 1: ardnaskela9 (680 in chips) 
Seat 2: Mahu2021 (470 in chips) 
Seat 3: Maverick_PL (350 in chips) 
Mahu2021: posts small blind 10
Maverick_PL: posts big blind 20
*** HOLE CARDS ***
Dealt to Mahu2021 [9h 4h]
ardnaskela9: folds 
Mahu2021: folds 
Uncalled bet (10) returned to Maverick_PL
Maverick_PL collected 20 from pot
Maverick_PL: doesn't show hand 
*** SUMMARY ***
Total pot 20 | Rake 0 
Seat 1: ardnaskela9 (button) folded before Flop (didn't bet)
Seat 2: Mahu2021 (small blind) folded before Flop
Seat 3: Maverick_PL (big blind) collected (20)



PokerStars Hand #247934724313: Tournament #3693051679, $1.84+$0.16 USD Hold'em No Limit - Level I (10/20) - 2023/12/29 10:04:00 CET [2023/12/29 4:04:00 ET]
Table '3693051679 1' 3-max Seat #2 is the button
Seat 1: ardnaskela9 (680 in chips) 
Seat 2: Mahu2021 (460 in chips) 
Seat 3: Maverick_PL (360 in chips) 
Maverick_PL: posts small blind 10
ardnaskela9: posts big blind 20
*** HOLE CARDS ***
Dealt to Mahu2021 [9s Ac]
Mahu2021: calls 20
Maverick_PL: folds 
ardnaskela9: checks 
*** FLOP *** [2h Jh Kh]
ardnaskela9: checks 
Mahu2021: checks 
*** TURN *** [2h Jh Kh] [5h]
ardnaskela9: checks 
Mahu2021: bets 20
ardnaskela9: calls 20
*** RIVER *** [2h Jh Kh 5h] [9c]
ardnaskela9: checks 
Mahu2021: checks 
*** SHOW DOWN ***
ardnaskela9: shows [As 6h] (a flush, King high)
Mahu2021: mucks hand 
ardnaskela9 collected 90 from pot
*** SUMMARY ***
Total pot 90 | Rake 0 
Board [2h Jh Kh 5h 9c]
Seat 1: ardnaskela9 (big blind) showed [As 6h] and won (90) with a flush, King high
Seat 2: Mahu2021 (button) mucked [9s Ac]
Seat 3: Maverick_PL (small blind) folded before Flop



PokerStars Hand #247934726431: Tournament #3693051679, $1.84+$0.16 USD Hold'em No Limit - Level I (10/20) - 2023/12/29 10:04:19 CET [2023/12/29 4:04:19 ET]
Table '3693051679 1' 3-max Seat #3 is the button
Seat 1: ardnaskela9 (730 in chips) 
Seat 2: Mahu2021 (420 in chips) 
Seat 3: Maverick_PL (350 in chips) 
ardnaskela9: posts small blind 10
Mahu2021: posts big blind 20
*** HOLE CARDS ***
Dealt to Mahu2021 [2h 8d]
Maverick_PL: folds 
ardnaskela9: calls 10
Mahu2021: checks 
*** FLOP *** [8s Td 6d]
ardnaskela9: checks 
Mahu2021: bets 20
ardnaskela9: calls 20
*** TURN *** [8s Td 6d] [2c]
ardnaskela9: checks 
Mahu2021: bets 40
ardnaskela9: calls 40
*** RIVER *** [8s Td 6d 2c] [Js]
ardnaskela9: checks 
Mahu2021: bets 60
ardnaskela9: folds 
Uncalled bet (60) returned to Mahu2021
Mahu2021 collected 160 from pot
Mahu2021: doesn't show hand 
*** SUMMARY ***
Total pot 160 | Rake 0 
Board [8s Td 6d 2c Js]
Seat 1: ardnaskela9 (small blind) folded on the River
Seat 2: Mahu2021 (big blind) collected (160)
Seat 3: Maverick_PL (button) folded before Flop (didn't bet)



PokerStars Hand #247934729003: Tournament #3693051679, $1.84+$0.16 USD Hold'em No Limit - Level I (10/20) - 2023/12/29 10:04:42 CET [2023/12/29 4:04:42 ET]
Table '3693051679 1' 3-max Seat #1 is the button
Seat 1: ardnaskela9 (650 in chips) 
Seat 2: Mahu2021 (500 in chips) 
Seat 3: Maverick_PL (350 in chips) 
Mahu2021: posts small blind 10
Maverick_PL: posts big blind 20
*** HOLE CARDS ***
Dealt to Mahu2021 [Kc 4d]
ardnaskela9: calls 20
Mahu2021: folds 
Maverick_PL: raises 330 to 350 and is all-in
ardnaskela9: folds 
Uncalled bet (330) returned to Maverick_PL
Maverick_PL collected 50 from pot
Maverick_PL: doesn't show hand 
*** SUMMARY ***
Total pot 50 | Rake 0 
Seat 1: ardnaskela9 (button) folded before Flop
Seat 2: Mahu2021 (small blind) folded before Flop
Seat 3: Maverick_PL (big blind) collected (50)



PokerStars Hand #247934730465: Tournament #3693051679, $1.84+$0.16 USD Hold'em No Limit - Level I (10/20) - 2023/12/29 10:04:54 CET [2023/12/29 4:04:54 ET]
Table '3693051679 1' 3-max Seat #2 is the button
Seat 1: ardnaskela9 (630 in chips) 
Seat 2: Mahu2021 (490 in chips) 
Seat 3: Maverick_PL (380 in chips) 
Maverick_PL: posts small blind 10
ardnaskela9: posts big blind 20
*** HOLE CARDS ***
Dealt to Mahu2021 [7d Jc]
Mahu2021: folds 
Maverick_PL: raises 20 to 40
ardnaskela9: raises 590 to 630 and is all-in
Maverick_PL: calls 340 and is all-in
Uncalled bet (250) returned to ardnaskela9
*** FLOP *** [2h 6d 2c]
*** TURN *** [2h 6d 2c] [4d]
*** RIVER *** [2h 6d 2c 4d] [Ac]
*** SHOW DOWN ***
Maverick_PL: shows [Qh Qc] (two pair, Queens and Deuces)
ardnaskela9: shows [2d 2s] (four of a kind, Deuces)
ardnaskela9 collected 760 from pot
Maverick_PL finished the tournament in 3rd place
*** SUMMARY ***
Total pot 760 | Rake 0 
Board [2h 6d 2c 4d Ac]
Seat 1: ardnaskela9 (big blind) showed [2d 2s] and won (760) with four of a kind, Deuces
Seat 2: Mahu2021 (button) folded before Flop (didn't bet)
Seat 3: Maverick_PL (small blind) showed [Qh Qc] and lost with two pair, Queens and Deuces



PokerStars Hand #247934733053: Tournament #3693051679, $1.84+$0.16 USD Hold'em No Limit - Level II (15/30) - 2023/12/29 10:05:17 CET [2023/12/29 4:05:17 ET]
Table '3693051679 1' 3-max Seat #1 is the button
Seat 1: ardnaskela9 (1010 in chips) 
Seat 2: Mahu2021 (490 in chips) 
ardnaskela9: posts small blind 15
Mahu2021: posts big blind 30
*** HOLE CARDS ***
Dealt to Mahu2021 [Kh 9c]
ardnaskela9: raises 90 to 120
Mahu2021: folds 
Uncalled bet (90) returned to ardnaskela9
ardnaskela9 collected 60 from pot
*** SUMMARY ***
Total pot 60 | Rake 0 
Seat 1: ardnaskela9 (button) (small blind) collected (60)
Seat 2: Mahu2021 (big blind) folded before Flop



PokerStars Hand #247934734332: Tournament #3693051679, $1.84+$0.16 USD Hold'em No Limit - Level II (15/30) - 2023/12/29 10:05:28 CET [2023/12/29 4:05:28 ET]
Table '3693051679 1' 3-max Seat #2 is the button
Seat 1: ardnaskela9 (1040 in chips) 
Seat 2: Mahu2021 (460 in chips) 
Mahu2021: posts small blind 15
ardnaskela9: posts big blind 30
*** HOLE CARDS ***
Dealt to Mahu2021 [7c 4c]
Mahu2021: calls 15
ardnaskela9: checks 
*** FLOP *** [3d 7s 8h]
ardnaskela9: bets 60
Mahu2021: folds 
Uncalled bet (60) returned to ardnaskela9
ardnaskela9 collected 60 from pot
*** SUMMARY ***
Total pot 60 | Rake 0 
Board [3d 7s 8h]
Seat 1: ardnaskela9 (big blind) collected (60)
Seat 2: Mahu2021 (button) (small blind) folded on the Flop



PokerStars Hand #247934736506: Tournament #3693051679, $1.84+$0.16 USD Hold'em No Limit - Level II (15/30) - 2023/12/29 10:05:47 CET [2023/12/29 4:05:47 ET]
Table '3693051679 1' 3-max Seat #1 is the button
Seat 1: ardnaskela9 (1070 in chips) 
Seat 2: Mahu2021 (430 in chips) 
ardnaskela9: posts small blind 15
Mahu2021: posts big blind 30
*** HOLE CARDS ***
Dealt to Mahu2021 [Ts Kc]
ardnaskela9: calls 15
Mahu2021: raises 60 to 90
ardnaskela9: folds 
Uncalled bet (60) returned to Mahu2021
Mahu2021 collected 60 from pot
Mahu2021: doesn't show hand 
*** SUMMARY ***
Total pot 60 | Rake 0 
Seat 1: ardnaskela9 (button) (small blind) folded before Flop
Seat 2: Mahu2021 (big blind) collected (60)



PokerStars Hand #247934737643: Tournament #3693051679, $1.84+$0.16 USD Hold'em No Limit - Level II (15/30) - 2023/12/29 10:05:57 CET [2023/12/29 4:05:57 ET]
Table '3693051679 1' 3-max Seat #2 is the button
Seat 1: ardnaskela9 (1040 in chips) 
Seat 2: Mahu2021 (460 in chips) 
Mahu2021: posts small blind 15
ardnaskela9: posts big blind 30
*** HOLE CARDS ***
Dealt to Mahu2021 [As Ah]
Mahu2021: raises 430 to 460 and is all-in
ardnaskela9: folds 
Uncalled bet (430) returned to Mahu2021
Mahu2021 collected 60 from pot
Mahu2021: doesn't show hand 
*** SUMMARY ***
Total pot 60 | Rake 0 
Seat 1: ardnaskela9 (big blind) folded before Flop
Seat 2: Mahu2021 (button) (small blind) collected (60)



PokerStars Hand #247934738468: Tournament #3693051679, $1.84+$0.16 USD Hold'em No Limit - Level II (15/30) - 2023/12/29 10:06:04 CET [2023/12/29 4:06:04 ET]
Table '3693051679 1' 3-max Seat #1 is the button
Seat 1: ardnaskela9 (1010 in chips) 
Seat 2: Mahu2021 (490 in chips) 
ardnaskela9: posts small blind 15
Mahu2021: posts big blind 30
*** HOLE CARDS ***
Dealt to Mahu2021 [2c Jc]
ardnaskela9: folds 
Uncalled bet (15) returned to Mahu2021
Mahu2021 collected 30 from pot
Mahu2021: doesn't show hand 
*** SUMMARY ***
Total pot 30 | Rake 0 
Seat 1: ardnaskela9 (button) (small blind) folded before Flop
Seat 2: Mahu2021 (big blind) collected (30)



PokerStars Hand #247934739037: Tournament #3693051679, $1.84+$0.16 USD Hold'em No Limit - Level II (15/30) - 2023/12/29 10:06:09 CET [2023/12/29 4:06:09 ET]
Table '3693051679 1' 3-max Seat #2 is the button
Seat 1: ardnaskela9 (995 in chips) 
Seat 2: Mahu2021 (505 in chips) 
Mahu2021: posts small blind 15
ardnaskela9: posts big blind 30
*** HOLE CARDS ***
Dealt to Mahu2021 [Qh Td]
Mahu2021: calls 15
ardnaskela9: checks 
*** FLOP *** [5d Ts 4c]
ardnaskela9: bets 60
Mahu2021: calls 60
*** TURN *** [5d Ts 4c] [6s]
ardnaskela9: bets 90
Mahu2021: calls 90
*** RIVER *** [5d Ts 4c 6s] [9c]
ardnaskela9: checks 
Mahu2021: checks 
*** SHOW DOWN ***
ardnaskela9: shows [5h Kh] (a pair of Fives)
Mahu2021: shows [Qh Td] (a pair of Tens)
Mahu2021 collected 360 from pot
*** SUMMARY ***
Total pot 360 | Rake 0 
Board [5d Ts 4c 6s 9c]
Seat 1: ardnaskela9 (big blind) showed [5h Kh] and lost with a pair of Fives
Seat 2: Mahu2021 (button) (small blind) showed [Qh Td] and won (360) with a pair of Tens



PokerStars Hand #247934741388: Tournament #3693051679, $1.84+$0.16 USD Hold'em No Limit - Level II (15/30) - 2023/12/29 10:06:30 CET [2023/12/29 4:06:30 ET]
Table '3693051679 1' 3-max Seat #1 is the button
Seat 1: ardnaskela9 (815 in chips) 
Seat 2: Mahu2021 (685 in chips) 
ardnaskela9: posts small blind 15
Mahu2021: posts big blind 30
*** HOLE CARDS ***
Dealt to Mahu2021 [4h 8d]
ardnaskela9: calls 15
Mahu2021: checks 
*** FLOP *** [9s 6h Kc]
Mahu2021: checks 
ardnaskela9: bets 60
Mahu2021: folds 
Uncalled bet (60) returned to ardnaskela9
ardnaskela9 collected 60 from pot
*** SUMMARY ***
Total pot 60 | Rake 0 
Board [9s 6h Kc]
Seat 1: ardnaskela9 (button) (small blind) collected (60)
Seat 2: Mahu2021 (big blind) folded on the Flop



PokerStars Hand #247934742701: Tournament #3693051679, $1.84+$0.16 USD Hold'em No Limit - Level II (15/30) - 2023/12/29 10:06:41 CET [2023/12/29 4:06:41 ET]
Table '3693051679 1' 3-max Seat #2 is the button
Seat 1: ardnaskela9 (845 in chips) 
Seat 2: Mahu2021 (655 in chips) 
Mahu2021: posts small blind 15
ardnaskela9: posts big blind 30
*** HOLE CARDS ***
Dealt to Mahu2021 [3c 6d]
Mahu2021: calls 15
ardnaskela9: checks 
*** FLOP *** [7h 4c 7d]
ardnaskela9: checks 
Mahu2021: checks 
*** TURN *** [7h 4c 7d] [8s]
ardnaskela9: bets 60
Mahu2021: folds 
Uncalled bet (60) returned to ardnaskela9
ardnaskela9 collected 60 from pot
*** SUMMARY ***
Total pot 60 | Rake 0 
Board [7h 4c 7d 8s]
Seat 1: ardnaskela9 (big blind) collected (60)
Seat 2: Mahu2021 (button) (small blind) folded on the Turn



PokerStars Hand #247934744335: Tournament #3693051679, $1.84+$0.16 USD Hold'em No Limit - Level II (15/30) - 2023/12/29 10:06:55 CET [2023/12/29 4:06:55 ET]
Table '3693051679 1' 3-max Seat #1 is the button
Seat 1: ardnaskela9 (875 in chips) 
Seat 2: Mahu2021 (625 in chips) 
ardnaskela9: posts small blind 15
Mahu2021: posts big blind 30
*** HOLE CARDS ***
Dealt to Mahu2021 [8h 7d]
ardnaskela9: calls 15
Mahu2021: checks 
*** FLOP *** [Kh 3h Qh]
Mahu2021: checks 
ardnaskela9: bets 60
Mahu2021: folds 
Uncalled bet (60) returned to ardnaskela9
ardnaskela9 collected 60 from pot
*** SUMMARY ***
Total pot 60 | Rake 0 
Board [Kh 3h Qh]
Seat 1: ardnaskela9 (button) (small blind) collected (60)
Seat 2: Mahu2021 (big blind) folded on the Flop



PokerStars Hand #247934745811: Tournament #3693051679, $1.84+$0.16 USD Hold'em No Limit - Level II (15/30) - 2023/12/29 10:07:07 CET [2023/12/29 4:07:07 ET]
Table '3693051679 1' 3-max Seat #2 is the button
Seat 1: ardnaskela9 (905 in chips) 
Seat 2: Mahu2021 (595 in chips) 
Mahu2021: posts small blind 15
ardnaskela9: posts big blind 30
*** HOLE CARDS ***
Dealt to Mahu2021 [Ad 3c]
Mahu2021: calls 15
ardnaskela9: checks 
*** FLOP *** [Ks Qs 2s]
ardnaskela9: checks 
Mahu2021: bets 30
ardnaskela9: calls 30
*** TURN *** [Ks Qs 2s] [Qd]
ardnaskela9: checks 
Mahu2021: bets 120
ardnaskela9: folds 
Uncalled bet (120) returned to Mahu2021
Mahu2021 collected 120 from pot
Mahu2021: doesn't show hand 
*** SUMMARY ***
Total pot 120 | Rake 0 
Board [Ks Qs 2s Qd]
Seat 1: ardnaskela9 (big blind) folded on the Turn
Seat 2: Mahu2021 (button) (small blind) collected (120)



PokerStars Hand #247934747659: Tournament #3693051679, $1.84+$0.16 USD Hold'em No Limit - Level II (15/30) - 2023/12/29 10:07:24 CET [2023/12/29 4:07:24 ET]
Table '3693051679 1' 3-max Seat #1 is the button
Seat 1: ardnaskela9 (845 in chips) 
Seat 2: Mahu2021 (655 in chips) 
ardnaskela9: posts small blind 15
Mahu2021: posts big blind 30
*** HOLE CARDS ***
Dealt to Mahu2021 [4h 3d]
ardnaskela9: calls 15
Mahu2021: checks 
*** FLOP *** [4c 5s 8c]
Mahu2021: checks 
ardnaskela9: checks 
*** TURN *** [4c 5s 8c] [9h]
Mahu2021: checks 
ardnaskela9: checks 
*** RIVER *** [4c 5s 8c 9h] [6h]
Mahu2021: checks 
ardnaskela9: checks 
*** SHOW DOWN ***
Mahu2021: shows [4h 3d] (a pair of Fours)
ardnaskela9: mucks hand 
Mahu2021 collected 60 from pot
*** SUMMARY ***
Total pot 60 | Rake 0 
Board [4c 5s 8c 9h 6h]
Seat 1: ardnaskela9 (button) (small blind) mucked [Kd 3s]
Seat 2: Mahu2021 (big blind) showed [4h 3d] and won (60) with a pair of Fours



PokerStars Hand #247934749535: Tournament #3693051679, $1.84+$0.16 USD Hold'em No Limit - Level II (15/30) - 2023/12/29 10:07:40 CET [2023/12/29 4:07:40 ET]
Table '3693051679 1' 3-max Seat #2 is the button
Seat 1: ardnaskela9 (815 in chips) 
Seat 2: Mahu2021 (685 in chips) 
Mahu2021: posts small blind 15
ardnaskela9: posts big blind 30
*** HOLE CARDS ***
Dealt to Mahu2021 [7c 4c]
Mahu2021: calls 15
ardnaskela9: checks 
*** FLOP *** [Kh Ah 8s]
ardnaskela9: checks 
Mahu2021: checks 
*** TURN *** [Kh Ah 8s] [9d]
ardnaskela9: checks 
Mahu2021: checks 
*** RIVER *** [Kh Ah 8s 9d] [Js]
ardnaskela9: checks 
Mahu2021: bets 30
ardnaskela9: folds 
Uncalled bet (30) returned to Mahu2021
Mahu2021 collected 60 from pot
Mahu2021: doesn't show hand 
*** SUMMARY ***
Total pot 60 | Rake 0 
Board [Kh Ah 8s 9d Js]
Seat 1: ardnaskela9 (big blind) folded on the River
Seat 2: Mahu2021 (button) (small blind) collected (60)



PokerStars Hand #247934752459: Tournament #3693051679, $1.84+$0.16 USD Hold'em No Limit - Level III (20/40) - 2023/12/29 10:08:05 CET [2023/12/29 4:08:05 ET]
Table '3693051679 1' 3-max Seat #1 is the button
Seat 1: ardnaskela9 (785 in chips) 
Seat 2: Mahu2021 (715 in chips) 
ardnaskela9: posts small blind 20
Mahu2021: posts big blind 40
*** HOLE CARDS ***
Dealt to Mahu2021 [7c 5d]
ardnaskela9: raises 80 to 120
Mahu2021: folds 
Uncalled bet (80) returned to ardnaskela9
ardnaskela9 collected 80 from pot
*** SUMMARY ***
Total pot 80 | Rake 0 
Seat 1: ardnaskela9 (button) (small blind) collected (80)
Seat 2: Mahu2021 (big blind) folded before Flop



PokerStars Hand #247934753372: Tournament #3693051679, $1.84+$0.16 USD Hold'em No Limit - Level III (20/40) - 2023/12/29 10:08:13 CET [2023/12/29 4:08:13 ET]
Table '3693051679 1' 3-max Seat #2 is the button
Seat 1: ardnaskela9 (825 in chips) 
Seat 2: Mahu2021 (675 in chips) 
Mahu2021: posts small blind 20
ardnaskela9: posts big blind 40
*** HOLE CARDS ***
Dealt to Mahu2021 [5s 5h]
Mahu2021: raises 635 to 675 and is all-in
ardnaskela9: folds 
Uncalled bet (635) returned to Mahu2021
Mahu2021 collected 80 from pot
Mahu2021: doesn't show hand 
*** SUMMARY ***
Total pot 80 | Rake 0 
Seat 1: ardnaskela9 (big blind) folded before Flop
Seat 2: Mahu2021 (button) (small blind) collected (80)



PokerStars Hand #247934754295: Tournament #3693051679, $1.84+$0.16 USD Hold'em No Limit - Level III (20/40) - 2023/12/29 10:08:20 CET [2023/12/29 4:08:20 ET]
Table '3693051679 1' 3-max Seat #1 is the button
Seat 1: ardnaskela9 (785 in chips) 
Seat 2: Mahu2021 (715 in chips) 
ardnaskela9: posts small blind 20
Mahu2021: posts big blind 40
*** HOLE CARDS ***
Dealt to Mahu2021 [Td 8h]
ardnaskela9: folds 
Uncalled bet (20) returned to Mahu2021
Mahu2021 collected 40 from pot
Mahu2021: doesn't show hand 
*** SUMMARY ***
Total pot 40 | Rake 0 
Seat 1: ardnaskela9 (button) (small blind) folded before Flop
Seat 2: Mahu2021 (big blind) collected (40)



PokerStars Hand #247934754874: Tournament #3693051679, $1.84+$0.16 USD Hold'em No Limit - Level III (20/40) - 2023/12/29 10:08:26 CET [2023/12/29 4:08:26 ET]
Table '3693051679 1' 3-max Seat #2 is the button
Seat 1: ardnaskela9 (765 in chips) 
Seat 2: Mahu2021 (735 in chips) 
Mahu2021: posts small blind 20
ardnaskela9: posts big blind 40
*** HOLE CARDS ***
Dealt to Mahu2021 [3s 4d]
Mahu2021: calls 20
ardnaskela9: checks 
*** FLOP *** [Kc 6s Kd]
ardnaskela9: checks 
Mahu2021: checks 
*** TURN *** [Kc 6s Kd] [Th]
ardnaskela9: checks 
Mahu2021: checks 
*** RIVER *** [Kc 6s Kd Th] [Tc]
ardnaskela9: checks 
Mahu2021: bets 40
ardnaskela9: folds 
Uncalled bet (40) returned to Mahu2021
Mahu2021 collected 80 from pot
Mahu2021: doesn't show hand 
*** SUMMARY ***
Total pot 80 | Rake 0 
Board [Kc 6s Kd Th Tc]
Seat 1: ardnaskela9 (big blind) folded on the River
Seat 2: Mahu2021 (button) (small blind) collected (80)



PokerStars Hand #247934757340: Tournament #3693051679, $1.84+$0.16 USD Hold'em No Limit - Level III (20/40) - 2023/12/29 10:08:48 CET [2023/12/29 4:08:48 ET]
Table '3693051679 1' 3-max Seat #1 is the button
Seat 1: ardnaskela9 (725 in chips) 
Seat 2: Mahu2021 (775 in chips) 
ardnaskela9: posts small blind 20
Mahu2021: posts big blind 40
*** HOLE CARDS ***
Dealt to Mahu2021 [3d 4c]
ardnaskela9: calls 20
Mahu2021: checks 
*** FLOP *** [2h 8s 2c]
Mahu2021: checks 
ardnaskela9: bets 80
Mahu2021: folds 
Uncalled bet (80) returned to ardnaskela9
ardnaskela9 collected 80 from pot
*** SUMMARY ***
Total pot 80 | Rake 0 
Board [2h 8s 2c]
Seat 1: ardnaskela9 (button) (small blind) collected (80)
Seat 2: Mahu2021 (big blind) folded on the Flop



PokerStars Hand #247934759308: Tournament #3693051679, $1.84+$0.16 USD Hold'em No Limit - Level III (20/40) - 2023/12/29 10:09:05 CET [2023/12/29 4:09:05 ET]
Table '3693051679 1' 3-max Seat #2 is the button
Seat 1: ardnaskela9 (765 in chips) 
Seat 2: Mahu2021 (735 in chips) 
Mahu2021: posts small blind 20
ardnaskela9: posts big blind 40
*** HOLE CARDS ***
Dealt to Mahu2021 [Qs 9c]
Mahu2021: calls 20
ardnaskela9: checks 
*** FLOP *** [3c 8c 8h]
ardnaskela9: checks 
Mahu2021: checks 
*** TURN *** [3c 8c 8h] [Qd]
ardnaskela9: checks 
Mahu2021: bets 40
ardnaskela9: folds 
Uncalled bet (40) returned to Mahu2021
Mahu2021 collected 80 from pot
Mahu2021: doesn't show hand 
*** SUMMARY ***
Total pot 80 | Rake 0 
Board [3c 8c 8h Qd]
Seat 1: ardnaskela9 (big blind) folded on the Turn
Seat 2: Mahu2021 (button) (small blind) collected (80)



PokerStars Hand #247934761216: Tournament #3693051679, $1.84+$0.16 USD Hold'em No Limit - Level III (20/40) - 2023/12/29 10:09:21 CET [2023/12/29 4:09:21 ET]
Table '3693051679 1' 3-max Seat #1 is the button
Seat 1: ardnaskela9 (725 in chips) 
Seat 2: Mahu2021 (775 in chips) 
ardnaskela9: posts small blind 20
Mahu2021: posts big blind 40
*** HOLE CARDS ***
Dealt to Mahu2021 [6s 2d]
ardnaskela9: calls 20
Mahu2021: checks 
*** FLOP *** [Js 9s 3d]
Mahu2021: checks 
ardnaskela9: bets 80
Mahu2021: folds 
Uncalled bet (80) returned to ardnaskela9
ardnaskela9 collected 80 from pot
*** SUMMARY ***
Total pot 80 | Rake 0 
Board [Js 9s 3d]
Seat 1: ardnaskela9 (button) (small blind) collected (80)
Seat 2: Mahu2021 (big blind) folded on the Flop



PokerStars Hand #247934762987: Tournament #3693051679, $1.84+$0.16 USD Hold'em No Limit - Level III (20/40) - 2023/12/29 10:09:36 CET [2023/12/29 4:09:36 ET]
Table '3693051679 1' 3-max Seat #2 is the button
Seat 1: ardnaskela9 (765 in chips) 
Seat 2: Mahu2021 (735 in chips) 
Mahu2021: posts small blind 20
ardnaskela9: posts big blind 40
*** HOLE CARDS ***
Dealt to Mahu2021 [Qd Ad]
Mahu2021: raises 40 to 80
ardnaskela9: folds 
Uncalled bet (40) returned to Mahu2021
Mahu2021 collected 80 from pot
Mahu2021: doesn't show hand 
*** SUMMARY ***
Total pot 80 | Rake 0 
Seat 1: ardnaskela9 (big blind) folded before Flop
Seat 2: Mahu2021 (button) (small blind) collected (80)



PokerStars Hand #247934763879: Tournament #3693051679, $1.84+$0.16 USD Hold'em No Limit - Level III (20/40) - 2023/12/29 10:09:44 CET [2023/12/29 4:09:44 ET]
Table '3693051679 1' 3-max Seat #1 is the button
Seat 1: ardnaskela9 (725 in chips) 
Seat 2: Mahu2021 (775 in chips) 
ardnaskela9: posts small blind 20
Mahu2021: posts big blind 40
*** HOLE CARDS ***
Dealt to Mahu2021 [2d 7c]
ardnaskela9: raises 120 to 160
Mahu2021: folds 
Uncalled bet (120) returned to ardnaskela9
ardnaskela9 collected 80 from pot
*** SUMMARY ***
Total pot 80 | Rake 0 
Seat 1: ardnaskela9 (button) (small blind) collected (80)
Seat 2: Mahu2021 (big blind) folded before Flop



PokerStars Hand #247934764921: Tournament #3693051679, $1.84+$0.16 USD Hold'em No Limit - Level III (20/40) - 2023/12/29 10:09:53 CET [2023/12/29 4:09:53 ET]
Table '3693051679 1' 3-max Seat #2 is the button
Seat 1: ardnaskela9 (765 in chips) 
Seat 2: Mahu2021 (735 in chips) 
Mahu2021: posts small blind 20
ardnaskela9: posts big blind 40
*** HOLE CARDS ***
Dealt to Mahu2021 [Tc 9s]
Mahu2021: calls 20
ardnaskela9: checks 
*** FLOP *** [4s 5c Qc]
ardnaskela9: checks 
Mahu2021: checks 
*** TURN *** [4s 5c Qc] [3h]
ardnaskela9: bets 40
Mahu2021: folds 
Uncalled bet (40) returned to ardnaskela9
ardnaskela9 collected 80 from pot
*** SUMMARY ***
Total pot 80 | Rake 0 
Board [4s 5c Qc 3h]
Seat 1: ardnaskela9 (big blind) collected (80)
Seat 2: Mahu2021 (button) (small blind) folded on the Turn



PokerStars Hand #247934766618: Tournament #3693051679, $1.84+$0.16 USD Hold'em No Limit - Level III (20/40) - 2023/12/29 10:10:08 CET [2023/12/29 4:10:08 ET]
Table '3693051679 1' 3-max Seat #1 is the button
Seat 1: ardnaskela9 (805 in chips) 
Seat 2: Mahu2021 (695 in chips) 
ardnaskela9: posts small blind 20
Mahu2021: posts big blind 40
*** HOLE CARDS ***
Dealt to Mahu2021 [6s 2h]
ardnaskela9: calls 20
Mahu2021: checks 
*** FLOP *** [3c 9d 4h]
Mahu2021: checks 
ardnaskela9: bets 80
Mahu2021: folds 
Uncalled bet (80) returned to ardnaskela9
ardnaskela9 collected 80 from pot
*** SUMMARY ***
Total pot 80 | Rake 0 
Board [3c 9d 4h]
Seat 1: ardnaskela9 (button) (small blind) collected (80)
Seat 2: Mahu2021 (big blind) folded on the Flop



PokerStars Hand #247934768243: Tournament #3693051679, $1.84+$0.16 USD Hold'em No Limit - Level III (20/40) - 2023/12/29 10:10:22 CET [2023/12/29 4:10:22 ET]
Table '3693051679 1' 3-max Seat #2 is the button
Seat 1: ardnaskela9 (845 in chips) 
Seat 2: Mahu2021 (655 in chips) 
Mahu2021: posts small blind 20
ardnaskela9: posts big blind 40
*** HOLE CARDS ***
Dealt to Mahu2021 [Kh 5h]
Mahu2021: raises 40 to 80
ardnaskela9: calls 40
*** FLOP *** [Kc 3c Th]
ardnaskela9: checks 
Mahu2021: bets 80
ardnaskela9: folds 
Uncalled bet (80) returned to Mahu2021
Mahu2021 collected 160 from pot
Mahu2021: doesn't show hand 
*** SUMMARY ***
Total pot 160 | Rake 0 
Board [Kc 3c Th]
Seat 1: ardnaskela9 (big blind) folded on the Flop
Seat 2: Mahu2021 (button) (small blind) collected (160)



PokerStars Hand #247934769799: Tournament #3693051679, $1.84+$0.16 USD Hold'em No Limit - Level III (20/40) - 2023/12/29 10:10:35 CET [2023/12/29 4:10:35 ET]
Table '3693051679 1' 3-max Seat #1 is the button
Seat 1: ardnaskela9 (765 in chips) 
Seat 2: Mahu2021 (735 in chips) 
ardnaskela9: posts small blind 20
Mahu2021: posts big blind 40
*** HOLE CARDS ***
Dealt to Mahu2021 [5c Th]
ardnaskela9: folds 
Uncalled bet (20) returned to Mahu2021
Mahu2021 collected 40 from pot
Mahu2021: doesn't show hand 
*** SUMMARY ***
Total pot 40 | Rake 0 
Seat 1: ardnaskela9 (button) (small blind) folded before Flop
Seat 2: Mahu2021 (big blind) collected (40)



PokerStars Hand #247934770453: Tournament #3693051679, $1.84+$0.16 USD Hold'em No Limit - Level III (20/40) - 2023/12/29 10:10:41 CET [2023/12/29 4:10:41 ET]
Table '3693051679 1' 3-max Seat #2 is the button
Seat 1: ardnaskela9 (745 in chips) 
Seat 2: Mahu2021 (755 in chips) 
Mahu2021: posts small blind 20
ardnaskela9: posts big blind 40
*** HOLE CARDS ***
Dealt to Mahu2021 [6d 6c]
Mahu2021: calls 20
ardnaskela9: checks 
*** FLOP *** [8s Jd Tc]
ardnaskela9: checks 
Mahu2021: bets 40
ardnaskela9: calls 40
*** TURN *** [8s Jd Tc] [Qs]
ardnaskela9: bets 160
Mahu2021: folds 
Uncalled bet (160) returned to ardnaskela9
ardnaskela9 collected 160 from pot
*** SUMMARY ***
Total pot 160 | Rake 0 
Board [8s Jd Tc Qs]
Seat 1: ardnaskela9 (big blind) collected (160)
Seat 2: Mahu2021 (button) (small blind) folded on the Turn



PokerStars Hand #247934773785: Tournament #3693051679, $1.84+$0.16 USD Hold'em No Limit - Level IV (30/60) - 2023/12/29 10:11:10 CET [2023/12/29 4:11:10 ET]
Table '3693051679 1' 3-max Seat #1 is the button
Seat 1: ardnaskela9 (825 in chips) 
Seat 2: Mahu2021 (675 in chips) 
ardnaskela9: posts small blind 30
Mahu2021: posts big blind 60
*** HOLE CARDS ***
Dealt to Mahu2021 [Qd 5h]
ardnaskela9: folds 
Uncalled bet (30) returned to Mahu2021
Mahu2021 collected 60 from pot
Mahu2021: doesn't show hand 
*** SUMMARY ***
Total pot 60 | Rake 0 
Seat 1: ardnaskela9 (button) (small blind) folded before Flop
Seat 2: Mahu2021 (big blind) collected (60)



PokerStars Hand #247934774411: Tournament #3693051679, $1.84+$0.16 USD Hold'em No Limit - Level IV (30/60) - 2023/12/29 10:11:16 CET [2023/12/29 4:11:16 ET]
Table '3693051679 1' 3-max Seat #2 is the button
Seat 1: ardnaskela9 (795 in chips) 
Seat 2: Mahu2021 (705 in chips) 
Mahu2021: posts small blind 30
ardnaskela9: posts big blind 60
*** HOLE CARDS ***
Dealt to Mahu2021 [5c 6d]
Mahu2021: calls 30
ardnaskela9: checks 
*** FLOP *** [2s Ah 6s]
ardnaskela9: checks 
Mahu2021: bets 60
ardnaskela9: calls 60
*** TURN *** [2s Ah 6s] [3h]
ardnaskela9: checks 
Mahu2021: checks 
*** RIVER *** [2s Ah 6s 3h] [Jc]
ardnaskela9: checks 
Mahu2021: bets 240
ardnaskela9: folds 
Uncalled bet (240) returned to Mahu2021
Mahu2021 collected 240 from pot
Mahu2021: doesn't show hand 
*** SUMMARY ***
Total pot 240 | Rake 0 
Board [2s Ah 6s 3h Jc]
Seat 1: ardnaskela9 (big blind) folded on the River
Seat 2: Mahu2021 (button) (small blind) collected (240)



PokerStars Hand #247934777120: Tournament #3693051679, $1.84+$0.16 USD Hold'em No Limit - Level IV (30/60) - 2023/12/29 10:11:39 CET [2023/12/29 4:11:39 ET]
Table '3693051679 1' 3-max Seat #1 is the button
Seat 1: ardnaskela9 (675 in chips) 
Seat 2: Mahu2021 (825 in chips) 
ardnaskela9: posts small blind 30
Mahu2021: posts big blind 60
*** HOLE CARDS ***
Dealt to Mahu2021 [6d 7c]
ardnaskela9: calls 30
Mahu2021: checks 
*** FLOP *** [Ts 9d 6s]
Mahu2021: checks 
ardnaskela9: bets 120
Mahu2021: calls 120
*** TURN *** [Ts 9d 6s] [9c]
Mahu2021: checks 
ardnaskela9: checks 
*** RIVER *** [Ts 9d 6s 9c] [6c]
Mahu2021: bets 360
ardnaskela9: folds 
Uncalled bet (360) returned to Mahu2021
Mahu2021 collected 360 from pot
Mahu2021: doesn't show hand 
*** SUMMARY ***
Total pot 360 | Rake 0 
Board [Ts 9d 6s 9c 6c]
Seat 1: ardnaskela9 (button) (small blind) folded on the River
Seat 2: Mahu2021 (big blind) collected (360)



PokerStars Hand #247934780303: Tournament #3693051679, $1.84+$0.16 USD Hold'em No Limit - Level IV (30/60) - 2023/12/29 10:12:07 CET [2023/12/29 4:12:07 ET]
Table '3693051679 1' 3-max Seat #2 is the button
Seat 1: ardnaskela9 (495 in chips) 
Seat 2: Mahu2021 (1005 in chips) 
Mahu2021: posts small blind 30
ardnaskela9: posts big blind 60
*** HOLE CARDS ***
Dealt to Mahu2021 [6s 2c]
Mahu2021: folds 
Uncalled bet (30) returned to ardnaskela9
ardnaskela9 collected 60 from pot
*** SUMMARY ***
Total pot 60 | Rake 0 
Seat 1: ardnaskela9 (big blind) collected (60)
Seat 2: Mahu2021 (button) (small blind) folded before Flop



PokerStars Hand #247934780831: Tournament #3693051679, $1.84+$0.16 USD Hold'em No Limit - Level IV (30/60) - 2023/12/29 10:12:12 CET [2023/12/29 4:12:12 ET]
Table '3693051679 1' 3-max Seat #1 is the button
Seat 1: ardnaskela9 (525 in chips) 
Seat 2: Mahu2021 (975 in chips) 
ardnaskela9: posts small blind 30
Mahu2021: posts big blind 60
*** HOLE CARDS ***
Dealt to Mahu2021 [7c 5s]
ardnaskela9: folds 
Uncalled bet (30) returned to Mahu2021
Mahu2021 collected 60 from pot
Mahu2021: doesn't show hand 
*** SUMMARY ***
Total pot 60 | Rake 0 
Seat 1: ardnaskela9 (button) (small blind) folded before Flop
Seat 2: Mahu2021 (big blind) collected (60)



PokerStars Hand #247934781484: Tournament #3693051679, $1.84+$0.16 USD Hold'em No Limit - Level IV (30/60) - 2023/12/29 10:12:18 CET [2023/12/29 4:12:18 ET]
Table '3693051679 1' 3-max Seat #2 is the button
Seat 1: ardnaskela9 (495 in chips) 
Seat 2: Mahu2021 (1005 in chips) 
Mahu2021: posts small blind 30
ardnaskela9: posts big blind 60
*** HOLE CARDS ***
Dealt to Mahu2021 [4h 5c]
Mahu2021: calls 30
ardnaskela9: raises 435 to 495 and is all-in
Mahu2021: folds 
Uncalled bet (435) returned to ardnaskela9
ardnaskela9 collected 120 from pot
*** SUMMARY ***
Total pot 120 | Rake 0 
Seat 1: ardnaskela9 (big blind) collected (120)
Seat 2: Mahu2021 (button) (small blind) folded before Flop



PokerStars Hand #247934782533: Tournament #3693051679, $1.84+$0.16 USD Hold'em No Limit - Level IV (30/60) - 2023/12/29 10:12:27 CET [2023/12/29 4:12:27 ET]
Table '3693051679 1' 3-max Seat #1 is the button
Seat 1: ardnaskela9 (555 in chips) 
Seat 2: Mahu2021 (945 in chips) 
ardnaskela9: posts small blind 30
Mahu2021: posts big blind 60
*** HOLE CARDS ***
Dealt to Mahu2021 [7s 8h]
ardnaskela9: calls 30
Mahu2021: checks 
*** FLOP *** [3s 6s Ad]
Mahu2021: checks 
ardnaskela9: bets 120
Mahu2021: folds 
Uncalled bet (120) returned to ardnaskela9
ardnaskela9 collected 120 from pot
*** SUMMARY ***
Total pot 120 | Rake 0 
Board [3s 6s Ad]
Seat 1: ardnaskela9 (button) (small blind) collected (120)
Seat 2: Mahu2021 (big blind) folded on the Flop



PokerStars Hand #247934784059: Tournament #3693051679, $1.84+$0.16 USD Hold'em No Limit - Level IV (30/60) - 2023/12/29 10:12:39 CET [2023/12/29 4:12:39 ET]
Table '3693051679 1' 3-max Seat #2 is the button
Seat 1: ardnaskela9 (615 in chips) 
Seat 2: Mahu2021 (885 in chips) 
Mahu2021: posts small blind 30
ardnaskela9: posts big blind 60
*** HOLE CARDS ***
Dealt to Mahu2021 [6c Qs]
Mahu2021: folds 
Uncalled bet (30) returned to ardnaskela9
ardnaskela9 collected 60 from pot
*** SUMMARY ***
Total pot 60 | Rake 0 
Seat 1: ardnaskela9 (big blind) collected (60)
Seat 2: Mahu2021 (button) (small blind) folded before Flop



PokerStars Hand #247934784627: Tournament #3693051679, $1.84+$0.16 USD Hold'em No Limit - Level IV (30/60) - 2023/12/29 10:12:44 CET [2023/12/29 4:12:44 ET]
Table '3693051679 1' 3-max Seat #1 is the button
Seat 1: ardnaskela9 (645 in chips) 
Seat 2: Mahu2021 (855 in chips) 
ardnaskela9: posts small blind 30
Mahu2021: posts big blind 60
*** HOLE CARDS ***
Dealt to Mahu2021 [Ts Ah]
ardnaskela9: calls 30
Mahu2021: raises 120 to 180
ardnaskela9: calls 120
*** FLOP *** [4h 9c 6s]
Mahu2021: bets 675 and is all-in
ardnaskela9: calls 465 and is all-in
Uncalled bet (210) returned to Mahu2021
*** TURN *** [4h 9c 6s] [Ks]
*** RIVER *** [4h 9c 6s Ks] [6d]
*** SHOW DOWN ***
Mahu2021: shows [Ts Ah] (a pair of Sixes)
ardnaskela9: shows [8d 9h] (two pair, Nines and Sixes)
ardnaskela9 collected 1290 from pot
*** SUMMARY ***
Total pot 1290 | Rake 0 
Board [4h 9c 6s Ks 6d]
Seat 1: ardnaskela9 (button) (small blind) showed [8d 9h] and won (1290) with two pair, Nines and Sixes
Seat 2: Mahu2021 (big blind) showed [Ts Ah] and lost with a pair of Sixes



PokerStars Hand #247934786685: Tournament #3693051679, $1.84+$0.16 USD Hold'em No Limit - Level IV (30/60) - 2023/12/29 10:13:02 CET [2023/12/29 4:13:02 ET]
Table '3693051679 1' 3-max Seat #2 is the button
Seat 1: ardnaskela9 (1290 in chips) 
Seat 2: Mahu2021 (210 in chips) 
Mahu2021: posts small blind 30
ardnaskela9: posts big blind 60
*** HOLE CARDS ***
Dealt to Mahu2021 [4d Kc]
Mahu2021: calls 30
ardnaskela9: raises 60 to 120
Mahu2021: calls 60
*** FLOP *** [Tc 4s Ks]
ardnaskela9: bets 60
Mahu2021: raises 30 to 90 and is all-in
ardnaskela9: calls 30
*** TURN *** [Tc 4s Ks] [Ah]
*** RIVER *** [Tc 4s Ks Ah] [9h]
*** SHOW DOWN ***
ardnaskela9: shows [3s As] (a pair of Aces)
Mahu2021: shows [4d Kc] (two pair, Kings and Fours)
Mahu2021 collected 420 from pot
*** SUMMARY ***
Total pot 420 | Rake 0 
Board [Tc 4s Ks Ah 9h]
Seat 1: ardnaskela9 (big blind) showed [3s As] and lost with a pair of Aces
Seat 2: Mahu2021 (button) (small blind) showed [4d Kc] and won (420) with two pair, Kings and Fours



PokerStars Hand #247934788894: Tournament #3693051679, $1.84+$0.16 USD Hold'em No Limit - Level IV (30/60) - 2023/12/29 10:13:21 CET [2023/12/29 4:13:21 ET]
Table '3693051679 1' 3-max Seat #1 is the button
Seat 1: ardnaskela9 (1080 in chips) 
Seat 2: Mahu2021 (420 in chips) 
ardnaskela9: posts small blind 30
Mahu2021: posts big blind 60
*** HOLE CARDS ***
Dealt to Mahu2021 [Qs Qc]
ardnaskela9: folds 
Uncalled bet (30) returned to Mahu2021
Mahu2021 collected 60 from pot
Mahu2021: doesn't show hand 
*** SUMMARY ***
Total pot 60 | Rake 0 
Seat 1: ardnaskela9 (button) (small blind) folded before Flop
Seat 2: Mahu2021 (big blind) collected (60)



PokerStars Hand #247934789467: Tournament #3693051679, $1.84+$0.16 USD Hold'em No Limit - Level IV (30/60) - 2023/12/29 10:13:26 CET [2023/12/29 4:13:26 ET]
Table '3693051679 1' 3-max Seat #2 is the button
Seat 1: ardnaskela9 (1050 in chips) 
Seat 2: Mahu2021 (450 in chips) 
Mahu2021: posts small blind 30
ardnaskela9: posts big blind 60
*** HOLE CARDS ***
Dealt to Mahu2021 [4c 9c]
Mahu2021: calls 30
ardnaskela9: raises 120 to 180
Mahu2021: folds 
Uncalled bet (120) returned to ardnaskela9
ardnaskela9 collected 120 from pot
*** SUMMARY ***
Total pot 120 | Rake 0 
Seat 1: ardnaskela9 (big blind) collected (120)
Seat 2: Mahu2021 (button) (small blind) folded before Flop



PokerStars Hand #247934790433: Tournament #3693051679, $1.84+$0.16 USD Hold'em No Limit - Level IV (30/60) - 2023/12/29 10:13:34 CET [2023/12/29 4:13:34 ET]
Table '3693051679 1' 3-max Seat #1 is the button
Seat 1: ardnaskela9 (1110 in chips) 
Seat 2: Mahu2021 (390 in chips) 
ardnaskela9: posts small blind 30
Mahu2021: posts big blind 60
*** HOLE CARDS ***
Dealt to Mahu2021 [Jd Jh]
ardnaskela9: folds 
Uncalled bet (30) returned to Mahu2021
Mahu2021 collected 60 from pot
Mahu2021: doesn't show hand 
*** SUMMARY ***
Total pot 60 | Rake 0 
Seat 1: ardnaskela9 (button) (small blind) folded before Flop
Seat 2: Mahu2021 (big blind) collected (60)



PokerStars Hand #247934791035: Tournament #3693051679, $1.84+$0.16 USD Hold'em No Limit - Level IV (30/60) - 2023/12/29 10:13:39 CET [2023/12/29 4:13:39 ET]
Table '3693051679 1' 3-max Seat #2 is the button
Seat 1: ardnaskela9 (1080 in chips) 
Seat 2: Mahu2021 (420 in chips) 
Mahu2021: posts small blind 30
ardnaskela9: posts big blind 60
*** HOLE CARDS ***
Dealt to Mahu2021 [9d 3d]
Mahu2021: folds 
Uncalled bet (30) returned to ardnaskela9
ardnaskela9 collected 60 from pot
*** SUMMARY ***
Total pot 60 | Rake 0 
Seat 1: ardnaskela9 (big blind) collected (60)
Seat 2: Mahu2021 (button) (small blind) folded before Flop



PokerStars Hand #247934791557: Tournament #3693051679, $1.84+$0.16 USD Hold'em No Limit - Level IV (30/60) - 2023/12/29 10:13:44 CET [2023/12/29 4:13:44 ET]
Table '3693051679 1' 3-max Seat #1 is the button
Seat 1: ardnaskela9 (1110 in chips) 
Seat 2: Mahu2021 (390 in chips) 
ardnaskela9: posts small blind 30
Mahu2021: posts big blind 60
*** HOLE CARDS ***
Dealt to Mahu2021 [Ac Ts]
ardnaskela9: folds 
Uncalled bet (30) returned to Mahu2021
Mahu2021 collected 60 from pot
Mahu2021: doesn't show hand 
*** SUMMARY ***
Total pot 60 | Rake 0 
Seat 1: ardnaskela9 (button) (small blind) folded before Flop
Seat 2: Mahu2021 (big blind) collected (60)



PokerStars Hand #247934792500: Tournament #3693051679, $1.84+$0.16 USD Hold'em No Limit - Level IV (30/60) - 2023/12/29 10:13:51 CET [2023/12/29 4:13:51 ET]
Table '3693051679 1' 3-max Seat #2 is the button
Seat 1: ardnaskela9 (1080 in chips) 
Seat 2: Mahu2021 (420 in chips) 
Mahu2021: posts small blind 30
ardnaskela9: posts big blind 60
*** HOLE CARDS ***
Dealt to Mahu2021 [2h Qh]
Mahu2021: calls 30
ardnaskela9: checks 
*** FLOP *** [8c 7d 9s]
ardnaskela9: checks 
Mahu2021: checks 
*** TURN *** [8c 7d 9s] [Ad]
ardnaskela9: bets 120
Mahu2021: folds 
Uncalled bet (120) returned to ardnaskela9
ardnaskela9 collected 120 from pot
*** SUMMARY ***
Total pot 120 | Rake 0 
Board [8c 7d 9s Ad]
Seat 1: ardnaskela9 (big blind) collected (120)
Seat 2: Mahu2021 (button) (small blind) folded on the Turn



PokerStars Hand #247934795410: Tournament #3693051679, $1.84+$0.16 USD Hold'em No Limit - Level V (40/80) - 2023/12/29 10:14:16 CET [2023/12/29 4:14:16 ET]
Table '3693051679 1' 3-max Seat #1 is the button
Seat 1: ardnaskela9 (1140 in chips) 
Seat 2: Mahu2021 (360 in chips) 
ardnaskela9: posts small blind 40
Mahu2021: posts big blind 80
*** HOLE CARDS ***
Dealt to Mahu2021 [Qs 2s]
ardnaskela9: raises 160 to 240
Mahu2021: folds 
Uncalled bet (160) returned to ardnaskela9
ardnaskela9 collected 160 from pot
*** SUMMARY ***
Total pot 160 | Rake 0 
Seat 1: ardnaskela9 (button) (small blind) collected (160)
Seat 2: Mahu2021 (big blind) folded before Flop



PokerStars Hand #247934796499: Tournament #3693051679, $1.84+$0.16 USD Hold'em No Limit - Level V (40/80) - 2023/12/29 10:14:25 CET [2023/12/29 4:14:25 ET]
Table '3693051679 1' 3-max Seat #2 is the button
Seat 1: ardnaskela9 (1220 in chips) 
Seat 2: Mahu2021 (280 in chips) 
Mahu2021: posts small blind 40
ardnaskela9: posts big blind 80
*** HOLE CARDS ***
Dealt to Mahu2021 [2c Qh]
Mahu2021: folds 
Uncalled bet (40) returned to ardnaskela9
ardnaskela9 collected 80 from pot
*** SUMMARY ***
Total pot 80 | Rake 0 
Seat 1: ardnaskela9 (big blind) collected (80)
Seat 2: Mahu2021 (button) (small blind) folded before Flop



PokerStars Hand #247934797146: Tournament #3693051679, $1.84+$0.16 USD Hold'em No Limit - Level V (40/80) - 2023/12/29 10:14:31 CET [2023/12/29 4:14:31 ET]
Table '3693051679 1' 3-max Seat #1 is the button
Seat 1: ardnaskela9 (1260 in chips) 
Seat 2: Mahu2021 (240 in chips) 
ardnaskela9: posts small blind 40
Mahu2021: posts big blind 80
*** HOLE CARDS ***
Dealt to Mahu2021 [3h 9d]
ardnaskela9: folds 
Uncalled bet (40) returned to Mahu2021
Mahu2021 collected 80 from pot
Mahu2021: doesn't show hand 
*** SUMMARY ***
Total pot 80 | Rake 0 
Seat 1: ardnaskela9 (button) (small blind) folded before Flop
Seat 2: Mahu2021 (big blind) collected (80)



PokerStars Hand #247934798520: Tournament #3693051679, $1.84+$0.16 USD Hold'em No Limit - Level V (40/80) - 2023/12/29 10:14:43 CET [2023/12/29 4:14:43 ET]
Table '3693051679 1' 3-max Seat #2 is the button
Seat 1: ardnaskela9 (1220 in chips) 
Seat 2: Mahu2021 (280 in chips) 
Mahu2021: posts small blind 40
ardnaskela9: posts big blind 80
*** HOLE CARDS ***
Dealt to Mahu2021 [Js 8h]
Mahu2021: raises 200 to 280 and is all-in
ardnaskela9: calls 200
*** FLOP *** [7s Ks 7h]
*** TURN *** [7s Ks 7h] [9d]
*** RIVER *** [7s Ks 7h 9d] [Td]
*** SHOW DOWN ***
ardnaskela9: shows [9s Qc] (two pair, Nines and Sevens)
Mahu2021: shows [Js 8h] (a straight, Seven to Jack)
Mahu2021 collected 560 from pot
*** SUMMARY ***
Total pot 560 | Rake 0 
Board [7s Ks 7h 9d Td]
Seat 1: ardnaskela9 (big blind) showed [9s Qc] and lost with two pair, Nines and Sevens
Seat 2: Mahu2021 (button) (small blind) showed [Js 8h] and won (560) with a straight, Seven to Jack



PokerStars Hand #247934800197: Tournament #3693051679, $1.84+$0.16 USD Hold'em No Limit - Level V (40/80) - 2023/12/29 10:14:57 CET [2023/12/29 4:14:57 ET]
Table '3693051679 1' 3-max Seat #1 is the button
Seat 1: ardnaskela9 (940 in chips) 
Seat 2: Mahu2021 (560 in chips) 
ardnaskela9: posts small blind 40
Mahu2021: posts big blind 80
*** HOLE CARDS ***
Dealt to Mahu2021 [Qc 4h]
ardnaskela9: raises 860 to 940 and is all-in
Mahu2021: folds 
Uncalled bet (860) returned to ardnaskela9
ardnaskela9 collected 160 from pot
*** SUMMARY ***
Total pot 160 | Rake 0 
Seat 1: ardnaskela9 (button) (small blind) collected (160)
Seat 2: Mahu2021 (big blind) folded before Flop



PokerStars Hand #247934801085: Tournament #3693051679, $1.84+$0.16 USD Hold'em No Limit - Level V (40/80) - 2023/12/29 10:15:04 CET [2023/12/29 4:15:04 ET]
Table '3693051679 1' 3-max Seat #2 is the button
Seat 1: ardnaskela9 (1020 in chips) 
Seat 2: Mahu2021 (480 in chips) 
Mahu2021: posts small blind 40
ardnaskela9: posts big blind 80
*** HOLE CARDS ***
Dealt to Mahu2021 [8d Jd]
Mahu2021: raises 400 to 480 and is all-in
ardnaskela9: calls 400
*** FLOP *** [4d 5d 9s]
*** TURN *** [4d 5d 9s] [5c]
*** RIVER *** [4d 5d 9s 5c] [Kd]
*** SHOW DOWN ***
ardnaskela9: shows [3c Ah] (a pair of Fives)
Mahu2021: shows [8d Jd] (a flush, King high)
Mahu2021 collected 960 from pot
*** SUMMARY ***
Total pot 960 | Rake 0 
Board [4d 5d 9s 5c Kd]
Seat 1: ardnaskela9 (big blind) showed [3c Ah] and lost with a pair of Fives
Seat 2: Mahu2021 (button) (small blind) showed [8d Jd] and won (960) with a flush, King high



PokerStars Hand #247934802771: Tournament #3693051679, $1.84+$0.16 USD Hold'em No Limit - Level V (40/80) - 2023/12/29 10:15:19 CET [2023/12/29 4:15:19 ET]
Table '3693051679 1' 3-max Seat #1 is the button
Seat 1: ardnaskela9 (540 in chips) 
Seat 2: Mahu2021 (960 in chips) 
ardnaskela9: posts small blind 40
Mahu2021: posts big blind 80
*** HOLE CARDS ***
Dealt to Mahu2021 [As 9d]
ardnaskela9: folds 
Uncalled bet (40) returned to Mahu2021
Mahu2021 collected 80 from pot
Mahu2021: doesn't show hand 
*** SUMMARY ***
Total pot 80 | Rake 0 
Seat 1: ardnaskela9 (button) (small blind) folded before Flop
Seat 2: Mahu2021 (big blind) collected (80)



PokerStars Hand #247934803640: Tournament #3693051679, $1.84+$0.16 USD Hold'em No Limit - Level V (40/80) - 2023/12/29 10:15:26 CET [2023/12/29 4:15:26 ET]
Table '3693051679 1' 3-max Seat #2 is the button
Seat 1: ardnaskela9 (500 in chips) 
Seat 2: Mahu2021 (1000 in chips) 
Mahu2021: posts small blind 40
ardnaskela9: posts big blind 80
*** HOLE CARDS ***
Dealt to Mahu2021 [Ac 3c]
Mahu2021: raises 920 to 1000 and is all-in
ardnaskela9: folds 
Uncalled bet (920) returned to Mahu2021
Mahu2021 collected 160 from pot
Mahu2021: doesn't show hand 
*** SUMMARY ***
Total pot 160 | Rake 0 
Seat 1: ardnaskela9 (big blind) folded before Flop
Seat 2: Mahu2021 (button) (small blind) collected (160)



PokerStars Hand #247934804443: Tournament #3693051679, $1.84+$0.16 USD Hold'em No Limit - Level V (40/80) - 2023/12/29 10:15:33 CET [2023/12/29 4:15:33 ET]
Table '3693051679 1' 3-max Seat #1 is the button
Seat 1: ardnaskela9 (420 in chips) 
Seat 2: Mahu2021 (1080 in chips) 
ardnaskela9: posts small blind 40
Mahu2021: posts big blind 80
*** HOLE CARDS ***
Dealt to Mahu2021 [Th Kc]
ardnaskela9: raises 340 to 420 and is all-in
Mahu2021: calls 340
*** FLOP *** [7s 4c 8s]
*** TURN *** [7s 4c 8s] [Ks]
*** RIVER *** [7s 4c 8s Ks] [Jd]
*** SHOW DOWN ***
Mahu2021: shows [Th Kc] (a pair of Kings)
ardnaskela9: shows [Td Ac] (high card Ace)
Mahu2021 collected 840 from pot
ardnaskela9 finished the tournament in 2nd place
Mahu2021 wins the tournament and receives $6.00 - congratulations!
*** SUMMARY ***
Total pot 840 | Rake 0 
Board [7s 4c 8s Ks Jd]
Seat 1: ardnaskela9 (button) (small blind) showed [Td Ac] and lost with high card Ace
Seat 2: Mahu2021 (big blind) showed [Th Kc] and won (840) with a pair of Kings



