PokerStars Hand #243911927665: Tournament #3596211060, $0.92+$0.08 USD Hold'em No Limit - Level I (10/20) - 2023/05/26 9:32:14 CET [2023/05/26 3:32:14 ET]
Table '3596211060 1' 3-max Seat #1 is the button
Seat 1: Mahu2021 (500 in chips) 
Seat 2: ROKD88 (500 in chips) 
Seat 3: Karagh87 (500 in chips) 
ROKD88: posts small blind 10
Karagh87: posts big blind 20
*** HOLE CARDS ***
Dealt to Mahu2021 [2h Ad]
Mahu2021: folds 
ROKD88: calls 10
Karagh87: raises 20 to 40
ROKD88: calls 20
*** FLOP *** [5c 5s Jd]
ROKD88: checks 
Karagh87: bets 40
ROKD88: calls 40
*** TURN *** [5c 5s Jd] [3d]
ROKD88: bets 160
Karagh87: folds 
Uncalled bet (160) returned to ROKD88
ROKD88 collected 160 from pot
*** SUMMARY ***
Total pot 160 | Rake 0 
Board [5c 5s Jd 3d]
Seat 1: Mahu2021 (button) folded before Flop (didn't bet)
Seat 2: ROKD88 (small blind) collected (160)
Seat 3: Karagh87 (big blind) folded on the Turn



PokerStars Hand #243911930817: Tournament #3596211060, $0.92+$0.08 USD Hold'em No Limit - Level I (10/20) - 2023/05/26 9:32:43 CET [2023/05/26 3:32:43 ET]
Table '3596211060 1' 3-max Seat #2 is the button
Seat 1: Mahu2021 (500 in chips) 
Seat 2: ROKD88 (580 in chips) 
Seat 3: Karagh87 (420 in chips) 
Karagh87: posts small blind 10
Mahu2021: posts big blind 20
*** HOLE CARDS ***
Dealt to Mahu2021 [Qd Qs]
ROKD88: folds 
Karagh87: calls 10
Mahu2021: raises 480 to 500 and is all-in
Karagh87: folds 
Uncalled bet (480) returned to Mahu2021
Mahu2021 collected 40 from pot
Mahu2021: doesn't show hand 
*** SUMMARY ***
Total pot 40 | Rake 0 
Seat 1: Mahu2021 (big blind) collected (40)
Seat 2: ROKD88 (button) folded before Flop (didn't bet)
Seat 3: Karagh87 (small blind) folded before Flop



PokerStars Hand #243911931687: Tournament #3596211060, $0.92+$0.08 USD Hold'em No Limit - Level I (10/20) - 2023/05/26 9:32:52 CET [2023/05/26 3:32:52 ET]
Table '3596211060 1' 3-max Seat #3 is the button
Seat 1: Mahu2021 (520 in chips) 
Seat 2: ROKD88 (580 in chips) 
Seat 3: Karagh87 (400 in chips) 
Mahu2021: posts small blind 10
ROKD88: posts big blind 20
*** HOLE CARDS ***
Dealt to Mahu2021 [8h Qd]
Karagh87: folds 
Mahu2021: calls 10
ROKD88: checks 
*** FLOP *** [Kh 4s Ac]
Mahu2021: checks 
ROKD88: checks 
*** TURN *** [Kh 4s Ac] [8d]
Mahu2021: checks 
ROKD88: checks 
*** RIVER *** [Kh 4s Ac 8d] [6d]
Mahu2021: bets 20
ROKD88: folds 
Uncalled bet (20) returned to Mahu2021
Mahu2021 collected 40 from pot
Mahu2021: doesn't show hand 
*** SUMMARY ***
Total pot 40 | Rake 0 
Board [Kh 4s Ac 8d 6d]
Seat 1: Mahu2021 (small blind) collected (40)
Seat 2: ROKD88 (big blind) folded on the River
Seat 3: Karagh87 (button) folded before Flop (didn't bet)



PokerStars Hand #243911933448: Tournament #3596211060, $0.92+$0.08 USD Hold'em No Limit - Level I (10/20) - 2023/05/26 9:33:08 CET [2023/05/26 3:33:08 ET]
Table '3596211060 1' 3-max Seat #1 is the button
Seat 1: Mahu2021 (540 in chips) 
Seat 2: ROKD88 (560 in chips) 
Seat 3: Karagh87 (400 in chips) 
ROKD88: posts small blind 10
Karagh87: posts big blind 20
*** HOLE CARDS ***
Dealt to Mahu2021 [Ts 7h]
Mahu2021: folds 
ROKD88: raises 40 to 60
Karagh87: calls 40
*** FLOP *** [Jc Kc 8c]
ROKD88: bets 120
Karagh87: folds 
Uncalled bet (120) returned to ROKD88
ROKD88 collected 120 from pot
*** SUMMARY ***
Total pot 120 | Rake 0 
Board [Jc Kc 8c]
Seat 1: Mahu2021 (button) folded before Flop (didn't bet)
Seat 2: ROKD88 (small blind) collected (120)
Seat 3: Karagh87 (big blind) folded on the Flop



PokerStars Hand #243911934930: Tournament #3596211060, $0.92+$0.08 USD Hold'em No Limit - Level I (10/20) - 2023/05/26 9:33:22 CET [2023/05/26 3:33:22 ET]
Table '3596211060 1' 3-max Seat #2 is the button
Seat 1: Mahu2021 (540 in chips) 
Seat 2: ROKD88 (620 in chips) 
Seat 3: Karagh87 (340 in chips) 
Karagh87: posts small blind 10
Mahu2021: posts big blind 20
*** HOLE CARDS ***
Dealt to Mahu2021 [6d 3h]
ROKD88: folds 
Karagh87: calls 10
Mahu2021: checks 
*** FLOP *** [3s 6h Ah]
Karagh87: checks 
Mahu2021: bets 40
Karagh87: folds 
Uncalled bet (40) returned to Mahu2021
Mahu2021 collected 40 from pot
Mahu2021: doesn't show hand 
*** SUMMARY ***
Total pot 40 | Rake 0 
Board [3s 6h Ah]
Seat 1: Mahu2021 (big blind) collected (40)
Seat 2: ROKD88 (button) folded before Flop (didn't bet)
Seat 3: Karagh87 (small blind) folded on the Flop



PokerStars Hand #243911936351: Tournament #3596211060, $0.92+$0.08 USD Hold'em No Limit - Level I (10/20) - 2023/05/26 9:33:36 CET [2023/05/26 3:33:36 ET]
Table '3596211060 1' 3-max Seat #3 is the button
Seat 1: Mahu2021 (560 in chips) 
Seat 2: ROKD88 (620 in chips) 
Seat 3: Karagh87 (320 in chips) 
Mahu2021: posts small blind 10
ROKD88: posts big blind 20
*** HOLE CARDS ***
Dealt to Mahu2021 [Ac 7s]
Karagh87: calls 20
Mahu2021: calls 10
ROKD88: checks 
*** FLOP *** [Js 8h Kh]
Mahu2021: checks 
ROKD88: checks 
Karagh87: checks 
*** TURN *** [Js 8h Kh] [8d]
Mahu2021: checks 
ROKD88: checks 
Karagh87: checks 
*** RIVER *** [Js 8h Kh 8d] [9h]
Mahu2021: checks 
ROKD88: checks 
Karagh87: checks 
*** SHOW DOWN ***
Mahu2021: shows [Ac 7s] (a pair of Eights)
ROKD88: shows [9s 4d] (two pair, Nines and Eights)
Karagh87: mucks hand 
ROKD88 collected 60 from pot
*** SUMMARY ***
Total pot 60 | Rake 0 
Board [Js 8h Kh 8d 9h]
Seat 1: Mahu2021 (small blind) showed [Ac 7s] and lost with a pair of Eights
Seat 2: ROKD88 (big blind) showed [9s 4d] and won (60) with two pair, Nines and Eights
Seat 3: Karagh87 (button) mucked [6h 7c]



PokerStars Hand #243911938285: Tournament #3596211060, $0.92+$0.08 USD Hold'em No Limit - Level I (10/20) - 2023/05/26 9:33:54 CET [2023/05/26 3:33:54 ET]
Table '3596211060 1' 3-max Seat #1 is the button
Seat 1: Mahu2021 (540 in chips) 
Seat 2: ROKD88 (660 in chips) 
Seat 3: Karagh87 (300 in chips) 
ROKD88: posts small blind 10
Karagh87: posts big blind 20
*** HOLE CARDS ***
Dealt to Mahu2021 [6s 7d]
Mahu2021: folds 
ROKD88: folds 
Uncalled bet (10) returned to Karagh87
Karagh87 collected 20 from pot
*** SUMMARY ***
Total pot 20 | Rake 0 
Seat 1: Mahu2021 (button) folded before Flop (didn't bet)
Seat 2: ROKD88 (small blind) folded before Flop
Seat 3: Karagh87 (big blind) collected (20)



PokerStars Hand #243911938795: Tournament #3596211060, $0.92+$0.08 USD Hold'em No Limit - Level I (10/20) - 2023/05/26 9:33:59 CET [2023/05/26 3:33:59 ET]
Table '3596211060 1' 3-max Seat #2 is the button
Seat 1: Mahu2021 (540 in chips) 
Seat 2: ROKD88 (650 in chips) 
Seat 3: Karagh87 (310 in chips) 
Karagh87: posts small blind 10
Mahu2021: posts big blind 20
*** HOLE CARDS ***
Dealt to Mahu2021 [7d 9c]
ROKD88: calls 20
Karagh87: calls 10
Mahu2021: checks 
*** FLOP *** [Kh Ks Tc]
Karagh87: bets 40
Mahu2021: folds 
ROKD88: folds 
Uncalled bet (40) returned to Karagh87
Karagh87 collected 60 from pot
*** SUMMARY ***
Total pot 60 | Rake 0 
Board [Kh Ks Tc]
Seat 1: Mahu2021 (big blind) folded on the Flop
Seat 2: ROKD88 (button) folded on the Flop
Seat 3: Karagh87 (small blind) collected (60)



PokerStars Hand #243911940034: Tournament #3596211060, $0.92+$0.08 USD Hold'em No Limit - Level I (10/20) - 2023/05/26 9:34:11 CET [2023/05/26 3:34:11 ET]
Table '3596211060 1' 3-max Seat #3 is the button
Seat 1: Mahu2021 (520 in chips) 
Seat 2: ROKD88 (630 in chips) 
Seat 3: Karagh87 (350 in chips) 
Mahu2021: posts small blind 10
ROKD88: posts big blind 20
*** HOLE CARDS ***
Dealt to Mahu2021 [3c 3s]
Karagh87: calls 20
Mahu2021: calls 10
ROKD88: checks 
*** FLOP *** [6h 3h Jc]
Mahu2021: checks 
ROKD88: checks 
Karagh87: bets 40
Mahu2021: calls 40
ROKD88: folds 
*** TURN *** [6h 3h Jc] [Th]
Mahu2021: checks 
Karagh87: bets 40
Mahu2021: calls 40
*** RIVER *** [6h 3h Jc Th] [5h]
Mahu2021: checks 
Karagh87: bets 40
Mahu2021: calls 40
*** SHOW DOWN ***
Karagh87: shows [Qh 4h] (a flush, Queen high)
Mahu2021: mucks hand 
Karagh87 collected 300 from pot
*** SUMMARY ***
Total pot 300 | Rake 0 
Board [6h 3h Jc Th 5h]
Seat 1: Mahu2021 (small blind) mucked [3c 3s]
Seat 2: ROKD88 (big blind) folded on the Flop
Seat 3: Karagh87 (button) showed [Qh 4h] and won (300) with a flush, Queen high



PokerStars Hand #243911942101: Tournament #3596211060, $0.92+$0.08 USD Hold'em No Limit - Level I (10/20) - 2023/05/26 9:34:30 CET [2023/05/26 3:34:30 ET]
Table '3596211060 1' 3-max Seat #1 is the button
Seat 1: Mahu2021 (380 in chips) 
Seat 2: ROKD88 (610 in chips) 
Seat 3: Karagh87 (510 in chips) 
ROKD88: posts small blind 10
Karagh87: posts big blind 20
*** HOLE CARDS ***
Dealt to Mahu2021 [6c As]
Mahu2021: folds 
ROKD88: folds 
Uncalled bet (10) returned to Karagh87
Karagh87 collected 20 from pot
*** SUMMARY ***
Total pot 20 | Rake 0 
Seat 1: Mahu2021 (button) folded before Flop (didn't bet)
Seat 2: ROKD88 (small blind) folded before Flop
Seat 3: Karagh87 (big blind) collected (20)



PokerStars Hand #243911942683: Tournament #3596211060, $0.92+$0.08 USD Hold'em No Limit - Level I (10/20) - 2023/05/26 9:34:36 CET [2023/05/26 3:34:36 ET]
Table '3596211060 1' 3-max Seat #2 is the button
Seat 1: Mahu2021 (380 in chips) 
Seat 2: ROKD88 (600 in chips) 
Seat 3: Karagh87 (520 in chips) 
Karagh87: posts small blind 10
Mahu2021: posts big blind 20
*** HOLE CARDS ***
Dealt to Mahu2021 [6c 7s]
ROKD88: raises 60 to 80
Karagh87: calls 70
Mahu2021: folds 
*** FLOP *** [9c Kc 7h]
Karagh87: checks 
ROKD88: checks 
*** TURN *** [9c Kc 7h] [8d]
Karagh87: checks 
ROKD88: checks 
*** RIVER *** [9c Kc 7h 8d] [Js]
Karagh87: checks 
ROKD88: checks 
*** SHOW DOWN ***
Karagh87: shows [4s Ah] (high card Ace)
ROKD88: shows [Ad Qh] (high card Ace - King+Queen kicker)
ROKD88 collected 180 from pot
*** SUMMARY ***
Total pot 180 | Rake 0 
Board [9c Kc 7h 8d Js]
Seat 1: Mahu2021 (big blind) folded before Flop
Seat 2: ROKD88 (button) showed [Ad Qh] and won (180) with high card Ace
Seat 3: Karagh87 (small blind) showed [4s Ah] and lost with high card Ace



PokerStars Hand #243911945870: Tournament #3596211060, $0.92+$0.08 USD Hold'em No Limit - Level I (10/20) - 2023/05/26 9:35:06 CET [2023/05/26 3:35:06 ET]
Table '3596211060 1' 3-max Seat #3 is the button
Seat 1: Mahu2021 (360 in chips) 
Seat 2: ROKD88 (700 in chips) 
Seat 3: Karagh87 (440 in chips) 
Mahu2021: posts small blind 10
ROKD88: posts big blind 20
*** HOLE CARDS ***
Dealt to Mahu2021 [7s 5d]
Karagh87: calls 20
Mahu2021: folds 
ROKD88: checks 
*** FLOP *** [Tc Th 9h]
ROKD88: checks 
Karagh87: checks 
*** TURN *** [Tc Th 9h] [Td]
ROKD88: bets 20
Karagh87: calls 20
*** RIVER *** [Tc Th 9h Td] [Jd]
ROKD88: checks 
Karagh87: checks 
*** SHOW DOWN ***
ROKD88: shows [Ac 7d] (three of a kind, Tens)
Karagh87: shows [Qs Ah] (three of a kind, Tens - Ace+Queen kicker)
Karagh87 collected 90 from pot
*** SUMMARY ***
Total pot 90 | Rake 0 
Board [Tc Th 9h Td Jd]
Seat 1: Mahu2021 (small blind) folded before Flop
Seat 2: ROKD88 (big blind) showed [Ac 7d] and lost with three of a kind, Tens
Seat 3: Karagh87 (button) showed [Qs Ah] and won (90) with three of a kind, Tens



PokerStars Hand #243911948145: Tournament #3596211060, $0.92+$0.08 USD Hold'em No Limit - Level II (15/30) - 2023/05/26 9:35:28 CET [2023/05/26 3:35:28 ET]
Table '3596211060 1' 3-max Seat #1 is the button
Seat 1: Mahu2021 (350 in chips) 
Seat 2: ROKD88 (660 in chips) 
Seat 3: Karagh87 (490 in chips) 
ROKD88: posts small blind 15
Karagh87: posts big blind 30
*** HOLE CARDS ***
Dealt to Mahu2021 [Jc Ks]
Mahu2021: raises 30 to 60
ROKD88: calls 45
Karagh87: calls 30
*** FLOP *** [As 2h 6d]
ROKD88: checks 
Karagh87: bets 60
Mahu2021: folds 
ROKD88: calls 60
*** TURN *** [As 2h 6d] [3d]
ROKD88: checks 
Karagh87: checks 
*** RIVER *** [As 2h 6d 3d] [Th]
ROKD88: checks 
Karagh87: checks 
*** SHOW DOWN ***
ROKD88: shows [Kd Td] (a pair of Tens)
Karagh87: mucks hand 
ROKD88 collected 300 from pot
*** SUMMARY ***
Total pot 300 | Rake 0 
Board [As 2h 6d 3d Th]
Seat 1: Mahu2021 (button) folded on the Flop
Seat 2: ROKD88 (small blind) showed [Kd Td] and won (300) with a pair of Tens
Seat 3: Karagh87 (big blind) mucked [Qs 6c]



PokerStars Hand #243911950549: Tournament #3596211060, $0.92+$0.08 USD Hold'em No Limit - Level II (15/30) - 2023/05/26 9:35:50 CET [2023/05/26 3:35:50 ET]
Table '3596211060 1' 3-max Seat #2 is the button
Seat 1: Mahu2021 (290 in chips) 
Seat 2: ROKD88 (840 in chips) 
Seat 3: Karagh87 (370 in chips) 
Karagh87: posts small blind 15
Mahu2021: posts big blind 30
*** HOLE CARDS ***
Dealt to Mahu2021 [5s 6d]
ROKD88: raises 30 to 60
Karagh87: calls 45
Mahu2021: calls 30
*** FLOP *** [7h 2s Td]
Karagh87: checks 
Mahu2021: checks 
ROKD88: bets 180
Karagh87: folds 
Mahu2021: folds 
Uncalled bet (180) returned to ROKD88
ROKD88 collected 180 from pot
*** SUMMARY ***
Total pot 180 | Rake 0 
Board [7h 2s Td]
Seat 1: Mahu2021 (big blind) folded on the Flop
Seat 2: ROKD88 (button) collected (180)
Seat 3: Karagh87 (small blind) folded on the Flop



PokerStars Hand #243911951917: Tournament #3596211060, $0.92+$0.08 USD Hold'em No Limit - Level II (15/30) - 2023/05/26 9:36:03 CET [2023/05/26 3:36:03 ET]
Table '3596211060 1' 3-max Seat #3 is the button
Seat 1: Mahu2021 (230 in chips) 
Seat 2: ROKD88 (960 in chips) 
Seat 3: Karagh87 (310 in chips) 
Mahu2021: posts small blind 15
ROKD88: posts big blind 30
*** HOLE CARDS ***
Dealt to Mahu2021 [Ts 4s]
Karagh87: calls 30
Mahu2021: calls 15
ROKD88: checks 
*** FLOP *** [9d Kc 9s]
Mahu2021: checks 
ROKD88: checks 
Karagh87: checks 
*** TURN *** [9d Kc 9s] [Qh]
Mahu2021: checks 
ROKD88: checks 
Karagh87: bets 60
Mahu2021: folds 
ROKD88: folds 
Uncalled bet (60) returned to Karagh87
Karagh87 collected 90 from pot
*** SUMMARY ***
Total pot 90 | Rake 0 
Board [9d Kc 9s Qh]
Seat 1: Mahu2021 (small blind) folded on the Turn
Seat 2: ROKD88 (big blind) folded on the Turn
Seat 3: Karagh87 (button) collected (90)



PokerStars Hand #243911954515: Tournament #3596211060, $0.92+$0.08 USD Hold'em No Limit - Level II (15/30) - 2023/05/26 9:36:28 CET [2023/05/26 3:36:28 ET]
Table '3596211060 1' 3-max Seat #1 is the button
Seat 1: Mahu2021 (200 in chips) 
Seat 2: ROKD88 (930 in chips) 
Seat 3: Karagh87 (370 in chips) 
ROKD88: posts small blind 15
Karagh87: posts big blind 30
*** HOLE CARDS ***
Dealt to Mahu2021 [7c 3h]
Mahu2021: folds 
ROKD88: folds 
Uncalled bet (15) returned to Karagh87
Karagh87 collected 30 from pot
*** SUMMARY ***
Total pot 30 | Rake 0 
Seat 1: Mahu2021 (button) folded before Flop (didn't bet)
Seat 2: ROKD88 (small blind) folded before Flop
Seat 3: Karagh87 (big blind) collected (30)



PokerStars Hand #243911955158: Tournament #3596211060, $0.92+$0.08 USD Hold'em No Limit - Level II (15/30) - 2023/05/26 9:36:34 CET [2023/05/26 3:36:34 ET]
Table '3596211060 1' 3-max Seat #2 is the button
Seat 1: Mahu2021 (200 in chips) 
Seat 2: ROKD88 (915 in chips) 
Seat 3: Karagh87 (385 in chips) 
Karagh87: posts small blind 15
Mahu2021: posts big blind 30
*** HOLE CARDS ***
Dealt to Mahu2021 [8d 6c]
ROKD88: folds 
Karagh87: calls 15
Mahu2021: checks 
*** FLOP *** [7c 5s 4c]
Karagh87: checks 
Mahu2021: bets 30
Karagh87: folds 
Uncalled bet (30) returned to Mahu2021
Mahu2021 collected 60 from pot
Mahu2021: doesn't show hand 
*** SUMMARY ***
Total pot 60 | Rake 0 
Board [7c 5s 4c]
Seat 1: Mahu2021 (big blind) collected (60)
Seat 2: ROKD88 (button) folded before Flop (didn't bet)
Seat 3: Karagh87 (small blind) folded on the Flop



PokerStars Hand #243911956218: Tournament #3596211060, $0.92+$0.08 USD Hold'em No Limit - Level II (15/30) - 2023/05/26 9:36:45 CET [2023/05/26 3:36:45 ET]
Table '3596211060 1' 3-max Seat #3 is the button
Seat 1: Mahu2021 (230 in chips) 
Seat 2: ROKD88 (915 in chips) 
Seat 3: Karagh87 (355 in chips) 
Mahu2021: posts small blind 15
ROKD88: posts big blind 30
*** HOLE CARDS ***
Dealt to Mahu2021 [2d Th]
Karagh87: calls 30
Mahu2021: folds 
ROKD88: checks 
*** FLOP *** [As 5s 7c]
ROKD88: checks 
Karagh87: checks 
*** TURN *** [As 5s 7c] [Jd]
ROKD88: checks 
Karagh87: checks 
*** RIVER *** [As 5s 7c Jd] [4d]
ROKD88: bets 30
Karagh87: calls 30
*** SHOW DOWN ***
ROKD88: shows [4h 8h] (a pair of Fours)
Karagh87: mucks hand 
ROKD88 collected 135 from pot
*** SUMMARY ***
Total pot 135 | Rake 0 
Board [As 5s 7c Jd 4d]
Seat 1: Mahu2021 (small blind) folded before Flop
Seat 2: ROKD88 (big blind) showed [4h 8h] and won (135) with a pair of Fours
Seat 3: Karagh87 (button) mucked [Qd 2h]



PokerStars Hand #243911957903: Tournament #3596211060, $0.92+$0.08 USD Hold'em No Limit - Level II (15/30) - 2023/05/26 9:37:01 CET [2023/05/26 3:37:01 ET]
Table '3596211060 1' 3-max Seat #1 is the button
Seat 1: Mahu2021 (215 in chips) 
Seat 2: ROKD88 (990 in chips) 
Seat 3: Karagh87 (295 in chips) 
ROKD88: posts small blind 15
Karagh87: posts big blind 30
*** HOLE CARDS ***
Dealt to Mahu2021 [Jd Ks]
Mahu2021: calls 30
ROKD88: calls 15
Karagh87: checks 
*** FLOP *** [4c 8d 9s]
ROKD88: checks 
Karagh87: checks 
Mahu2021: checks 
*** TURN *** [4c 8d 9s] [Qd]
ROKD88: checks 
Karagh87: checks 
Mahu2021: checks 
*** RIVER *** [4c 8d 9s Qd] [6d]
ROKD88: checks 
Karagh87: checks 
Mahu2021: checks 
*** SHOW DOWN ***
ROKD88: shows [Kd 7s] (high card King)
Karagh87: mucks hand 
Mahu2021: shows [Jd Ks] (high card King - Queen+Jack kicker)
Mahu2021 collected 90 from pot
*** SUMMARY ***
Total pot 90 | Rake 0 
Board [4c 8d 9s Qd 6d]
Seat 1: Mahu2021 (button) showed [Jd Ks] and won (90) with high card King
Seat 2: ROKD88 (small blind) showed [Kd 7s] and lost with high card King
Seat 3: Karagh87 (big blind) mucked [Td 2c]



PokerStars Hand #243911960083: Tournament #3596211060, $0.92+$0.08 USD Hold'em No Limit - Level II (15/30) - 2023/05/26 9:37:21 CET [2023/05/26 3:37:21 ET]
Table '3596211060 1' 3-max Seat #2 is the button
Seat 1: Mahu2021 (275 in chips) 
Seat 2: ROKD88 (960 in chips) 
Seat 3: Karagh87 (265 in chips) 
Karagh87: posts small blind 15
Mahu2021: posts big blind 30
*** HOLE CARDS ***
Dealt to Mahu2021 [Jd 4d]
ROKD88: folds 
Karagh87: folds 
Uncalled bet (15) returned to Mahu2021
Mahu2021 collected 30 from pot
Mahu2021: doesn't show hand 
*** SUMMARY ***
Total pot 30 | Rake 0 
Seat 1: Mahu2021 (big blind) collected (30)
Seat 2: ROKD88 (button) folded before Flop (didn't bet)
Seat 3: Karagh87 (small blind) folded before Flop



PokerStars Hand #243911960533: Tournament #3596211060, $0.92+$0.08 USD Hold'em No Limit - Level II (15/30) - 2023/05/26 9:37:26 CET [2023/05/26 3:37:26 ET]
Table '3596211060 1' 3-max Seat #3 is the button
Seat 1: Mahu2021 (290 in chips) 
Seat 2: ROKD88 (960 in chips) 
Seat 3: Karagh87 (250 in chips) 
Mahu2021: posts small blind 15
ROKD88: posts big blind 30
*** HOLE CARDS ***
Dealt to Mahu2021 [7s 7h]
Karagh87: folds 
Mahu2021: raises 30 to 60
ROKD88: folds 
Uncalled bet (30) returned to Mahu2021
Mahu2021 collected 60 from pot
Mahu2021: doesn't show hand 
*** SUMMARY ***
Total pot 60 | Rake 0 
Seat 1: Mahu2021 (small blind) collected (60)
Seat 2: ROKD88 (big blind) folded before Flop
Seat 3: Karagh87 (button) folded before Flop (didn't bet)



PokerStars Hand #243911961387: Tournament #3596211060, $0.92+$0.08 USD Hold'em No Limit - Level II (15/30) - 2023/05/26 9:37:34 CET [2023/05/26 3:37:34 ET]
Table '3596211060 1' 3-max Seat #1 is the button
Seat 1: Mahu2021 (320 in chips) 
Seat 2: ROKD88 (930 in chips) 
Seat 3: Karagh87 (250 in chips) 
ROKD88: posts small blind 15
Karagh87: posts big blind 30
*** HOLE CARDS ***
Dealt to Mahu2021 [Kc 7d]
Mahu2021: folds 
ROKD88: folds 
Uncalled bet (15) returned to Karagh87
Karagh87 collected 30 from pot
*** SUMMARY ***
Total pot 30 | Rake 0 
Seat 1: Mahu2021 (button) folded before Flop (didn't bet)
Seat 2: ROKD88 (small blind) folded before Flop
Seat 3: Karagh87 (big blind) collected (30)



PokerStars Hand #243911961851: Tournament #3596211060, $0.92+$0.08 USD Hold'em No Limit - Level II (15/30) - 2023/05/26 9:37:39 CET [2023/05/26 3:37:39 ET]
Table '3596211060 1' 3-max Seat #2 is the button
Seat 1: Mahu2021 (320 in chips) 
Seat 2: ROKD88 (915 in chips) 
Seat 3: Karagh87 (265 in chips) 
Karagh87: posts small blind 15
Mahu2021: posts big blind 30
*** HOLE CARDS ***
Dealt to Mahu2021 [Jc 5c]
ROKD88: folds 
Karagh87: folds 
Uncalled bet (15) returned to Mahu2021
Mahu2021 collected 30 from pot
Mahu2021: doesn't show hand 
*** SUMMARY ***
Total pot 30 | Rake 0 
Seat 1: Mahu2021 (big blind) collected (30)
Seat 2: ROKD88 (button) folded before Flop (didn't bet)
Seat 3: Karagh87 (small blind) folded before Flop



PokerStars Hand #243911962298: Tournament #3596211060, $0.92+$0.08 USD Hold'em No Limit - Level II (15/30) - 2023/05/26 9:37:43 CET [2023/05/26 3:37:43 ET]
Table '3596211060 1' 3-max Seat #3 is the button
Seat 1: Mahu2021 (335 in chips) 
Seat 2: ROKD88 (915 in chips) 
Seat 3: Karagh87 (250 in chips) 
Mahu2021: posts small blind 15
ROKD88: posts big blind 30
*** HOLE CARDS ***
Dealt to Mahu2021 [5d Ks]
Karagh87: calls 30
Mahu2021: folds 
ROKD88: checks 
*** FLOP *** [7d Tc 9d]
ROKD88: bets 30
Karagh87: calls 30
*** TURN *** [7d Tc 9d] [3h]
ROKD88: checks 
Karagh87: checks 
*** RIVER *** [7d Tc 9d 3h] [2s]
ROKD88: checks 
Karagh87: checks 
*** SHOW DOWN ***
ROKD88: shows [8s 2c] (a pair of Deuces)
Karagh87: mucks hand 
ROKD88 collected 135 from pot
*** SUMMARY ***
Total pot 135 | Rake 0 
Board [7d Tc 9d 3h 2s]
Seat 1: Mahu2021 (small blind) folded before Flop
Seat 2: ROKD88 (big blind) showed [8s 2c] and won (135) with a pair of Deuces
Seat 3: Karagh87 (button) mucked [As 6c]



PokerStars Hand #243911964125: Tournament #3596211060, $0.92+$0.08 USD Hold'em No Limit - Level II (15/30) - 2023/05/26 9:38:00 CET [2023/05/26 3:38:00 ET]
Table '3596211060 1' 3-max Seat #1 is the button
Seat 1: Mahu2021 (320 in chips) 
Seat 2: ROKD88 (990 in chips) 
Seat 3: Karagh87 (190 in chips) 
ROKD88: posts small blind 15
Karagh87: posts big blind 30
*** HOLE CARDS ***
Dealt to Mahu2021 [5d Td]
Mahu2021: folds 
ROKD88: folds 
Uncalled bet (15) returned to Karagh87
Karagh87 collected 30 from pot
*** SUMMARY ***
Total pot 30 | Rake 0 
Seat 1: Mahu2021 (button) folded before Flop (didn't bet)
Seat 2: ROKD88 (small blind) folded before Flop
Seat 3: Karagh87 (big blind) collected (30)



PokerStars Hand #243911964623: Tournament #3596211060, $0.92+$0.08 USD Hold'em No Limit - Level II (15/30) - 2023/05/26 9:38:05 CET [2023/05/26 3:38:05 ET]
Table '3596211060 1' 3-max Seat #2 is the button
Seat 1: Mahu2021 (320 in chips) 
Seat 2: ROKD88 (975 in chips) 
Seat 3: Karagh87 (205 in chips) 
Karagh87: posts small blind 15
Mahu2021: posts big blind 30
*** HOLE CARDS ***
Dealt to Mahu2021 [5c Td]
ROKD88: folds 
Karagh87: folds 
Uncalled bet (15) returned to Mahu2021
Mahu2021 collected 30 from pot
Mahu2021: doesn't show hand 
*** SUMMARY ***
Total pot 30 | Rake 0 
Seat 1: Mahu2021 (big blind) collected (30)
Seat 2: ROKD88 (button) folded before Flop (didn't bet)
Seat 3: Karagh87 (small blind) folded before Flop



PokerStars Hand #243911965094: Tournament #3596211060, $0.92+$0.08 USD Hold'em No Limit - Level II (15/30) - 2023/05/26 9:38:10 CET [2023/05/26 3:38:10 ET]
Table '3596211060 1' 3-max Seat #3 is the button
Seat 1: Mahu2021 (335 in chips) 
Seat 2: ROKD88 (975 in chips) 
Seat 3: Karagh87 (190 in chips) 
Mahu2021: posts small blind 15
ROKD88: posts big blind 30
*** HOLE CARDS ***
Dealt to Mahu2021 [2s Jh]
Karagh87: calls 30
Mahu2021: folds 
ROKD88: raises 945 to 975 and is all-in
Karagh87: calls 160 and is all-in
Uncalled bet (785) returned to ROKD88
*** FLOP *** [Tc Qh 8d]
*** TURN *** [Tc Qh 8d] [6s]
*** RIVER *** [Tc Qh 8d 6s] [5s]
*** SHOW DOWN ***
ROKD88: shows [9d 9h] (a pair of Nines)
Karagh87: shows [Td Ts] (three of a kind, Tens)
Karagh87 collected 395 from pot
*** SUMMARY ***
Total pot 395 | Rake 0 
Board [Tc Qh 8d 6s 5s]
Seat 1: Mahu2021 (small blind) folded before Flop
Seat 2: ROKD88 (big blind) showed [9d 9h] and lost with a pair of Nines
Seat 3: Karagh87 (button) showed [Td Ts] and won (395) with three of a kind, Tens



PokerStars Hand #243911967108: Tournament #3596211060, $0.92+$0.08 USD Hold'em No Limit - Level III (20/40) - 2023/05/26 9:38:29 CET [2023/05/26 3:38:29 ET]
Table '3596211060 1' 3-max Seat #1 is the button
Seat 1: Mahu2021 (320 in chips) 
Seat 2: ROKD88 (785 in chips) 
Seat 3: Karagh87 (395 in chips) 
ROKD88: posts small blind 20
Karagh87: posts big blind 40
*** HOLE CARDS ***
Dealt to Mahu2021 [Jh Jc]
Mahu2021: raises 280 to 320 and is all-in
ROKD88: folds 
Karagh87: folds 
Uncalled bet (280) returned to Mahu2021
Mahu2021 collected 100 from pot
Mahu2021: doesn't show hand 
*** SUMMARY ***
Total pot 100 | Rake 0 
Seat 1: Mahu2021 (button) collected (100)
Seat 2: ROKD88 (small blind) folded before Flop
Seat 3: Karagh87 (big blind) folded before Flop



PokerStars Hand #243911967998: Tournament #3596211060, $0.92+$0.08 USD Hold'em No Limit - Level III (20/40) - 2023/05/26 9:38:37 CET [2023/05/26 3:38:37 ET]
Table '3596211060 1' 3-max Seat #2 is the button
Seat 1: Mahu2021 (380 in chips) 
Seat 2: ROKD88 (765 in chips) 
Seat 3: Karagh87 (355 in chips) 
Karagh87: posts small blind 20
Mahu2021: posts big blind 40
*** HOLE CARDS ***
Dealt to Mahu2021 [9d 5h]
ROKD88: folds 
Karagh87: folds 
Uncalled bet (20) returned to Mahu2021
Mahu2021 collected 40 from pot
Mahu2021: doesn't show hand 
*** SUMMARY ***
Total pot 40 | Rake 0 
Seat 1: Mahu2021 (big blind) collected (40)
Seat 2: ROKD88 (button) folded before Flop (didn't bet)
Seat 3: Karagh87 (small blind) folded before Flop



PokerStars Hand #243911968445: Tournament #3596211060, $0.92+$0.08 USD Hold'em No Limit - Level III (20/40) - 2023/05/26 9:38:41 CET [2023/05/26 3:38:41 ET]
Table '3596211060 1' 3-max Seat #3 is the button
Seat 1: Mahu2021 (400 in chips) 
Seat 2: ROKD88 (765 in chips) 
Seat 3: Karagh87 (335 in chips) 
Mahu2021: posts small blind 20
ROKD88: posts big blind 40
*** HOLE CARDS ***
Dealt to Mahu2021 [7s 5s]
Karagh87: calls 40
Mahu2021: calls 20
ROKD88: checks 
*** FLOP *** [9s 7h Ts]
Mahu2021: bets 80
ROKD88: folds 
Karagh87: folds 
Uncalled bet (80) returned to Mahu2021
Mahu2021 collected 120 from pot
Mahu2021: doesn't show hand 
*** SUMMARY ***
Total pot 120 | Rake 0 
Board [9s 7h Ts]
Seat 1: Mahu2021 (small blind) collected (120)
Seat 2: ROKD88 (big blind) folded on the Flop
Seat 3: Karagh87 (button) folded on the Flop



PokerStars Hand #243911970616: Tournament #3596211060, $0.92+$0.08 USD Hold'em No Limit - Level III (20/40) - 2023/05/26 9:39:01 CET [2023/05/26 3:39:01 ET]
Table '3596211060 1' 3-max Seat #1 is the button
Seat 1: Mahu2021 (480 in chips) 
Seat 2: ROKD88 (725 in chips) 
Seat 3: Karagh87 (295 in chips) 
ROKD88: posts small blind 20
Karagh87: posts big blind 40
*** HOLE CARDS ***
Dealt to Mahu2021 [6s 3c]
Mahu2021: folds 
ROKD88: raises 685 to 725 and is all-in
Karagh87: calls 255 and is all-in
Uncalled bet (430) returned to ROKD88
*** FLOP *** [Qs 2d 5s]
*** TURN *** [Qs 2d 5s] [Qc]
*** RIVER *** [Qs 2d 5s Qc] [4c]
*** SHOW DOWN ***
ROKD88: shows [6c 6h] (two pair, Queens and Sixes)
Karagh87: shows [Td Kc] (a pair of Queens)
ROKD88 collected 590 from pot
Karagh87 finished the tournament in 3rd place
*** SUMMARY ***
Total pot 590 | Rake 0 
Board [Qs 2d 5s Qc 4c]
Seat 1: Mahu2021 (button) folded before Flop (didn't bet)
Seat 2: ROKD88 (small blind) showed [6c 6h] and won (590) with two pair, Queens and Sixes
Seat 3: Karagh87 (big blind) showed [Td Kc] and lost with a pair of Queens



PokerStars Hand #243911972360: Tournament #3596211060, $0.92+$0.08 USD Hold'em No Limit - Level III (20/40) - 2023/05/26 9:39:18 CET [2023/05/26 3:39:18 ET]
Table '3596211060 1' 3-max Seat #2 is the button
Seat 1: Mahu2021 (480 in chips) 
Seat 2: ROKD88 (1020 in chips) 
ROKD88: posts small blind 20
Mahu2021: posts big blind 40
*** HOLE CARDS ***
Dealt to Mahu2021 [8c 2d]
ROKD88: raises 40 to 80
Mahu2021: folds 
Uncalled bet (40) returned to ROKD88
ROKD88 collected 80 from pot
*** SUMMARY ***
Total pot 80 | Rake 0 
Seat 1: Mahu2021 (big blind) folded before Flop
Seat 2: ROKD88 (button) (small blind) collected (80)



PokerStars Hand #243911972898: Tournament #3596211060, $0.92+$0.08 USD Hold'em No Limit - Level III (20/40) - 2023/05/26 9:39:23 CET [2023/05/26 3:39:23 ET]
Table '3596211060 1' 3-max Seat #1 is the button
Seat 1: Mahu2021 (440 in chips) 
Seat 2: ROKD88 (1060 in chips) 
Mahu2021: posts small blind 20
ROKD88: posts big blind 40
*** HOLE CARDS ***
Dealt to Mahu2021 [Ah Qc]
Mahu2021: raises 40 to 80
ROKD88: calls 40
*** FLOP *** [2d 9h 6h]
ROKD88: checks 
Mahu2021: checks 
*** TURN *** [2d 9h 6h] [4h]
ROKD88: checks 
Mahu2021: bets 160
ROKD88: folds 
Uncalled bet (160) returned to Mahu2021
Mahu2021 collected 160 from pot
Mahu2021: doesn't show hand 
*** SUMMARY ***
Total pot 160 | Rake 0 
Board [2d 9h 6h 4h]
Seat 1: Mahu2021 (button) (small blind) collected (160)
Seat 2: ROKD88 (big blind) folded on the Turn



PokerStars Hand #243911974532: Tournament #3596211060, $0.92+$0.08 USD Hold'em No Limit - Level III (20/40) - 2023/05/26 9:39:38 CET [2023/05/26 3:39:38 ET]
Table '3596211060 1' 3-max Seat #2 is the button
Seat 1: Mahu2021 (520 in chips) 
Seat 2: ROKD88 (980 in chips) 
ROKD88: posts small blind 20
Mahu2021: posts big blind 40
*** HOLE CARDS ***
Dealt to Mahu2021 [7c Jh]
ROKD88: calls 20
Mahu2021: checks 
*** FLOP *** [Kd Jc 3c]
Mahu2021: checks 
ROKD88: checks 
*** TURN *** [Kd Jc 3c] [5s]
Mahu2021: checks 
ROKD88: checks 
*** RIVER *** [Kd Jc 3c 5s] [Ah]
Mahu2021: checks 
ROKD88: checks 
*** SHOW DOWN ***
Mahu2021: shows [7c Jh] (a pair of Jacks)
ROKD88: mucks hand 
Mahu2021 collected 80 from pot
*** SUMMARY ***
Total pot 80 | Rake 0 
Board [Kd Jc 3c 5s Ah]
Seat 1: Mahu2021 (big blind) showed [7c Jh] and won (80) with a pair of Jacks
Seat 2: ROKD88 (button) (small blind) mucked [Th 6h]



PokerStars Hand #243911975972: Tournament #3596211060, $0.92+$0.08 USD Hold'em No Limit - Level III (20/40) - 2023/05/26 9:39:52 CET [2023/05/26 3:39:52 ET]
Table '3596211060 1' 3-max Seat #1 is the button
Seat 1: Mahu2021 (560 in chips) 
Seat 2: ROKD88 (940 in chips) 
Mahu2021: posts small blind 20
ROKD88: posts big blind 40
*** HOLE CARDS ***
Dealt to Mahu2021 [Jd Qs]
Mahu2021: calls 20
ROKD88: checks 
*** FLOP *** [3d Qc 4h]
ROKD88: checks 
Mahu2021: bets 80
ROKD88: calls 80
*** TURN *** [3d Qc 4h] [4d]
ROKD88: checks 
Mahu2021: bets 80
ROKD88: folds 
Uncalled bet (80) returned to Mahu2021
Mahu2021 collected 240 from pot
Mahu2021: doesn't show hand 
*** SUMMARY ***
Total pot 240 | Rake 0 
Board [3d Qc 4h 4d]
Seat 1: Mahu2021 (button) (small blind) collected (240)
Seat 2: ROKD88 (big blind) folded on the Turn



PokerStars Hand #243911977708: Tournament #3596211060, $0.92+$0.08 USD Hold'em No Limit - Level III (20/40) - 2023/05/26 9:40:09 CET [2023/05/26 3:40:09 ET]
Table '3596211060 1' 3-max Seat #2 is the button
Seat 1: Mahu2021 (680 in chips) 
Seat 2: ROKD88 (820 in chips) 
ROKD88: posts small blind 20
Mahu2021: posts big blind 40
*** HOLE CARDS ***
Dealt to Mahu2021 [7s 3h]
ROKD88: raises 780 to 820 and is all-in
Mahu2021: folds 
Uncalled bet (780) returned to ROKD88
ROKD88 collected 80 from pot
*** SUMMARY ***
Total pot 80 | Rake 0 
Seat 1: Mahu2021 (big blind) folded before Flop
Seat 2: ROKD88 (button) (small blind) collected (80)



PokerStars Hand #243911978265: Tournament #3596211060, $0.92+$0.08 USD Hold'em No Limit - Level III (20/40) - 2023/05/26 9:40:14 CET [2023/05/26 3:40:14 ET]
Table '3596211060 1' 3-max Seat #1 is the button
Seat 1: Mahu2021 (640 in chips) 
Seat 2: ROKD88 (860 in chips) 
Mahu2021: posts small blind 20
ROKD88: posts big blind 40
*** HOLE CARDS ***
Dealt to Mahu2021 [3d 5h]
Mahu2021: calls 20
ROKD88: checks 
*** FLOP *** [Td Jh 3s]
ROKD88: bets 40
Mahu2021: calls 40
*** TURN *** [Td Jh 3s] [8s]
ROKD88: checks 
Mahu2021: checks 
*** RIVER *** [Td Jh 3s 8s] [4h]
ROKD88: checks 
Mahu2021: checks 
*** SHOW DOWN ***
ROKD88: shows [Kh 9d] (high card King)
Mahu2021: shows [3d 5h] (a pair of Threes)
Mahu2021 collected 160 from pot
*** SUMMARY ***
Total pot 160 | Rake 0 
Board [Td Jh 3s 8s 4h]
Seat 1: Mahu2021 (button) (small blind) showed [3d 5h] and won (160) with a pair of Threes
Seat 2: ROKD88 (big blind) showed [Kh 9d] and lost with high card King



PokerStars Hand #243911979928: Tournament #3596211060, $0.92+$0.08 USD Hold'em No Limit - Level III (20/40) - 2023/05/26 9:40:29 CET [2023/05/26 3:40:29 ET]
Table '3596211060 1' 3-max Seat #2 is the button
Seat 1: Mahu2021 (720 in chips) 
Seat 2: ROKD88 (780 in chips) 
ROKD88: posts small blind 20
Mahu2021: posts big blind 40
*** HOLE CARDS ***
Dealt to Mahu2021 [5s 8d]
ROKD88: raises 740 to 780 and is all-in
Mahu2021: folds 
Uncalled bet (740) returned to ROKD88
ROKD88 collected 80 from pot
*** SUMMARY ***
Total pot 80 | Rake 0 
Seat 1: Mahu2021 (big blind) folded before Flop
Seat 2: ROKD88 (button) (small blind) collected (80)



PokerStars Hand #243911980510: Tournament #3596211060, $0.92+$0.08 USD Hold'em No Limit - Level III (20/40) - 2023/05/26 9:40:34 CET [2023/05/26 3:40:34 ET]
Table '3596211060 1' 3-max Seat #1 is the button
Seat 1: Mahu2021 (680 in chips) 
Seat 2: ROKD88 (820 in chips) 
Mahu2021: posts small blind 20
ROKD88: posts big blind 40
*** HOLE CARDS ***
Dealt to Mahu2021 [Kc 5d]
Mahu2021: calls 20
ROKD88: checks 
*** FLOP *** [Qc 3d Kd]
ROKD88: bets 40
Mahu2021: calls 40
*** TURN *** [Qc 3d Kd] [Ks]
ROKD88: checks 
Mahu2021: bets 40
ROKD88: calls 40
*** RIVER *** [Qc 3d Kd Ks] [Th]
ROKD88: checks 
Mahu2021: bets 80
ROKD88: calls 80
*** SHOW DOWN ***
Mahu2021: shows [Kc 5d] (three of a kind, Kings)
ROKD88: mucks hand 
Mahu2021 collected 400 from pot
*** SUMMARY ***
Total pot 400 | Rake 0 
Board [Qc 3d Kd Ks Th]
Seat 1: Mahu2021 (button) (small blind) showed [Kc 5d] and won (400) with three of a kind, Kings
Seat 2: ROKD88 (big blind) mucked [3c 9c]



PokerStars Hand #243911982510: Tournament #3596211060, $0.92+$0.08 USD Hold'em No Limit - Level III (20/40) - 2023/05/26 9:40:52 CET [2023/05/26 3:40:52 ET]
Table '3596211060 1' 3-max Seat #2 is the button
Seat 1: Mahu2021 (880 in chips) 
Seat 2: ROKD88 (620 in chips) 
ROKD88: posts small blind 20
Mahu2021: posts big blind 40
*** HOLE CARDS ***
Dealt to Mahu2021 [Th Qd]
ROKD88: folds 
Uncalled bet (20) returned to Mahu2021
Mahu2021 collected 40 from pot
Mahu2021: doesn't show hand 
*** SUMMARY ***
Total pot 40 | Rake 0 
Seat 1: Mahu2021 (big blind) collected (40)
Seat 2: ROKD88 (button) (small blind) folded before Flop



PokerStars Hand #243911982846: Tournament #3596211060, $0.92+$0.08 USD Hold'em No Limit - Level III (20/40) - 2023/05/26 9:40:56 CET [2023/05/26 3:40:56 ET]
Table '3596211060 1' 3-max Seat #1 is the button
Seat 1: Mahu2021 (900 in chips) 
Seat 2: ROKD88 (600 in chips) 
Mahu2021: posts small blind 20
ROKD88: posts big blind 40
*** HOLE CARDS ***
Dealt to Mahu2021 [5c 6c]
Mahu2021: calls 20
ROKD88: raises 560 to 600 and is all-in
Mahu2021: folds 
Uncalled bet (560) returned to ROKD88
ROKD88 collected 80 from pot
*** SUMMARY ***
Total pot 80 | Rake 0 
Seat 1: Mahu2021 (button) (small blind) folded before Flop
Seat 2: ROKD88 (big blind) collected (80)



PokerStars Hand #243911983640: Tournament #3596211060, $0.92+$0.08 USD Hold'em No Limit - Level III (20/40) - 2023/05/26 9:41:03 CET [2023/05/26 3:41:03 ET]
Table '3596211060 1' 3-max Seat #2 is the button
Seat 1: Mahu2021 (860 in chips) 
Seat 2: ROKD88 (640 in chips) 
ROKD88: posts small blind 20
Mahu2021: posts big blind 40
*** HOLE CARDS ***
Dealt to Mahu2021 [7c 8c]
ROKD88: raises 600 to 640 and is all-in
Mahu2021: folds 
Uncalled bet (600) returned to ROKD88
ROKD88 collected 80 from pot
*** SUMMARY ***
Total pot 80 | Rake 0 
Seat 1: Mahu2021 (big blind) folded before Flop
Seat 2: ROKD88 (button) (small blind) collected (80)



PokerStars Hand #243911984208: Tournament #3596211060, $0.92+$0.08 USD Hold'em No Limit - Level III (20/40) - 2023/05/26 9:41:08 CET [2023/05/26 3:41:08 ET]
Table '3596211060 1' 3-max Seat #1 is the button
Seat 1: Mahu2021 (820 in chips) 
Seat 2: ROKD88 (680 in chips) 
Mahu2021: posts small blind 20
ROKD88: posts big blind 40
*** HOLE CARDS ***
Dealt to Mahu2021 [3s 9c]
Mahu2021: folds 
Uncalled bet (20) returned to ROKD88
ROKD88 collected 40 from pot
*** SUMMARY ***
Total pot 40 | Rake 0 
Seat 1: Mahu2021 (button) (small blind) folded before Flop
Seat 2: ROKD88 (big blind) collected (40)



PokerStars Hand #243911984691: Tournament #3596211060, $0.92+$0.08 USD Hold'em No Limit - Level III (20/40) - 2023/05/26 9:41:12 CET [2023/05/26 3:41:12 ET]
Table '3596211060 1' 3-max Seat #2 is the button
Seat 1: Mahu2021 (800 in chips) 
Seat 2: ROKD88 (700 in chips) 
ROKD88: posts small blind 20
Mahu2021: posts big blind 40
*** HOLE CARDS ***
Dealt to Mahu2021 [As 7h]
ROKD88: folds 
Uncalled bet (20) returned to Mahu2021
Mahu2021 collected 40 from pot
Mahu2021: doesn't show hand 
*** SUMMARY ***
Total pot 40 | Rake 0 
Seat 1: Mahu2021 (big blind) collected (40)
Seat 2: ROKD88 (button) (small blind) folded before Flop



PokerStars Hand #243911985301: Tournament #3596211060, $0.92+$0.08 USD Hold'em No Limit - Level IV (30/60) - 2023/05/26 9:41:18 CET [2023/05/26 3:41:18 ET]
Table '3596211060 1' 3-max Seat #1 is the button
Seat 1: Mahu2021 (820 in chips) 
Seat 2: ROKD88 (680 in chips) 
Mahu2021: posts small blind 30
ROKD88: posts big blind 60
*** HOLE CARDS ***
Dealt to Mahu2021 [Ts 6h]
Mahu2021: folds 
Uncalled bet (30) returned to ROKD88
ROKD88 collected 60 from pot
*** SUMMARY ***
Total pot 60 | Rake 0 
Seat 1: Mahu2021 (button) (small blind) folded before Flop
Seat 2: ROKD88 (big blind) collected (60)



PokerStars Hand #243911985794: Tournament #3596211060, $0.92+$0.08 USD Hold'em No Limit - Level IV (30/60) - 2023/05/26 9:41:23 CET [2023/05/26 3:41:23 ET]
Table '3596211060 1' 3-max Seat #2 is the button
Seat 1: Mahu2021 (790 in chips) 
Seat 2: ROKD88 (710 in chips) 
ROKD88: posts small blind 30
Mahu2021: posts big blind 60
*** HOLE CARDS ***
Dealt to Mahu2021 [4h 3s]
ROKD88: calls 30
Mahu2021: checks 
*** FLOP *** [8h 4d Js]
Mahu2021: checks 
ROKD88: checks 
*** TURN *** [8h 4d Js] [3c]
Mahu2021: bets 120
ROKD88: folds 
Uncalled bet (120) returned to Mahu2021
Mahu2021 collected 120 from pot
Mahu2021: doesn't show hand 
*** SUMMARY ***
Total pot 120 | Rake 0 
Board [8h 4d Js 3c]
Seat 1: Mahu2021 (big blind) collected (120)
Seat 2: ROKD88 (button) (small blind) folded on the Turn



PokerStars Hand #243911987433: Tournament #3596211060, $0.92+$0.08 USD Hold'em No Limit - Level IV (30/60) - 2023/05/26 9:41:39 CET [2023/05/26 3:41:39 ET]
Table '3596211060 1' 3-max Seat #1 is the button
Seat 1: Mahu2021 (850 in chips) 
Seat 2: ROKD88 (650 in chips) 
Mahu2021: posts small blind 30
ROKD88: posts big blind 60
*** HOLE CARDS ***
Dealt to Mahu2021 [2h 4c]
Mahu2021: folds 
Uncalled bet (30) returned to ROKD88
ROKD88 collected 60 from pot
*** SUMMARY ***
Total pot 60 | Rake 0 
Seat 1: Mahu2021 (button) (small blind) folded before Flop
Seat 2: ROKD88 (big blind) collected (60)



PokerStars Hand #243911987935: Tournament #3596211060, $0.92+$0.08 USD Hold'em No Limit - Level IV (30/60) - 2023/05/26 9:41:43 CET [2023/05/26 3:41:43 ET]
Table '3596211060 1' 3-max Seat #2 is the button
Seat 1: Mahu2021 (820 in chips) 
Seat 2: ROKD88 (680 in chips) 
ROKD88: posts small blind 30
Mahu2021: posts big blind 60
*** HOLE CARDS ***
Dealt to Mahu2021 [5h Ac]
ROKD88: raises 120 to 180
Mahu2021: folds 
Uncalled bet (120) returned to ROKD88
ROKD88 collected 120 from pot
*** SUMMARY ***
Total pot 120 | Rake 0 
Seat 1: Mahu2021 (big blind) folded before Flop
Seat 2: ROKD88 (button) (small blind) collected (120)



PokerStars Hand #243911988910: Tournament #3596211060, $0.92+$0.08 USD Hold'em No Limit - Level IV (30/60) - 2023/05/26 9:41:53 CET [2023/05/26 3:41:53 ET]
Table '3596211060 1' 3-max Seat #1 is the button
Seat 1: Mahu2021 (760 in chips) 
Seat 2: ROKD88 (740 in chips) 
Mahu2021: posts small blind 30
ROKD88: posts big blind 60
*** HOLE CARDS ***
Dealt to Mahu2021 [6c 3h]
Mahu2021: folds 
Uncalled bet (30) returned to ROKD88
ROKD88 collected 60 from pot
*** SUMMARY ***
Total pot 60 | Rake 0 
Seat 1: Mahu2021 (button) (small blind) folded before Flop
Seat 2: ROKD88 (big blind) collected (60)



PokerStars Hand #243911989382: Tournament #3596211060, $0.92+$0.08 USD Hold'em No Limit - Level IV (30/60) - 2023/05/26 9:41:58 CET [2023/05/26 3:41:58 ET]
Table '3596211060 1' 3-max Seat #2 is the button
Seat 1: Mahu2021 (730 in chips) 
Seat 2: ROKD88 (770 in chips) 
ROKD88: posts small blind 30
Mahu2021: posts big blind 60
*** HOLE CARDS ***
Dealt to Mahu2021 [9d 3s]
ROKD88: folds 
Uncalled bet (30) returned to Mahu2021
Mahu2021 collected 60 from pot
Mahu2021: doesn't show hand 
*** SUMMARY ***
Total pot 60 | Rake 0 
Seat 1: Mahu2021 (big blind) collected (60)
Seat 2: ROKD88 (button) (small blind) folded before Flop



PokerStars Hand #243911989670: Tournament #3596211060, $0.92+$0.08 USD Hold'em No Limit - Level IV (30/60) - 2023/05/26 9:42:00 CET [2023/05/26 3:42:00 ET]
Table '3596211060 1' 3-max Seat #1 is the button
Seat 1: Mahu2021 (760 in chips) 
Seat 2: ROKD88 (740 in chips) 
Mahu2021: posts small blind 30
ROKD88: posts big blind 60
*** HOLE CARDS ***
Dealt to Mahu2021 [Jd Jc]
Mahu2021: calls 30
ROKD88: checks 
*** FLOP *** [Ac 7h 4h]
ROKD88: checks 
Mahu2021: checks 
*** TURN *** [Ac 7h 4h] [8d]
ROKD88: bets 120
Mahu2021: calls 120
*** RIVER *** [Ac 7h 4h 8d] [Td]
ROKD88: bets 60
Mahu2021: calls 60
*** SHOW DOWN ***
ROKD88: shows [3d Ad] (a pair of Aces)
Mahu2021: mucks hand 
ROKD88 collected 480 from pot
*** SUMMARY ***
Total pot 480 | Rake 0 
Board [Ac 7h 4h 8d Td]
Seat 1: Mahu2021 (button) (small blind) mucked [Jd Jc]
Seat 2: ROKD88 (big blind) showed [3d Ad] and won (480) with a pair of Aces



PokerStars Hand #243911990982: Tournament #3596211060, $0.92+$0.08 USD Hold'em No Limit - Level IV (30/60) - 2023/05/26 9:42:13 CET [2023/05/26 3:42:13 ET]
Table '3596211060 1' 3-max Seat #2 is the button
Seat 1: Mahu2021 (520 in chips) 
Seat 2: ROKD88 (980 in chips) 
ROKD88: posts small blind 30
Mahu2021: posts big blind 60
*** HOLE CARDS ***
Dealt to Mahu2021 [6d 5s]
ROKD88: calls 30
Mahu2021: checks 
*** FLOP *** [Qs Js 9d]
Mahu2021: checks 
ROKD88: bets 120
Mahu2021: folds 
Uncalled bet (120) returned to ROKD88
ROKD88 collected 120 from pot
*** SUMMARY ***
Total pot 120 | Rake 0 
Board [Qs Js 9d]
Seat 1: Mahu2021 (big blind) folded on the Flop
Seat 2: ROKD88 (button) (small blind) collected (120)



PokerStars Hand #243911992048: Tournament #3596211060, $0.92+$0.08 USD Hold'em No Limit - Level IV (30/60) - 2023/05/26 9:42:23 CET [2023/05/26 3:42:23 ET]
Table '3596211060 1' 3-max Seat #1 is the button
Seat 1: Mahu2021 (460 in chips) 
Seat 2: ROKD88 (1040 in chips) 
Mahu2021: posts small blind 30
ROKD88: posts big blind 60
*** HOLE CARDS ***
Dealt to Mahu2021 [Ah As]
Mahu2021: raises 400 to 460 and is all-in
ROKD88: calls 400
*** FLOP *** [4s 3h Js]
*** TURN *** [4s 3h Js] [8d]
*** RIVER *** [4s 3h Js 8d] [Qd]
*** SHOW DOWN ***
ROKD88: shows [Ac 5h] (high card Ace)
Mahu2021: shows [Ah As] (a pair of Aces)
Mahu2021 collected 920 from pot
*** SUMMARY ***
Total pot 920 | Rake 0 
Board [4s 3h Js 8d Qd]
Seat 1: Mahu2021 (button) (small blind) showed [Ah As] and won (920) with a pair of Aces
Seat 2: ROKD88 (big blind) showed [Ac 5h] and lost with high card Ace



PokerStars Hand #243911993440: Tournament #3596211060, $0.92+$0.08 USD Hold'em No Limit - Level IV (30/60) - 2023/05/26 9:42:36 CET [2023/05/26 3:42:36 ET]
Table '3596211060 1' 3-max Seat #2 is the button
Seat 1: Mahu2021 (920 in chips) 
Seat 2: ROKD88 (580 in chips) 
ROKD88: posts small blind 30
Mahu2021: posts big blind 60
*** HOLE CARDS ***
Dealt to Mahu2021 [3h 9h]
ROKD88: calls 30
Mahu2021: checks 
*** FLOP *** [5s 6s 9s]
Mahu2021: checks 
ROKD88: checks 
*** TURN *** [5s 6s 9s] [Kh]
Mahu2021: checks 
ROKD88: checks 
*** RIVER *** [5s 6s 9s Kh] [8d]
Mahu2021: checks 
ROKD88: bets 520 and is all-in
Mahu2021: folds 
Uncalled bet (520) returned to ROKD88
ROKD88 collected 120 from pot
*** SUMMARY ***
Total pot 120 | Rake 0 
Board [5s 6s 9s Kh 8d]
Seat 1: Mahu2021 (big blind) folded on the River
Seat 2: ROKD88 (button) (small blind) collected (120)



PokerStars Hand #243911995021: Tournament #3596211060, $0.92+$0.08 USD Hold'em No Limit - Level IV (30/60) - 2023/05/26 9:42:51 CET [2023/05/26 3:42:51 ET]
Table '3596211060 1' 3-max Seat #1 is the button
Seat 1: Mahu2021 (860 in chips) 
Seat 2: ROKD88 (640 in chips) 
Mahu2021: posts small blind 30
ROKD88: posts big blind 60
*** HOLE CARDS ***
Dealt to Mahu2021 [3h 8h]
Mahu2021: calls 30
ROKD88: raises 580 to 640 and is all-in
Mahu2021: folds 
Uncalled bet (580) returned to ROKD88
ROKD88 collected 120 from pot
*** SUMMARY ***
Total pot 120 | Rake 0 
Seat 1: Mahu2021 (button) (small blind) folded before Flop
Seat 2: ROKD88 (big blind) collected (120)



PokerStars Hand #243911995799: Tournament #3596211060, $0.92+$0.08 USD Hold'em No Limit - Level IV (30/60) - 2023/05/26 9:42:58 CET [2023/05/26 3:42:58 ET]
Table '3596211060 1' 3-max Seat #2 is the button
Seat 1: Mahu2021 (800 in chips) 
Seat 2: ROKD88 (700 in chips) 
ROKD88: posts small blind 30
Mahu2021: posts big blind 60
*** HOLE CARDS ***
Dealt to Mahu2021 [Jh 5d]
ROKD88: folds 
Uncalled bet (30) returned to Mahu2021
Mahu2021 collected 60 from pot
Mahu2021: doesn't show hand 
*** SUMMARY ***
Total pot 60 | Rake 0 
Seat 1: Mahu2021 (big blind) collected (60)
Seat 2: ROKD88 (button) (small blind) folded before Flop



PokerStars Hand #243911996145: Tournament #3596211060, $0.92+$0.08 USD Hold'em No Limit - Level IV (30/60) - 2023/05/26 9:43:01 CET [2023/05/26 3:43:01 ET]
Table '3596211060 1' 3-max Seat #1 is the button
Seat 1: Mahu2021 (830 in chips) 
Seat 2: ROKD88 (670 in chips) 
Mahu2021: posts small blind 30
ROKD88: posts big blind 60
*** HOLE CARDS ***
Dealt to Mahu2021 [5s 3s]
Mahu2021: calls 30
ROKD88: raises 120 to 180
Mahu2021: calls 120
*** FLOP *** [9h Qd Jh]
ROKD88: bets 180
Mahu2021: folds 
Uncalled bet (180) returned to ROKD88
ROKD88 collected 360 from pot
*** SUMMARY ***
Total pot 360 | Rake 0 
Board [9h Qd Jh]
Seat 1: Mahu2021 (button) (small blind) folded on the Flop
Seat 2: ROKD88 (big blind) collected (360)



