PokerStars Hand #253449213626: Tournament #3824588064, $1.84+$0.16 USD Hold'em No Limit - Level I (10/20) - 2024/11/17 20:10:42 CET [2024/11/17 14:10:42 ET]
Table '3824588064 1' 3-max Seat #1 is the button
Seat 1: zoran.m192 (500 in chips) 
Seat 2: Mahu2021 (500 in chips) 
Seat 3: lepart07 (500 in chips) 
Mahu2021: posts small blind 10
lepart07: posts big blind 20
*** HOLE CARDS ***
Dealt to Mahu2021 [9d 8h]
zoran.m192: calls 20
Mahu2021: calls 10
lepart07: raises 40 to 60
zoran.m192: calls 40
Mahu2021: folds 
*** FLOP *** [9h 2d 2c]
lepart07: checks 
zoran.m192: checks 
*** TURN *** [9h 2d 2c] [5d]
lepart07: bets 60
zoran.m192: folds 
Uncalled bet (60) returned to lepart07
lepart07 collected 140 from pot
lepart07: doesn't show hand 
*** SUMMARY ***
Total pot 140 | Rake 0 
Board [9h 2d 2c 5d]
Seat 1: zoran.m192 (button) folded on the Turn
Seat 2: Mahu2021 (small blind) folded before Flop
Seat 3: lepart07 (big blind) collected (140)



PokerStars Hand #253449224686: Tournament #3824588064, $1.84+$0.16 USD Hold'em No Limit - Level I (10/20) - 2024/11/17 20:11:13 CET [2024/11/17 14:11:13 ET]
Table '3824588064 1' 3-max Seat #2 is the button
Seat 1: zoran.m192 (440 in chips) 
Seat 2: Mahu2021 (480 in chips) 
Seat 3: lepart07 (580 in chips) 
lepart07: posts small blind 10
zoran.m192: posts big blind 20
*** HOLE CARDS ***
Dealt to Mahu2021 [4s 7c]
Mahu2021: folds 
lepart07: folds 
Uncalled bet (10) returned to zoran.m192
zoran.m192 collected 20 from pot
*** SUMMARY ***
Total pot 20 | Rake 0 
Seat 1: zoran.m192 (big blind) collected (20)
Seat 2: Mahu2021 (button) folded before Flop (didn't bet)
Seat 3: lepart07 (small blind) folded before Flop



PokerStars Hand #253449227083: Tournament #3824588064, $1.84+$0.16 USD Hold'em No Limit - Level I (10/20) - 2024/11/17 20:11:20 CET [2024/11/17 14:11:20 ET]
Table '3824588064 1' 3-max Seat #3 is the button
Seat 1: zoran.m192 (450 in chips) 
Seat 2: Mahu2021 (480 in chips) 
Seat 3: lepart07 (570 in chips) 
zoran.m192: posts small blind 10
Mahu2021: posts big blind 20
*** HOLE CARDS ***
Dealt to Mahu2021 [2s 6s]
lepart07: raises 20 to 40
zoran.m192: calls 30
Mahu2021: calls 20
*** FLOP *** [5c Js 3c]
zoran.m192: checks 
Mahu2021: checks 
lepart07: bets 60
zoran.m192: folds 
Mahu2021: folds 
Uncalled bet (60) returned to lepart07
lepart07 collected 120 from pot
lepart07: doesn't show hand 
*** SUMMARY ***
Total pot 120 | Rake 0 
Board [5c Js 3c]
Seat 1: zoran.m192 (small blind) folded on the Flop
Seat 2: Mahu2021 (big blind) folded on the Flop
Seat 3: lepart07 (button) collected (120)



PokerStars Hand #253449237653: Tournament #3824588064, $1.84+$0.16 USD Hold'em No Limit - Level I (10/20) - 2024/11/17 20:11:50 CET [2024/11/17 14:11:50 ET]
Table '3824588064 1' 3-max Seat #1 is the button
Seat 1: zoran.m192 (410 in chips) 
Seat 2: Mahu2021 (440 in chips) 
Seat 3: lepart07 (650 in chips) 
Mahu2021: posts small blind 10
lepart07: posts big blind 20
*** HOLE CARDS ***
Dealt to Mahu2021 [6s Kc]
zoran.m192: folds 
Mahu2021: raises 40 to 60
lepart07: calls 40
*** FLOP *** [3h 7h Tc]
Mahu2021: checks 
lepart07: bets 60
Mahu2021: calls 60
*** TURN *** [3h 7h Tc] [Qc]
Mahu2021: checks 
lepart07: checks 
*** RIVER *** [3h 7h Tc Qc] [5d]
Mahu2021: bets 60
lepart07: raises 80 to 140
Mahu2021: folds 
Uncalled bet (80) returned to lepart07
lepart07 collected 360 from pot
lepart07: doesn't show hand 
*** SUMMARY ***
Total pot 360 | Rake 0 
Board [3h 7h Tc Qc 5d]
Seat 1: zoran.m192 (button) folded before Flop (didn't bet)
Seat 2: Mahu2021 (small blind) folded on the River
Seat 3: lepart07 (big blind) collected (360)



PokerStars Hand #253449250005: Tournament #3824588064, $1.84+$0.16 USD Hold'em No Limit - Level I (10/20) - 2024/11/17 20:12:25 CET [2024/11/17 14:12:25 ET]
Table '3824588064 1' 3-max Seat #2 is the button
Seat 1: zoran.m192 (410 in chips) 
Seat 2: Mahu2021 (260 in chips) 
Seat 3: lepart07 (830 in chips) 
lepart07: posts small blind 10
zoran.m192: posts big blind 20
*** HOLE CARDS ***
Dealt to Mahu2021 [7d 4h]
Mahu2021: folds 
lepart07: raises 40 to 60
zoran.m192: raises 40 to 100
lepart07: raises 730 to 830 and is all-in
zoran.m192: calls 310 and is all-in
Uncalled bet (420) returned to lepart07
*** FLOP *** [Jc 5d Kh]
*** TURN *** [Jc 5d Kh] [Qs]
*** RIVER *** [Jc 5d Kh Qs] [7c]
*** SHOW DOWN ***
lepart07: shows [Ad Qh] (a pair of Queens)
zoran.m192: shows [Ah Js] (a pair of Jacks)
lepart07 collected 820 from pot
zoran.m192 finished the tournament in 3rd place
*** SUMMARY ***
Total pot 820 | Rake 0 
Board [Jc 5d Kh Qs 7c]
Seat 1: zoran.m192 (big blind) showed [Ah Js] and lost with a pair of Jacks
Seat 2: Mahu2021 (button) folded before Flop (didn't bet)
Seat 3: lepart07 (small blind) showed [Ad Qh] and won (820) with a pair of Queens



PokerStars Hand #253449261128: Tournament #3824588064, $1.84+$0.16 USD Hold'em No Limit - Level I (10/20) - 2024/11/17 20:12:56 CET [2024/11/17 14:12:56 ET]
Table '3824588064 1' 3-max Seat #3 is the button
Seat 2: Mahu2021 (260 in chips) 
Seat 3: lepart07 (1240 in chips) 
lepart07: posts small blind 10
Mahu2021: posts big blind 20
*** HOLE CARDS ***
Dealt to Mahu2021 [4h 3s]
lepart07: raises 20 to 40
Mahu2021: folds 
Uncalled bet (20) returned to lepart07
lepart07 collected 40 from pot
lepart07: doesn't show hand 
*** SUMMARY ***
Total pot 40 | Rake 0 
Seat 2: Mahu2021 (big blind) folded before Flop
Seat 3: lepart07 (button) (small blind) collected (40)



PokerStars Hand #253449263768: Tournament #3824588064, $1.84+$0.16 USD Hold'em No Limit - Level I (10/20) - 2024/11/17 20:13:04 CET [2024/11/17 14:13:04 ET]
Table '3824588064 1' 3-max Seat #2 is the button
Seat 2: Mahu2021 (240 in chips) 
Seat 3: lepart07 (1260 in chips) 
Mahu2021: posts small blind 10
lepart07: posts big blind 20
*** HOLE CARDS ***
Dealt to Mahu2021 [4c Ad]
Mahu2021: calls 10
lepart07: raises 40 to 60
Mahu2021: raises 180 to 240 and is all-in
lepart07: calls 180
*** FLOP *** [5c Ah Qh]
*** TURN *** [5c Ah Qh] [3h]
*** RIVER *** [5c Ah Qh 3h] [8c]
*** SHOW DOWN ***
lepart07: shows [Jd Kh] (high card Ace)
Mahu2021: shows [4c Ad] (a pair of Aces)
Mahu2021 collected 480 from pot
*** SUMMARY ***
Total pot 480 | Rake 0 
Board [5c Ah Qh 3h 8c]
Seat 2: Mahu2021 (button) (small blind) showed [4c Ad] and won (480) with a pair of Aces
Seat 3: lepart07 (big blind) showed [Jd Kh] and lost with high card Ace



PokerStars Hand #253449270448: Tournament #3824588064, $1.84+$0.16 USD Hold'em No Limit - Level I (10/20) - 2024/11/17 20:13:22 CET [2024/11/17 14:13:22 ET]
Table '3824588064 1' 3-max Seat #3 is the button
Seat 2: Mahu2021 (480 in chips) 
Seat 3: lepart07 (1020 in chips) 
lepart07: posts small blind 10
Mahu2021: posts big blind 20
*** HOLE CARDS ***
Dealt to Mahu2021 [Kc 7d]
lepart07: folds 
Uncalled bet (10) returned to Mahu2021
Mahu2021 collected 20 from pot
Mahu2021: doesn't show hand 
*** SUMMARY ***
Total pot 20 | Rake 0 
Seat 2: Mahu2021 (big blind) collected (20)
Seat 3: lepart07 (button) (small blind) folded before Flop



PokerStars Hand #253449272823: Tournament #3824588064, $1.84+$0.16 USD Hold'em No Limit - Level I (10/20) - 2024/11/17 20:13:29 CET [2024/11/17 14:13:29 ET]
Table '3824588064 1' 3-max Seat #2 is the button
Seat 2: Mahu2021 (490 in chips) 
Seat 3: lepart07 (1010 in chips) 
Mahu2021: posts small blind 10
lepart07: posts big blind 20
*** HOLE CARDS ***
Dealt to Mahu2021 [Qs 3h]
Mahu2021: raises 20 to 40
lepart07: folds 
Uncalled bet (20) returned to Mahu2021
Mahu2021 collected 40 from pot
Mahu2021: doesn't show hand 
*** SUMMARY ***
Total pot 40 | Rake 0 
Seat 2: Mahu2021 (button) (small blind) collected (40)
Seat 3: lepart07 (big blind) folded before Flop



PokerStars Hand #253449280310: Tournament #3824588064, $1.84+$0.16 USD Hold'em No Limit - Level II (15/30) - 2024/11/17 20:13:50 CET [2024/11/17 14:13:50 ET]
Table '3824588064 1' 3-max Seat #3 is the button
Seat 2: Mahu2021 (510 in chips) 
Seat 3: lepart07 (990 in chips) 
lepart07: posts small blind 15
Mahu2021: posts big blind 30
*** HOLE CARDS ***
Dealt to Mahu2021 [Th 4c]
lepart07: folds 
Uncalled bet (15) returned to Mahu2021
Mahu2021 collected 30 from pot
Mahu2021: doesn't show hand 
*** SUMMARY ***
Total pot 30 | Rake 0 
Seat 2: Mahu2021 (big blind) collected (30)
Seat 3: lepart07 (button) (small blind) folded before Flop



PokerStars Hand #253449282541: Tournament #3824588064, $1.84+$0.16 USD Hold'em No Limit - Level II (15/30) - 2024/11/17 20:13:56 CET [2024/11/17 14:13:56 ET]
Table '3824588064 1' 3-max Seat #2 is the button
Seat 2: Mahu2021 (525 in chips) 
Seat 3: lepart07 (975 in chips) 
Mahu2021: posts small blind 15
lepart07: posts big blind 30
*** HOLE CARDS ***
Dealt to Mahu2021 [8s 9d]
Mahu2021: raises 30 to 60
lepart07: folds 
Uncalled bet (30) returned to Mahu2021
Mahu2021 collected 60 from pot
Mahu2021: doesn't show hand 
*** SUMMARY ***
Total pot 60 | Rake 0 
Seat 2: Mahu2021 (button) (small blind) collected (60)
Seat 3: lepart07 (big blind) folded before Flop



PokerStars Hand #253449284941: Tournament #3824588064, $1.84+$0.16 USD Hold'em No Limit - Level II (15/30) - 2024/11/17 20:14:03 CET [2024/11/17 14:14:03 ET]
Table '3824588064 1' 3-max Seat #3 is the button
Seat 2: Mahu2021 (555 in chips) 
Seat 3: lepart07 (945 in chips) 
lepart07: posts small blind 15
Mahu2021: posts big blind 30
*** HOLE CARDS ***
Dealt to Mahu2021 [3d Ad]
lepart07: raises 30 to 60
Mahu2021: calls 30
*** FLOP *** [7h 8d 2c]
Mahu2021: checks 
lepart07: bets 90
Mahu2021: folds 
Uncalled bet (90) returned to lepart07
lepart07 collected 120 from pot
lepart07: doesn't show hand 
*** SUMMARY ***
Total pot 120 | Rake 0 
Board [7h 8d 2c]
Seat 2: Mahu2021 (big blind) folded on the Flop
Seat 3: lepart07 (button) (small blind) collected (120)



PokerStars Hand #253449293112: Tournament #3824588064, $1.84+$0.16 USD Hold'em No Limit - Level II (15/30) - 2024/11/17 20:14:27 CET [2024/11/17 14:14:27 ET]
Table '3824588064 1' 3-max Seat #2 is the button
Seat 2: Mahu2021 (495 in chips) 
Seat 3: lepart07 (1005 in chips) 
Mahu2021: posts small blind 15
lepart07: posts big blind 30
*** HOLE CARDS ***
Dealt to Mahu2021 [Js Ts]
Mahu2021: raises 30 to 60
lepart07: folds 
Uncalled bet (30) returned to Mahu2021
Mahu2021 collected 60 from pot
Mahu2021: doesn't show hand 
*** SUMMARY ***
Total pot 60 | Rake 0 
Seat 2: Mahu2021 (button) (small blind) collected (60)
Seat 3: lepart07 (big blind) folded before Flop



PokerStars Hand #253449296562: Tournament #3824588064, $1.84+$0.16 USD Hold'em No Limit - Level II (15/30) - 2024/11/17 20:14:37 CET [2024/11/17 14:14:37 ET]
Table '3824588064 1' 3-max Seat #3 is the button
Seat 2: Mahu2021 (525 in chips) 
Seat 3: lepart07 (975 in chips) 
lepart07: posts small blind 15
Mahu2021: posts big blind 30
*** HOLE CARDS ***
Dealt to Mahu2021 [4c 3d]
lepart07: folds 
Uncalled bet (15) returned to Mahu2021
Mahu2021 collected 30 from pot
Mahu2021: doesn't show hand 
*** SUMMARY ***
Total pot 30 | Rake 0 
Seat 2: Mahu2021 (big blind) collected (30)
Seat 3: lepart07 (button) (small blind) folded before Flop



PokerStars Hand #253449298696: Tournament #3824588064, $1.84+$0.16 USD Hold'em No Limit - Level II (15/30) - 2024/11/17 20:14:43 CET [2024/11/17 14:14:43 ET]
Table '3824588064 1' 3-max Seat #2 is the button
Seat 2: Mahu2021 (540 in chips) 
Seat 3: lepart07 (960 in chips) 
Mahu2021: posts small blind 15
lepart07: posts big blind 30
*** HOLE CARDS ***
Dealt to Mahu2021 [3c 7c]
Mahu2021: folds 
Uncalled bet (15) returned to lepart07
lepart07 collected 30 from pot
lepart07: doesn't show hand 
*** SUMMARY ***
Total pot 30 | Rake 0 
Seat 2: Mahu2021 (button) (small blind) folded before Flop
Seat 3: lepart07 (big blind) collected (30)



PokerStars Hand #253449300491: Tournament #3824588064, $1.84+$0.16 USD Hold'em No Limit - Level II (15/30) - 2024/11/17 20:14:48 CET [2024/11/17 14:14:48 ET]
Table '3824588064 1' 3-max Seat #3 is the button
Seat 2: Mahu2021 (525 in chips) 
Seat 3: lepart07 (975 in chips) 
lepart07: posts small blind 15
Mahu2021: posts big blind 30
*** HOLE CARDS ***
Dealt to Mahu2021 [Tc Jc]
lepart07: folds 
Uncalled bet (15) returned to Mahu2021
Mahu2021 collected 30 from pot
Mahu2021: doesn't show hand 
*** SUMMARY ***
Total pot 30 | Rake 0 
Seat 2: Mahu2021 (big blind) collected (30)
Seat 3: lepart07 (button) (small blind) folded before Flop



PokerStars Hand #253449302797: Tournament #3824588064, $1.84+$0.16 USD Hold'em No Limit - Level II (15/30) - 2024/11/17 20:14:54 CET [2024/11/17 14:14:54 ET]
Table '3824588064 1' 3-max Seat #2 is the button
Seat 2: Mahu2021 (540 in chips) 
Seat 3: lepart07 (960 in chips) 
Mahu2021: posts small blind 15
lepart07: posts big blind 30
*** HOLE CARDS ***
Dealt to Mahu2021 [Ac 6s]
Mahu2021: raises 30 to 60
lepart07: calls 30
*** FLOP *** [Ad 4c 9s]
lepart07: checks 
Mahu2021: bets 90
lepart07: folds 
Uncalled bet (90) returned to Mahu2021
Mahu2021 collected 120 from pot
Mahu2021: doesn't show hand 
*** SUMMARY ***
Total pot 120 | Rake 0 
Board [Ad 4c 9s]
Seat 2: Mahu2021 (button) (small blind) collected (120)
Seat 3: lepart07 (big blind) folded on the Flop



PokerStars Hand #253449310462: Tournament #3824588064, $1.84+$0.16 USD Hold'em No Limit - Level II (15/30) - 2024/11/17 20:15:16 CET [2024/11/17 14:15:16 ET]
Table '3824588064 1' 3-max Seat #3 is the button
Seat 2: Mahu2021 (600 in chips) 
Seat 3: lepart07 (900 in chips) 
lepart07: posts small blind 15
Mahu2021: posts big blind 30
*** HOLE CARDS ***
Dealt to Mahu2021 [6c Jc]
lepart07: raises 30 to 60
Mahu2021: calls 30
*** FLOP *** [2h 9c 4c]
Mahu2021: checks 
lepart07: bets 60
Mahu2021: calls 60
*** TURN *** [2h 9c 4c] [5s]
Mahu2021: checks 
lepart07: bets 90
Mahu2021: calls 90
*** RIVER *** [2h 9c 4c 5s] [2s]
Mahu2021: checks 
lepart07: checks 
*** SHOW DOWN ***
Mahu2021: shows [6c Jc] (a pair of Deuces)
lepart07: shows [Tc Kc] (a pair of Deuces - King kicker)
lepart07 collected 420 from pot
*** SUMMARY ***
Total pot 420 | Rake 0 
Board [2h 9c 4c 5s 2s]
Seat 2: Mahu2021 (big blind) showed [6c Jc] and lost with a pair of Deuces
Seat 3: lepart07 (button) (small blind) showed [Tc Kc] and won (420) with a pair of Deuces



PokerStars Hand #253449321189: Tournament #3824588064, $1.84+$0.16 USD Hold'em No Limit - Level II (15/30) - 2024/11/17 20:15:46 CET [2024/11/17 14:15:46 ET]
Table '3824588064 1' 3-max Seat #2 is the button
Seat 2: Mahu2021 (390 in chips) 
Seat 3: lepart07 (1110 in chips) 
Mahu2021: posts small blind 15
lepart07: posts big blind 30
*** HOLE CARDS ***
Dealt to Mahu2021 [6s 9h]
Mahu2021: folds 
Uncalled bet (15) returned to lepart07
lepart07 collected 30 from pot
lepart07: doesn't show hand 
*** SUMMARY ***
Total pot 30 | Rake 0 
Seat 2: Mahu2021 (button) (small blind) folded before Flop
Seat 3: lepart07 (big blind) collected (30)



PokerStars Hand #253449322570: Tournament #3824588064, $1.84+$0.16 USD Hold'em No Limit - Level II (15/30) - 2024/11/17 20:15:50 CET [2024/11/17 14:15:50 ET]
Table '3824588064 1' 3-max Seat #3 is the button
Seat 2: Mahu2021 (375 in chips) 
Seat 3: lepart07 (1125 in chips) 
lepart07: posts small blind 15
Mahu2021: posts big blind 30
*** HOLE CARDS ***
Dealt to Mahu2021 [5h Td]
lepart07: raises 30 to 60
Mahu2021: folds 
Uncalled bet (30) returned to lepart07
lepart07 collected 60 from pot
lepart07: doesn't show hand 
*** SUMMARY ***
Total pot 60 | Rake 0 
Seat 2: Mahu2021 (big blind) folded before Flop
Seat 3: lepart07 (button) (small blind) collected (60)



PokerStars Hand #253449325454: Tournament #3824588064, $1.84+$0.16 USD Hold'em No Limit - Level II (15/30) - 2024/11/17 20:15:58 CET [2024/11/17 14:15:58 ET]
Table '3824588064 1' 3-max Seat #2 is the button
Seat 2: Mahu2021 (345 in chips) 
Seat 3: lepart07 (1155 in chips) 
Mahu2021: posts small blind 15
lepart07: posts big blind 30
*** HOLE CARDS ***
Dealt to Mahu2021 [Tc 7h]
Mahu2021: raises 30 to 60
lepart07: calls 30
*** FLOP *** [9h 7c 5h]
lepart07: checks 
Mahu2021: bets 60
lepart07: calls 60
*** TURN *** [9h 7c 5h] [4h]
lepart07: checks 
Mahu2021: bets 225 and is all-in
lepart07: folds 
Uncalled bet (225) returned to Mahu2021
Mahu2021 collected 240 from pot
Mahu2021: doesn't show hand 
*** SUMMARY ***
Total pot 240 | Rake 0 
Board [9h 7c 5h 4h]
Seat 2: Mahu2021 (button) (small blind) collected (240)
Seat 3: lepart07 (big blind) folded on the Turn



PokerStars Hand #253449333638: Tournament #3824588064, $1.84+$0.16 USD Hold'em No Limit - Level II (15/30) - 2024/11/17 20:16:21 CET [2024/11/17 14:16:21 ET]
Table '3824588064 1' 3-max Seat #3 is the button
Seat 2: Mahu2021 (465 in chips) 
Seat 3: lepart07 (1035 in chips) 
lepart07: posts small blind 15
Mahu2021: posts big blind 30
*** HOLE CARDS ***
Dealt to Mahu2021 [Qc 7s]
lepart07: folds 
Uncalled bet (15) returned to Mahu2021
Mahu2021 collected 30 from pot
Mahu2021: doesn't show hand 
*** SUMMARY ***
Total pot 30 | Rake 0 
Seat 2: Mahu2021 (big blind) collected (30)
Seat 3: lepart07 (button) (small blind) folded before Flop



PokerStars Hand #253449335768: Tournament #3824588064, $1.84+$0.16 USD Hold'em No Limit - Level II (15/30) - 2024/11/17 20:16:27 CET [2024/11/17 14:16:27 ET]
Table '3824588064 1' 3-max Seat #2 is the button
Seat 2: Mahu2021 (480 in chips) 
Seat 3: lepart07 (1020 in chips) 
Mahu2021: posts small blind 15
lepart07: posts big blind 30
*** HOLE CARDS ***
Dealt to Mahu2021 [9s 7c]
Mahu2021: folds 
Uncalled bet (15) returned to lepart07
lepart07 collected 30 from pot
lepart07: doesn't show hand 
*** SUMMARY ***
Total pot 30 | Rake 0 
Seat 2: Mahu2021 (button) (small blind) folded before Flop
Seat 3: lepart07 (big blind) collected (30)



PokerStars Hand #253449337387: Tournament #3824588064, $1.84+$0.16 USD Hold'em No Limit - Level II (15/30) - 2024/11/17 20:16:32 CET [2024/11/17 14:16:32 ET]
Table '3824588064 1' 3-max Seat #3 is the button
Seat 2: Mahu2021 (465 in chips) 
Seat 3: lepart07 (1035 in chips) 
lepart07: posts small blind 15
Mahu2021: posts big blind 30
*** HOLE CARDS ***
Dealt to Mahu2021 [4s 2h]
lepart07: raises 30 to 60
Mahu2021: folds 
Uncalled bet (30) returned to lepart07
lepart07 collected 60 from pot
lepart07: doesn't show hand 
*** SUMMARY ***
Total pot 60 | Rake 0 
Seat 2: Mahu2021 (big blind) folded before Flop
Seat 3: lepart07 (button) (small blind) collected (60)



PokerStars Hand #253449339417: Tournament #3824588064, $1.84+$0.16 USD Hold'em No Limit - Level II (15/30) - 2024/11/17 20:16:37 CET [2024/11/17 14:16:37 ET]
Table '3824588064 1' 3-max Seat #2 is the button
Seat 2: Mahu2021 (435 in chips) 
Seat 3: lepart07 (1065 in chips) 
Mahu2021: posts small blind 15
lepart07: posts big blind 30
*** HOLE CARDS ***
Dealt to Mahu2021 [7h 5s]
Mahu2021: folds 
Uncalled bet (15) returned to lepart07
lepart07 collected 30 from pot
lepart07: doesn't show hand 
*** SUMMARY ***
Total pot 30 | Rake 0 
Seat 2: Mahu2021 (button) (small blind) folded before Flop
Seat 3: lepart07 (big blind) collected (30)



PokerStars Hand #253449340937: Tournament #3824588064, $1.84+$0.16 USD Hold'em No Limit - Level II (15/30) - 2024/11/17 20:16:42 CET [2024/11/17 14:16:42 ET]
Table '3824588064 1' 3-max Seat #3 is the button
Seat 2: Mahu2021 (420 in chips) 
Seat 3: lepart07 (1080 in chips) 
lepart07: posts small blind 15
Mahu2021: posts big blind 30
*** HOLE CARDS ***
Dealt to Mahu2021 [9c 7d]
lepart07: raises 30 to 60
Mahu2021: folds 
Uncalled bet (30) returned to lepart07
lepart07 collected 60 from pot
lepart07: doesn't show hand 
*** SUMMARY ***
Total pot 60 | Rake 0 
Seat 2: Mahu2021 (big blind) folded before Flop
Seat 3: lepart07 (button) (small blind) collected (60)



PokerStars Hand #253449344587: Tournament #3824588064, $1.84+$0.16 USD Hold'em No Limit - Level III (20/40) - 2024/11/17 20:16:52 CET [2024/11/17 14:16:52 ET]
Table '3824588064 1' 3-max Seat #2 is the button
Seat 2: Mahu2021 (390 in chips) 
Seat 3: lepart07 (1110 in chips) 
Mahu2021: posts small blind 20
lepart07: posts big blind 40
*** HOLE CARDS ***
Dealt to Mahu2021 [Ac 6c]
Mahu2021: raises 80 to 120
lepart07: folds 
Uncalled bet (80) returned to Mahu2021
Mahu2021 collected 80 from pot
Mahu2021: doesn't show hand 
*** SUMMARY ***
Total pot 80 | Rake 0 
Seat 2: Mahu2021 (button) (small blind) collected (80)
Seat 3: lepart07 (big blind) folded before Flop



PokerStars Hand #253449347179: Tournament #3824588064, $1.84+$0.16 USD Hold'em No Limit - Level III (20/40) - 2024/11/17 20:16:59 CET [2024/11/17 14:16:59 ET]
Table '3824588064 1' 3-max Seat #3 is the button
Seat 2: Mahu2021 (430 in chips) 
Seat 3: lepart07 (1070 in chips) 
lepart07: posts small blind 20
Mahu2021: posts big blind 40
*** HOLE CARDS ***
Dealt to Mahu2021 [6d 2h]
lepart07: folds 
Uncalled bet (20) returned to Mahu2021
Mahu2021 collected 40 from pot
Mahu2021: doesn't show hand 
*** SUMMARY ***
Total pot 40 | Rake 0 
Seat 2: Mahu2021 (big blind) collected (40)
Seat 3: lepart07 (button) (small blind) folded before Flop



PokerStars Hand #253449349234: Tournament #3824588064, $1.84+$0.16 USD Hold'em No Limit - Level III (20/40) - 2024/11/17 20:17:05 CET [2024/11/17 14:17:05 ET]
Table '3824588064 1' 3-max Seat #2 is the button
Seat 2: Mahu2021 (450 in chips) 
Seat 3: lepart07 (1050 in chips) 
Mahu2021: posts small blind 20
lepart07: posts big blind 40
*** HOLE CARDS ***
Dealt to Mahu2021 [6c 3h]
Mahu2021: folds 
Uncalled bet (20) returned to lepart07
lepart07 collected 40 from pot
lepart07: doesn't show hand 
*** SUMMARY ***
Total pot 40 | Rake 0 
Seat 2: Mahu2021 (button) (small blind) folded before Flop
Seat 3: lepart07 (big blind) collected (40)



PokerStars Hand #253449350790: Tournament #3824588064, $1.84+$0.16 USD Hold'em No Limit - Level III (20/40) - 2024/11/17 20:17:09 CET [2024/11/17 14:17:09 ET]
Table '3824588064 1' 3-max Seat #3 is the button
Seat 2: Mahu2021 (430 in chips) 
Seat 3: lepart07 (1070 in chips) 
lepart07: posts small blind 20
Mahu2021: posts big blind 40
*** HOLE CARDS ***
Dealt to Mahu2021 [4s Kh]
lepart07: raises 80 to 120
Mahu2021: folds 
Uncalled bet (80) returned to lepart07
lepart07 collected 80 from pot
lepart07: doesn't show hand 
*** SUMMARY ***
Total pot 80 | Rake 0 
Seat 2: Mahu2021 (big blind) folded before Flop
Seat 3: lepart07 (button) (small blind) collected (80)



PokerStars Hand #253449355219: Tournament #3824588064, $1.84+$0.16 USD Hold'em No Limit - Level III (20/40) - 2024/11/17 20:17:22 CET [2024/11/17 14:17:22 ET]
Table '3824588064 1' 3-max Seat #2 is the button
Seat 2: Mahu2021 (390 in chips) 
Seat 3: lepart07 (1110 in chips) 
Mahu2021: posts small blind 20
lepart07: posts big blind 40
*** HOLE CARDS ***
Dealt to Mahu2021 [6c 2h]
Mahu2021: folds 
Uncalled bet (20) returned to lepart07
lepart07 collected 40 from pot
lepart07: doesn't show hand 
*** SUMMARY ***
Total pot 40 | Rake 0 
Seat 2: Mahu2021 (button) (small blind) folded before Flop
Seat 3: lepart07 (big blind) collected (40)



PokerStars Hand #253449356751: Tournament #3824588064, $1.84+$0.16 USD Hold'em No Limit - Level III (20/40) - 2024/11/17 20:17:26 CET [2024/11/17 14:17:26 ET]
Table '3824588064 1' 3-max Seat #3 is the button
Seat 2: Mahu2021 (370 in chips) 
Seat 3: lepart07 (1130 in chips) 
lepart07: posts small blind 20
Mahu2021: posts big blind 40
*** HOLE CARDS ***
Dealt to Mahu2021 [Ah 8d]
lepart07: folds 
Uncalled bet (20) returned to Mahu2021
Mahu2021 collected 40 from pot
Mahu2021: doesn't show hand 
*** SUMMARY ***
Total pot 40 | Rake 0 
Seat 2: Mahu2021 (big blind) collected (40)
Seat 3: lepart07 (button) (small blind) folded before Flop



PokerStars Hand #253449358541: Tournament #3824588064, $1.84+$0.16 USD Hold'em No Limit - Level III (20/40) - 2024/11/17 20:17:31 CET [2024/11/17 14:17:31 ET]
Table '3824588064 1' 3-max Seat #2 is the button
Seat 2: Mahu2021 (390 in chips) 
Seat 3: lepart07 (1110 in chips) 
Mahu2021: posts small blind 20
lepart07: posts big blind 40
*** HOLE CARDS ***
Dealt to Mahu2021 [Ac 8s]
Mahu2021: raises 80 to 120
lepart07: folds 
Uncalled bet (80) returned to Mahu2021
Mahu2021 collected 80 from pot
Mahu2021: doesn't show hand 
*** SUMMARY ***
Total pot 80 | Rake 0 
Seat 2: Mahu2021 (button) (small blind) collected (80)
Seat 3: lepart07 (big blind) folded before Flop



PokerStars Hand #253449361095: Tournament #3824588064, $1.84+$0.16 USD Hold'em No Limit - Level III (20/40) - 2024/11/17 20:17:38 CET [2024/11/17 14:17:38 ET]
Table '3824588064 1' 3-max Seat #3 is the button
Seat 2: Mahu2021 (430 in chips) 
Seat 3: lepart07 (1070 in chips) 
lepart07: posts small blind 20
Mahu2021: posts big blind 40
*** HOLE CARDS ***
Dealt to Mahu2021 [2d Kh]
lepart07: folds 
Uncalled bet (20) returned to Mahu2021
Mahu2021 collected 40 from pot
Mahu2021: doesn't show hand 
*** SUMMARY ***
Total pot 40 | Rake 0 
Seat 2: Mahu2021 (big blind) collected (40)
Seat 3: lepart07 (button) (small blind) folded before Flop



PokerStars Hand #253449363656: Tournament #3824588064, $1.84+$0.16 USD Hold'em No Limit - Level III (20/40) - 2024/11/17 20:17:45 CET [2024/11/17 14:17:45 ET]
Table '3824588064 1' 3-max Seat #2 is the button
Seat 2: Mahu2021 (450 in chips) 
Seat 3: lepart07 (1050 in chips) 
Mahu2021: posts small blind 20
lepart07: posts big blind 40
*** HOLE CARDS ***
Dealt to Mahu2021 [3c 5d]
Mahu2021: folds 
Uncalled bet (20) returned to lepart07
lepart07 collected 40 from pot
lepart07: doesn't show hand 
*** SUMMARY ***
Total pot 40 | Rake 0 
Seat 2: Mahu2021 (button) (small blind) folded before Flop
Seat 3: lepart07 (big blind) collected (40)



PokerStars Hand #253449365224: Tournament #3824588064, $1.84+$0.16 USD Hold'em No Limit - Level III (20/40) - 2024/11/17 20:17:50 CET [2024/11/17 14:17:50 ET]
Table '3824588064 1' 3-max Seat #3 is the button
Seat 2: Mahu2021 (430 in chips) 
Seat 3: lepart07 (1070 in chips) 
lepart07: posts small blind 20
Mahu2021: posts big blind 40
*** HOLE CARDS ***
Dealt to Mahu2021 [2s Ks]
lepart07: folds 
Uncalled bet (20) returned to Mahu2021
Mahu2021 collected 40 from pot
Mahu2021: doesn't show hand 
*** SUMMARY ***
Total pot 40 | Rake 0 
Seat 2: Mahu2021 (big blind) collected (40)
Seat 3: lepart07 (button) (small blind) folded before Flop



PokerStars Hand #253449367513: Tournament #3824588064, $1.84+$0.16 USD Hold'em No Limit - Level III (20/40) - 2024/11/17 20:17:56 CET [2024/11/17 14:17:56 ET]
Table '3824588064 1' 3-max Seat #2 is the button
Seat 2: Mahu2021 (450 in chips) 
Seat 3: lepart07 (1050 in chips) 
Mahu2021: posts small blind 20
lepart07: posts big blind 40
*** HOLE CARDS ***
Dealt to Mahu2021 [4c 6c]
Mahu2021: raises 40 to 80
lepart07: calls 40
*** FLOP *** [Kh 2d Qs]
lepart07: checks 
Mahu2021: checks 
*** TURN *** [Kh 2d Qs] [Kd]
lepart07: bets 80
Mahu2021: folds 
Uncalled bet (80) returned to lepart07
lepart07 collected 160 from pot
lepart07: doesn't show hand 
*** SUMMARY ***
Total pot 160 | Rake 0 
Board [Kh 2d Qs Kd]
Seat 2: Mahu2021 (button) (small blind) folded on the Turn
Seat 3: lepart07 (big blind) collected (160)



PokerStars Hand #253449376275: Tournament #3824588064, $1.84+$0.16 USD Hold'em No Limit - Level III (20/40) - 2024/11/17 20:18:21 CET [2024/11/17 14:18:21 ET]
Table '3824588064 1' 3-max Seat #3 is the button
Seat 2: Mahu2021 (370 in chips) 
Seat 3: lepart07 (1130 in chips) 
lepart07: posts small blind 20
Mahu2021: posts big blind 40
*** HOLE CARDS ***
Dealt to Mahu2021 [5s Ks]
lepart07: folds 
Uncalled bet (20) returned to Mahu2021
Mahu2021 collected 40 from pot
Mahu2021: doesn't show hand 
*** SUMMARY ***
Total pot 40 | Rake 0 
Seat 2: Mahu2021 (big blind) collected (40)
Seat 3: lepart07 (button) (small blind) folded before Flop



PokerStars Hand #253449378498: Tournament #3824588064, $1.84+$0.16 USD Hold'em No Limit - Level III (20/40) - 2024/11/17 20:18:27 CET [2024/11/17 14:18:27 ET]
Table '3824588064 1' 3-max Seat #2 is the button
Seat 2: Mahu2021 (390 in chips) 
Seat 3: lepart07 (1110 in chips) 
Mahu2021: posts small blind 20
lepart07: posts big blind 40
*** HOLE CARDS ***
Dealt to Mahu2021 [Qd Ac]
Mahu2021: raises 80 to 120
lepart07: folds 
Uncalled bet (80) returned to Mahu2021
Mahu2021 collected 80 from pot
Mahu2021: doesn't show hand 
*** SUMMARY ***
Total pot 80 | Rake 0 
Seat 2: Mahu2021 (button) (small blind) collected (80)
Seat 3: lepart07 (big blind) folded before Flop



PokerStars Hand #253449381637: Tournament #3824588064, $1.84+$0.16 USD Hold'em No Limit - Level III (20/40) - 2024/11/17 20:18:36 CET [2024/11/17 14:18:36 ET]
Table '3824588064 1' 3-max Seat #3 is the button
Seat 2: Mahu2021 (430 in chips) 
Seat 3: lepart07 (1070 in chips) 
lepart07: posts small blind 20
Mahu2021: posts big blind 40
*** HOLE CARDS ***
Dealt to Mahu2021 [9c 3d]
lepart07: folds 
Uncalled bet (20) returned to Mahu2021
Mahu2021 collected 40 from pot
Mahu2021: doesn't show hand 
*** SUMMARY ***
Total pot 40 | Rake 0 
Seat 2: Mahu2021 (big blind) collected (40)
Seat 3: lepart07 (button) (small blind) folded before Flop



PokerStars Hand #253449383920: Tournament #3824588064, $1.84+$0.16 USD Hold'em No Limit - Level III (20/40) - 2024/11/17 20:18:42 CET [2024/11/17 14:18:42 ET]
Table '3824588064 1' 3-max Seat #2 is the button
Seat 2: Mahu2021 (450 in chips) 
Seat 3: lepart07 (1050 in chips) 
Mahu2021: posts small blind 20
lepart07: posts big blind 40
*** HOLE CARDS ***
Dealt to Mahu2021 [2c Qd]
Mahu2021: raises 40 to 80
lepart07: folds 
Uncalled bet (40) returned to Mahu2021
Mahu2021 collected 80 from pot
Mahu2021: doesn't show hand 
*** SUMMARY ***
Total pot 80 | Rake 0 
Seat 2: Mahu2021 (button) (small blind) collected (80)
Seat 3: lepart07 (big blind) folded before Flop



PokerStars Hand #253449386689: Tournament #3824588064, $1.84+$0.16 USD Hold'em No Limit - Level III (20/40) - 2024/11/17 20:18:50 CET [2024/11/17 14:18:50 ET]
Table '3824588064 1' 3-max Seat #3 is the button
Seat 2: Mahu2021 (490 in chips) 
Seat 3: lepart07 (1010 in chips) 
lepart07: posts small blind 20
Mahu2021: posts big blind 40
*** HOLE CARDS ***
Dealt to Mahu2021 [Ac 6d]
lepart07: folds 
Uncalled bet (20) returned to Mahu2021
Mahu2021 collected 40 from pot
Mahu2021: doesn't show hand 
*** SUMMARY ***
Total pot 40 | Rake 0 
Seat 2: Mahu2021 (big blind) collected (40)
Seat 3: lepart07 (button) (small blind) folded before Flop



PokerStars Hand #253449389029: Tournament #3824588064, $1.84+$0.16 USD Hold'em No Limit - Level III (20/40) - 2024/11/17 20:18:56 CET [2024/11/17 14:18:56 ET]
Table '3824588064 1' 3-max Seat #2 is the button
Seat 2: Mahu2021 (510 in chips) 
Seat 3: lepart07 (990 in chips) 
Mahu2021: posts small blind 20
lepart07: posts big blind 40
*** HOLE CARDS ***
Dealt to Mahu2021 [7s 6c]
Mahu2021: calls 20
lepart07: checks 
*** FLOP *** [8c Kh 9s]
lepart07: checks 
Mahu2021: bets 40
lepart07: calls 40
*** TURN *** [8c Kh 9s] [5s]
lepart07: checks 
Mahu2021: checks 
*** RIVER *** [8c Kh 9s 5s] [Ad]
lepart07: checks 
Mahu2021: bets 200
lepart07: folds 
Uncalled bet (200) returned to Mahu2021
Mahu2021 collected 160 from pot
Mahu2021: doesn't show hand 
*** SUMMARY ***
Total pot 160 | Rake 0 
Board [8c Kh 9s 5s Ad]
Seat 2: Mahu2021 (button) (small blind) collected (160)
Seat 3: lepart07 (big blind) folded on the River



PokerStars Hand #253449402852: Tournament #3824588064, $1.84+$0.16 USD Hold'em No Limit - Level III (20/40) - 2024/11/17 20:19:36 CET [2024/11/17 14:19:36 ET]
Table '3824588064 1' 3-max Seat #3 is the button
Seat 2: Mahu2021 (590 in chips) 
Seat 3: lepart07 (910 in chips) 
lepart07: posts small blind 20
Mahu2021: posts big blind 40
*** HOLE CARDS ***
Dealt to Mahu2021 [Kh 2h]
lepart07: folds 
Uncalled bet (20) returned to Mahu2021
Mahu2021 collected 40 from pot
Mahu2021: doesn't show hand 
*** SUMMARY ***
Total pot 40 | Rake 0 
Seat 2: Mahu2021 (big blind) collected (40)
Seat 3: lepart07 (button) (small blind) folded before Flop



PokerStars Hand #253449404777: Tournament #3824588064, $1.84+$0.16 USD Hold'em No Limit - Level III (20/40) - 2024/11/17 20:19:41 CET [2024/11/17 14:19:41 ET]
Table '3824588064 1' 3-max Seat #2 is the button
Seat 2: Mahu2021 (610 in chips) 
Seat 3: lepart07 (890 in chips) 
Mahu2021: posts small blind 20
lepart07: posts big blind 40
*** HOLE CARDS ***
Dealt to Mahu2021 [Js 7s]
Mahu2021: raises 40 to 80
lepart07: folds 
Uncalled bet (40) returned to Mahu2021
Mahu2021 collected 80 from pot
Mahu2021: doesn't show hand 
*** SUMMARY ***
Total pot 80 | Rake 0 
Seat 2: Mahu2021 (button) (small blind) collected (80)
Seat 3: lepart07 (big blind) folded before Flop



PokerStars Hand #253449408371: Tournament #3824588064, $1.84+$0.16 USD Hold'em No Limit - Level IV (30/60) - 2024/11/17 20:19:51 CET [2024/11/17 14:19:51 ET]
Table '3824588064 1' 3-max Seat #3 is the button
Seat 2: Mahu2021 (650 in chips) 
Seat 3: lepart07 (850 in chips) 
lepart07: posts small blind 30
Mahu2021: posts big blind 60
*** HOLE CARDS ***
Dealt to Mahu2021 [2c 2s]
lepart07: folds 
Uncalled bet (30) returned to Mahu2021
Mahu2021 collected 60 from pot
Mahu2021: doesn't show hand 
*** SUMMARY ***
Total pot 60 | Rake 0 
Seat 2: Mahu2021 (big blind) collected (60)
Seat 3: lepart07 (button) (small blind) folded before Flop



PokerStars Hand #253449410515: Tournament #3824588064, $1.84+$0.16 USD Hold'em No Limit - Level IV (30/60) - 2024/11/17 20:19:57 CET [2024/11/17 14:19:57 ET]
Table '3824588064 1' 3-max Seat #2 is the button
Seat 2: Mahu2021 (680 in chips) 
Seat 3: lepart07 (820 in chips) 
Mahu2021: posts small blind 30
lepart07: posts big blind 60
*** HOLE CARDS ***
Dealt to Mahu2021 [3s 8c]
Mahu2021: raises 60 to 120
lepart07: calls 60
*** FLOP *** [Qs 4s 7d]
lepart07: checks 
Mahu2021: bets 60
lepart07: calls 60
*** TURN *** [Qs 4s 7d] [8d]
lepart07: checks 
Mahu2021: bets 500 and is all-in
lepart07: calls 500
*** RIVER *** [Qs 4s 7d 8d] [9h]
*** SHOW DOWN ***
lepart07: shows [8s Ts] (a pair of Eights)
Mahu2021: shows [3s 8c] (a pair of Eights - lower kicker)
lepart07 collected 1360 from pot
Mahu2021 finished the tournament in 2nd place
lepart07 wins the tournament and receives $6.00 - congratulations!
*** SUMMARY ***
Total pot 1360 | Rake 0 
Board [Qs 4s 7d 8d 9h]
Seat 2: Mahu2021 (button) (small blind) showed [3s 8c] and lost with a pair of Eights
Seat 3: lepart07 (big blind) showed [8s Ts] and won (1360) with a pair of Eights



