PokerStars Hand #244375584006: Tournament #3606866004, $0.92+$0.08 USD Hold'em No Limit - Level I (10/20) - 2023/06/20 20:31:37 CET [2023/06/20 14:31:37 ET]
Table '3606866004 1' 3-max Seat #1 is the button
Seat 1: Yury Illgner (500 in chips) 
Seat 2: muchachagde (500 in chips) 
Seat 3: Mahu2021 (500 in chips) 
muchachagde: posts small blind 10
Mahu2021: posts big blind 20
*** HOLE CARDS ***
Dealt to Mahu2021 [2c 9h]
Yury Illgner: folds 
muchachagde: folds 
Uncalled bet (10) returned to Mahu2021
Mahu2021 collected 20 from pot
Mahu2021: doesn't show hand 
*** SUMMARY ***
Total pot 20 | Rake 0 
Seat 1: Yury Illgner (button) folded before Flop (didn't bet)
Seat 2: muchachagde (small blind) folded before Flop
Seat 3: Mahu2021 (big blind) collected (20)



PokerStars Hand #244375587511: Tournament #3606866004, $0.92+$0.08 USD Hold'em No Limit - Level I (10/20) - 2023/06/20 20:31:48 CET [2023/06/20 14:31:48 ET]
Table '3606866004 1' 3-max Seat #2 is the button
Seat 1: Yury Illgner (500 in chips) 
Seat 2: muchachagde (490 in chips) 
Seat 3: Mahu2021 (510 in chips) 
Mahu2021: posts small blind 10
Yury Illgner: posts big blind 20
*** HOLE CARDS ***
Dealt to Mahu2021 [Kc 7d]
muchachagde: raises 20 to 40
Mahu2021: folds 
Yury Illgner: folds 
Uncalled bet (20) returned to muchachagde
muchachagde collected 50 from pot
muchachagde: doesn't show hand 
*** SUMMARY ***
Total pot 50 | Rake 0 
Seat 1: Yury Illgner (big blind) folded before Flop
Seat 2: muchachagde (button) collected (50)
Seat 3: Mahu2021 (small blind) folded before Flop



PokerStars Hand #244375590382: Tournament #3606866004, $0.92+$0.08 USD Hold'em No Limit - Level I (10/20) - 2023/06/20 20:31:58 CET [2023/06/20 14:31:58 ET]
Table '3606866004 1' 3-max Seat #3 is the button
Seat 1: Yury Illgner (480 in chips) 
Seat 2: muchachagde (520 in chips) 
Seat 3: Mahu2021 (500 in chips) 
Yury Illgner: posts small blind 10
muchachagde: posts big blind 20
*** HOLE CARDS ***
Dealt to Mahu2021 [4c Ts]
Mahu2021: folds 
Yury Illgner: folds 
Uncalled bet (10) returned to muchachagde
muchachagde collected 20 from pot
muchachagde: doesn't show hand 
*** SUMMARY ***
Total pot 20 | Rake 0 
Seat 1: Yury Illgner (small blind) folded before Flop
Seat 2: muchachagde (big blind) collected (20)
Seat 3: Mahu2021 (button) folded before Flop (didn't bet)



PokerStars Hand #244375593044: Tournament #3606866004, $0.92+$0.08 USD Hold'em No Limit - Level I (10/20) - 2023/06/20 20:32:07 CET [2023/06/20 14:32:07 ET]
Table '3606866004 1' 3-max Seat #1 is the button
Seat 1: Yury Illgner (470 in chips) 
Seat 2: muchachagde (530 in chips) 
Seat 3: Mahu2021 (500 in chips) 
muchachagde: posts small blind 10
Mahu2021: posts big blind 20
*** HOLE CARDS ***
Dealt to Mahu2021 [8s 8d]
Yury Illgner: folds 
muchachagde: calls 10
Mahu2021: raises 60 to 80
muchachagde: calls 60
*** FLOP *** [Ks 9s 7d]
muchachagde: checks 
Mahu2021: checks 
*** TURN *** [Ks 9s 7d] [3s]
muchachagde: bets 160
Mahu2021: folds 
Uncalled bet (160) returned to muchachagde
muchachagde collected 160 from pot
muchachagde: doesn't show hand 
*** SUMMARY ***
Total pot 160 | Rake 0 
Board [Ks 9s 7d 3s]
Seat 1: Yury Illgner (button) folded before Flop (didn't bet)
Seat 2: muchachagde (small blind) collected (160)
Seat 3: Mahu2021 (big blind) folded on the Turn



PokerStars Hand #244375603487: Tournament #3606866004, $0.92+$0.08 USD Hold'em No Limit - Level I (10/20) - 2023/06/20 20:32:42 CET [2023/06/20 14:32:42 ET]
Table '3606866004 1' 3-max Seat #2 is the button
Seat 1: Yury Illgner (470 in chips) 
Seat 2: muchachagde (610 in chips) 
Seat 3: Mahu2021 (420 in chips) 
Mahu2021: posts small blind 10
Yury Illgner: posts big blind 20
*** HOLE CARDS ***
Dealt to Mahu2021 [Js 8h]
muchachagde: calls 20
Mahu2021: calls 10
Yury Illgner: checks 
*** FLOP *** [Ah 3h 5c]
Mahu2021: checks 
Yury Illgner: checks 
muchachagde: bets 60
Mahu2021: folds 
Yury Illgner: folds 
Uncalled bet (60) returned to muchachagde
muchachagde collected 60 from pot
muchachagde: doesn't show hand 
*** SUMMARY ***
Total pot 60 | Rake 0 
Board [Ah 3h 5c]
Seat 1: Yury Illgner (big blind) folded on the Flop
Seat 2: muchachagde (button) collected (60)
Seat 3: Mahu2021 (small blind) folded on the Flop



PokerStars Hand #244375610073: Tournament #3606866004, $0.92+$0.08 USD Hold'em No Limit - Level I (10/20) - 2023/06/20 20:33:05 CET [2023/06/20 14:33:05 ET]
Table '3606866004 1' 3-max Seat #3 is the button
Seat 1: Yury Illgner (450 in chips) 
Seat 2: muchachagde (650 in chips) 
Seat 3: Mahu2021 (400 in chips) 
Yury Illgner: posts small blind 10
muchachagde: posts big blind 20
*** HOLE CARDS ***
Dealt to Mahu2021 [3c Kc]
Mahu2021: calls 20
Yury Illgner: folds 
muchachagde: checks 
*** FLOP *** [Qc 6h Kd]
muchachagde: bets 50
Mahu2021: raises 330 to 380 and is all-in
muchachagde: folds 
Uncalled bet (330) returned to Mahu2021
Mahu2021 collected 150 from pot
Mahu2021: doesn't show hand 
*** SUMMARY ***
Total pot 150 | Rake 0 
Board [Qc 6h Kd]
Seat 1: Yury Illgner (small blind) folded before Flop
Seat 2: muchachagde (big blind) folded on the Flop
Seat 3: Mahu2021 (button) collected (150)



PokerStars Hand #244375619055: Tournament #3606866004, $0.92+$0.08 USD Hold'em No Limit - Level I (10/20) - 2023/06/20 20:33:35 CET [2023/06/20 14:33:35 ET]
Table '3606866004 1' 3-max Seat #1 is the button
Seat 1: Yury Illgner (440 in chips) 
Seat 2: muchachagde (580 in chips) 
Seat 3: Mahu2021 (480 in chips) 
muchachagde: posts small blind 10
Mahu2021: posts big blind 20
*** HOLE CARDS ***
Dealt to Mahu2021 [8c 3s]
Yury Illgner is disconnected 
Yury Illgner has timed out while being disconnected
Yury Illgner: folds 
Yury Illgner is sitting out
muchachagde: folds 
Uncalled bet (10) returned to Mahu2021
Mahu2021 collected 20 from pot
Mahu2021: doesn't show hand 
*** SUMMARY ***
Total pot 20 | Rake 0 
Seat 1: Yury Illgner (button) folded before Flop (didn't bet)
Seat 2: muchachagde (small blind) folded before Flop
Seat 3: Mahu2021 (big blind) collected (20)



PokerStars Hand #244375627998: Tournament #3606866004, $0.92+$0.08 USD Hold'em No Limit - Level I (10/20) - 2023/06/20 20:34:06 CET [2023/06/20 14:34:06 ET]
Table '3606866004 1' 3-max Seat #2 is the button
Seat 1: Yury Illgner (440 in chips) is sitting out
Seat 2: muchachagde (570 in chips) 
Seat 3: Mahu2021 (490 in chips) 
Mahu2021: posts small blind 10
Yury Illgner: posts big blind 20
*** HOLE CARDS ***
Dealt to Mahu2021 [3h 7c]
muchachagde: calls 20
Mahu2021: folds 
Yury Illgner: folds 
muchachagde collected 50 from pot
muchachagde: doesn't show hand 
*** SUMMARY ***
Total pot 50 | Rake 0 
Seat 1: Yury Illgner (big blind) folded before Flop
Seat 2: muchachagde (button) collected (50)
Seat 3: Mahu2021 (small blind) folded before Flop



PokerStars Hand #244375630400: Tournament #3606866004, $0.92+$0.08 USD Hold'em No Limit - Level I (10/20) - 2023/06/20 20:34:14 CET [2023/06/20 14:34:14 ET]
Table '3606866004 1' 3-max Seat #3 is the button
Seat 1: Yury Illgner (420 in chips) is sitting out
Seat 2: muchachagde (600 in chips) 
Seat 3: Mahu2021 (480 in chips) 
Yury Illgner: posts small blind 10
muchachagde: posts big blind 20
*** HOLE CARDS ***
Dealt to Mahu2021 [5s 3h]
Mahu2021: folds 
Yury Illgner: folds 
Uncalled bet (10) returned to muchachagde
muchachagde collected 20 from pot
muchachagde: doesn't show hand 
*** SUMMARY ***
Total pot 20 | Rake 0 
Seat 1: Yury Illgner (small blind) folded before Flop
Seat 2: muchachagde (big blind) collected (20)
Seat 3: Mahu2021 (button) folded before Flop (didn't bet)



PokerStars Hand #244375631663: Tournament #3606866004, $0.92+$0.08 USD Hold'em No Limit - Level I (10/20) - 2023/06/20 20:34:18 CET [2023/06/20 14:34:18 ET]
Table '3606866004 1' 3-max Seat #1 is the button
Seat 1: Yury Illgner (410 in chips) is sitting out
Seat 2: muchachagde (610 in chips) 
Seat 3: Mahu2021 (480 in chips) 
muchachagde: posts small blind 10
Mahu2021: posts big blind 20
*** HOLE CARDS ***
Dealt to Mahu2021 [4d 6h]
Yury Illgner: folds 
muchachagde: calls 10
Mahu2021: checks 
*** FLOP *** [6s Jd 8h]
muchachagde: bets 40
Mahu2021: folds 
Uncalled bet (40) returned to muchachagde
muchachagde collected 40 from pot
muchachagde: doesn't show hand 
*** SUMMARY ***
Total pot 40 | Rake 0 
Board [6s Jd 8h]
Seat 1: Yury Illgner (button) folded before Flop (didn't bet)
Seat 2: muchachagde (small blind) collected (40)
Seat 3: Mahu2021 (big blind) folded on the Flop



PokerStars Hand #244375636364: Tournament #3606866004, $0.92+$0.08 USD Hold'em No Limit - Level I (10/20) - 2023/06/20 20:34:34 CET [2023/06/20 14:34:34 ET]
Table '3606866004 1' 3-max Seat #2 is the button
Seat 1: Yury Illgner (410 in chips) is sitting out
Seat 2: muchachagde (630 in chips) 
Seat 3: Mahu2021 (460 in chips) 
Mahu2021: posts small blind 10
Yury Illgner: posts big blind 20
*** HOLE CARDS ***
Dealt to Mahu2021 [Qs 6s]
muchachagde: raises 40 to 60
Mahu2021: calls 50
Yury Illgner: folds 
*** FLOP *** [2c Ad Ks]
Mahu2021: checks 
muchachagde: checks 
*** TURN *** [2c Ad Ks] [6h]
Mahu2021: bets 140
muchachagde: calls 140
*** RIVER *** [2c Ad Ks 6h] [Kc]
Mahu2021: bets 260 and is all-in
muchachagde: calls 260
*** SHOW DOWN ***
Mahu2021: shows [Qs 6s] (two pair, Kings and Sixes)
muchachagde: shows [3c Ac] (two pair, Aces and Kings)
muchachagde collected 940 from pot
Mahu2021 finished the tournament in 3rd place
*** SUMMARY ***
Total pot 940 | Rake 0 
Board [2c Ad Ks 6h Kc]
Seat 1: Yury Illgner (big blind) folded before Flop
Seat 2: muchachagde (button) showed [3c Ac] and won (940) with two pair, Aces and Kings
Seat 3: Mahu2021 (small blind) showed [Qs 6s] and lost with two pair, Kings and Sixes



