PokerStars Hand #249089974727: Tournament #3721138630, $4.60+$0.40 USD Hold'em No Limit - Level I (10/20) - 2024/02/25 20:08:20 CET [2024/02/25 14:08:20 ET]
Table '3721138630 1' 3-max Seat #1 is the button
Seat 1: Mahu2021 (500 in chips) 
Seat 2: alex20823 (500 in chips) 
Seat 3: LemonBird96 (500 in chips) 
alex20823: posts small blind 10
LemonBird96: posts big blind 20
*** HOLE CARDS ***
Dealt to Mahu2021 [7d 8h]
Mahu2021: folds 
alex20823: raises 30 to 50
LemonBird96: folds 
Uncalled bet (30) returned to alex20823
alex20823 collected 40 from pot
alex20823: doesn't show hand 
*** SUMMARY ***
Total pot 40 | Rake 0 
Seat 1: Mahu2021 (button) folded before Flop (didn't bet)
Seat 2: alex20823 (small blind) collected (40)
Seat 3: LemonBird96 (big blind) folded before Flop



PokerStars Hand #249089978234: Tournament #3721138630, $4.60+$0.40 USD Hold'em No Limit - Level I (10/20) - 2024/02/25 20:08:28 CET [2024/02/25 14:08:28 ET]
Table '3721138630 1' 3-max Seat #2 is the button
Seat 1: Mahu2021 (500 in chips) 
Seat 2: alex20823 (520 in chips) 
Seat 3: LemonBird96 (480 in chips) 
LemonBird96: posts small blind 10
Mahu2021: posts big blind 20
*** HOLE CARDS ***
Dealt to Mahu2021 [2s Qc]
alex20823: raises 20 to 40
LemonBird96: folds 
Mahu2021: folds 
Uncalled bet (20) returned to alex20823
alex20823 collected 50 from pot
alex20823: doesn't show hand 
*** SUMMARY ***
Total pot 50 | Rake 0 
Seat 1: Mahu2021 (big blind) folded before Flop
Seat 2: alex20823 (button) collected (50)
Seat 3: LemonBird96 (small blind) folded before Flop



PokerStars Hand #249089980719: Tournament #3721138630, $4.60+$0.40 USD Hold'em No Limit - Level I (10/20) - 2024/02/25 20:08:34 CET [2024/02/25 14:08:34 ET]
Table '3721138630 1' 3-max Seat #3 is the button
Seat 1: Mahu2021 (480 in chips) 
Seat 2: alex20823 (550 in chips) 
Seat 3: LemonBird96 (470 in chips) 
Mahu2021: posts small blind 10
alex20823: posts big blind 20
*** HOLE CARDS ***
Dealt to Mahu2021 [Ac Tc]
LemonBird96: folds 
Mahu2021: raises 20 to 40
alex20823: calls 20
*** FLOP *** [2s 3s As]
Mahu2021: bets 40
alex20823: calls 40
*** TURN *** [2s 3s As] [Qs]
Mahu2021: checks 
alex20823: bets 53
Mahu2021: calls 53
*** RIVER *** [2s 3s As Qs] [Ts]
Mahu2021: checks 
alex20823: checks 
*** SHOW DOWN ***
Mahu2021: shows [Ac Tc] (a flush, Ace high)
alex20823: shows [Jd 3d] (a flush, Ace high)
Mahu2021 collected 133 from pot
alex20823 collected 133 from pot
*** SUMMARY ***
Total pot 266 | Rake 0 
Board [2s 3s As Qs Ts]
Seat 1: Mahu2021 (small blind) showed [Ac Tc] and won (133) with a flush, Ace high
Seat 2: alex20823 (big blind) showed [Jd 3d] and won (133) with a flush, Ace high
Seat 3: LemonBird96 (button) folded before Flop (didn't bet)



PokerStars Hand #249089991088: Tournament #3721138630, $4.60+$0.40 USD Hold'em No Limit - Level I (10/20) - 2024/02/25 20:08:59 CET [2024/02/25 14:08:59 ET]
Table '3721138630 1' 3-max Seat #1 is the button
Seat 1: Mahu2021 (480 in chips) 
Seat 2: alex20823 (550 in chips) 
Seat 3: LemonBird96 (470 in chips) 
alex20823: posts small blind 10
LemonBird96: posts big blind 20
*** HOLE CARDS ***
Dealt to Mahu2021 [Ac Ks]
Mahu2021: raises 20 to 40
alex20823: folds 
LemonBird96: calls 20
*** FLOP *** [Jd Tc 2d]
LemonBird96: checks 
Mahu2021: checks 
*** TURN *** [Jd Tc 2d] [Kd]
LemonBird96: checks 
Mahu2021: bets 40
LemonBird96: calls 40
*** RIVER *** [Jd Tc 2d Kd] [As]
LemonBird96: checks 
Mahu2021: checks 
*** SHOW DOWN ***
LemonBird96: shows [Js 8c] (a pair of Jacks)
Mahu2021: shows [Ac Ks] (two pair, Aces and Kings)
Mahu2021 collected 170 from pot
*** SUMMARY ***
Total pot 170 | Rake 0 
Board [Jd Tc 2d Kd As]
Seat 1: Mahu2021 (button) showed [Ac Ks] and won (170) with two pair, Aces and Kings
Seat 2: alex20823 (small blind) folded before Flop
Seat 3: LemonBird96 (big blind) showed [Js 8c] and lost with a pair of Jacks



PokerStars Hand #249090000331: Tournament #3721138630, $4.60+$0.40 USD Hold'em No Limit - Level I (10/20) - 2024/02/25 20:09:21 CET [2024/02/25 14:09:21 ET]
Table '3721138630 1' 3-max Seat #2 is the button
Seat 1: Mahu2021 (570 in chips) 
Seat 2: alex20823 (540 in chips) 
Seat 3: LemonBird96 (390 in chips) 
LemonBird96: posts small blind 10
Mahu2021: posts big blind 20
*** HOLE CARDS ***
Dealt to Mahu2021 [Qh Kc]
alex20823: folds 
LemonBird96: raises 20 to 40
Mahu2021: calls 20
*** FLOP *** [7d 9h Qs]
LemonBird96: checks 
Mahu2021: bets 80
LemonBird96: folds 
Uncalled bet (80) returned to Mahu2021
Mahu2021 collected 80 from pot
Mahu2021: doesn't show hand 
*** SUMMARY ***
Total pot 80 | Rake 0 
Board [7d 9h Qs]
Seat 1: Mahu2021 (big blind) collected (80)
Seat 2: alex20823 (button) folded before Flop (didn't bet)
Seat 3: LemonBird96 (small blind) folded on the Flop



PokerStars Hand #249090010037: Tournament #3721138630, $4.60+$0.40 USD Hold'em No Limit - Level I (10/20) - 2024/02/25 20:09:44 CET [2024/02/25 14:09:44 ET]
Table '3721138630 1' 3-max Seat #3 is the button
Seat 1: Mahu2021 (610 in chips) 
Seat 2: alex20823 (540 in chips) 
Seat 3: LemonBird96 (350 in chips) 
Mahu2021: posts small blind 10
alex20823: posts big blind 20
*** HOLE CARDS ***
Dealt to Mahu2021 [Ts 9s]
LemonBird96: folds 
Mahu2021: calls 10
alex20823: raises 50 to 70
Mahu2021: calls 50
*** FLOP *** [7h 2d 4s]
Mahu2021: checks 
alex20823: checks 
*** TURN *** [7h 2d 4s] [Jd]
Mahu2021: checks 
alex20823: bets 77
Mahu2021: folds 
Uncalled bet (77) returned to alex20823
alex20823 collected 140 from pot
alex20823: doesn't show hand 
*** SUMMARY ***
Total pot 140 | Rake 0 
Board [7h 2d 4s Jd]
Seat 1: Mahu2021 (small blind) folded on the Turn
Seat 2: alex20823 (big blind) collected (140)
Seat 3: LemonBird96 (button) folded before Flop (didn't bet)



PokerStars Hand #249090023537: Tournament #3721138630, $4.60+$0.40 USD Hold'em No Limit - Level I (10/20) - 2024/02/25 20:10:16 CET [2024/02/25 14:10:16 ET]
Table '3721138630 1' 3-max Seat #1 is the button
Seat 1: Mahu2021 (540 in chips) 
Seat 2: alex20823 (610 in chips) 
Seat 3: LemonBird96 (350 in chips) 
alex20823: posts small blind 10
LemonBird96: posts big blind 20
*** HOLE CARDS ***
Dealt to Mahu2021 [Ts 6d]
Mahu2021: folds 
alex20823: folds 
Uncalled bet (10) returned to LemonBird96
LemonBird96 collected 20 from pot
LemonBird96: doesn't show hand 
*** SUMMARY ***
Total pot 20 | Rake 0 
Seat 1: Mahu2021 (button) folded before Flop (didn't bet)
Seat 2: alex20823 (small blind) folded before Flop
Seat 3: LemonBird96 (big blind) collected (20)



PokerStars Hand #249090025754: Tournament #3721138630, $4.60+$0.40 USD Hold'em No Limit - Level I (10/20) - 2024/02/25 20:10:22 CET [2024/02/25 14:10:22 ET]
Table '3721138630 1' 3-max Seat #2 is the button
Seat 1: Mahu2021 (540 in chips) 
Seat 2: alex20823 (600 in chips) 
Seat 3: LemonBird96 (360 in chips) 
LemonBird96: posts small blind 10
Mahu2021: posts big blind 20
*** HOLE CARDS ***
Dealt to Mahu2021 [Kc Jd]
alex20823: folds 
LemonBird96: raises 20 to 40
Mahu2021: calls 20
*** FLOP *** [5h Qs 5s]
LemonBird96: bets 20
Mahu2021: folds 
Uncalled bet (20) returned to LemonBird96
LemonBird96 collected 80 from pot
LemonBird96: doesn't show hand 
*** SUMMARY ***
Total pot 80 | Rake 0 
Board [5h Qs 5s]
Seat 1: Mahu2021 (big blind) folded on the Flop
Seat 2: alex20823 (button) folded before Flop (didn't bet)
Seat 3: LemonBird96 (small blind) collected (80)



PokerStars Hand #249090032694: Tournament #3721138630, $4.60+$0.40 USD Hold'em No Limit - Level I (10/20) - 2024/02/25 20:10:38 CET [2024/02/25 14:10:38 ET]
Table '3721138630 1' 3-max Seat #3 is the button
Seat 1: Mahu2021 (500 in chips) 
Seat 2: alex20823 (600 in chips) 
Seat 3: LemonBird96 (400 in chips) 
Mahu2021: posts small blind 10
alex20823: posts big blind 20
*** HOLE CARDS ***
Dealt to Mahu2021 [Ac 5c]
LemonBird96: raises 20 to 40
Mahu2021: calls 30
alex20823: calls 20
*** FLOP *** [Jh 7d Ts]
Mahu2021: checks 
alex20823: checks 
LemonBird96: checks 
*** TURN *** [Jh 7d Ts] [2s]
Mahu2021: checks 
alex20823: bets 40
LemonBird96: calls 40
Mahu2021: folds 
*** RIVER *** [Jh 7d Ts 2s] [3c]
alex20823: bets 520 and is all-in
LemonBird96: folds 
Uncalled bet (520) returned to alex20823
alex20823 collected 200 from pot
alex20823: doesn't show hand 
*** SUMMARY ***
Total pot 200 | Rake 0 
Board [Jh 7d Ts 2s 3c]
Seat 1: Mahu2021 (small blind) folded on the Turn
Seat 2: alex20823 (big blind) collected (200)
Seat 3: LemonBird96 (button) folded on the River



PokerStars Hand #249090050163: Tournament #3721138630, $4.60+$0.40 USD Hold'em No Limit - Level I (10/20) - 2024/02/25 20:11:21 CET [2024/02/25 14:11:21 ET]
Table '3721138630 1' 3-max Seat #1 is the button
Seat 1: Mahu2021 (460 in chips) 
Seat 2: alex20823 (720 in chips) 
Seat 3: LemonBird96 (320 in chips) 
alex20823: posts small blind 10
LemonBird96: posts big blind 20
*** HOLE CARDS ***
Dealt to Mahu2021 [Ts 2c]
Mahu2021: folds 
alex20823: folds 
Uncalled bet (10) returned to LemonBird96
LemonBird96 collected 20 from pot
LemonBird96: doesn't show hand 
*** SUMMARY ***
Total pot 20 | Rake 0 
Seat 1: Mahu2021 (button) folded before Flop (didn't bet)
Seat 2: alex20823 (small blind) folded before Flop
Seat 3: LemonBird96 (big blind) collected (20)



PokerStars Hand #249090053990: Tournament #3721138630, $4.60+$0.40 USD Hold'em No Limit - Level II (15/30) - 2024/02/25 20:11:30 CET [2024/02/25 14:11:30 ET]
Table '3721138630 1' 3-max Seat #2 is the button
Seat 1: Mahu2021 (460 in chips) 
Seat 2: alex20823 (710 in chips) 
Seat 3: LemonBird96 (330 in chips) 
LemonBird96: posts small blind 15
Mahu2021: posts big blind 30
*** HOLE CARDS ***
Dealt to Mahu2021 [2h 9c]
alex20823: raises 30 to 60
LemonBird96: folds 
Mahu2021: folds 
Uncalled bet (30) returned to alex20823
alex20823 collected 75 from pot
alex20823: doesn't show hand 
*** SUMMARY ***
Total pot 75 | Rake 0 
Seat 1: Mahu2021 (big blind) folded before Flop
Seat 2: alex20823 (button) collected (75)
Seat 3: LemonBird96 (small blind) folded before Flop



PokerStars Hand #249090056894: Tournament #3721138630, $4.60+$0.40 USD Hold'em No Limit - Level II (15/30) - 2024/02/25 20:11:37 CET [2024/02/25 14:11:37 ET]
Table '3721138630 1' 3-max Seat #3 is the button
Seat 1: Mahu2021 (430 in chips) 
Seat 2: alex20823 (755 in chips) 
Seat 3: LemonBird96 (315 in chips) 
Mahu2021: posts small blind 15
alex20823: posts big blind 30
*** HOLE CARDS ***
Dealt to Mahu2021 [Qh 9d]
LemonBird96: raises 285 to 315 and is all-in
Mahu2021: folds 
alex20823: folds 
Uncalled bet (285) returned to LemonBird96
LemonBird96 collected 75 from pot
LemonBird96: doesn't show hand 
*** SUMMARY ***
Total pot 75 | Rake 0 
Seat 1: Mahu2021 (small blind) folded before Flop
Seat 2: alex20823 (big blind) folded before Flop
Seat 3: LemonBird96 (button) collected (75)



PokerStars Hand #249090060701: Tournament #3721138630, $4.60+$0.40 USD Hold'em No Limit - Level II (15/30) - 2024/02/25 20:11:46 CET [2024/02/25 14:11:46 ET]
Table '3721138630 1' 3-max Seat #1 is the button
Seat 1: Mahu2021 (415 in chips) 
Seat 2: alex20823 (725 in chips) 
Seat 3: LemonBird96 (360 in chips) 
alex20823: posts small blind 15
LemonBird96: posts big blind 30
*** HOLE CARDS ***
Dealt to Mahu2021 [Ah 2d]
Mahu2021: calls 30
alex20823: raises 695 to 725 and is all-in
LemonBird96: folds 
Mahu2021: folds 
Uncalled bet (695) returned to alex20823
alex20823 collected 90 from pot
alex20823: doesn't show hand 
*** SUMMARY ***
Total pot 90 | Rake 0 
Seat 1: Mahu2021 (button) folded before Flop
Seat 2: alex20823 (small blind) collected (90)
Seat 3: LemonBird96 (big blind) folded before Flop



PokerStars Hand #249090065581: Tournament #3721138630, $4.60+$0.40 USD Hold'em No Limit - Level II (15/30) - 2024/02/25 20:11:58 CET [2024/02/25 14:11:58 ET]
Table '3721138630 1' 3-max Seat #2 is the button
Seat 1: Mahu2021 (385 in chips) 
Seat 2: alex20823 (785 in chips) 
Seat 3: LemonBird96 (330 in chips) 
LemonBird96: posts small blind 15
Mahu2021: posts big blind 30
*** HOLE CARDS ***
Dealt to Mahu2021 [Kd Js]
alex20823: folds 
LemonBird96: raises 300 to 330 and is all-in
Mahu2021: folds 
Uncalled bet (300) returned to LemonBird96
LemonBird96 collected 60 from pot
LemonBird96: doesn't show hand 
*** SUMMARY ***
Total pot 60 | Rake 0 
Seat 1: Mahu2021 (big blind) folded before Flop
Seat 2: alex20823 (button) folded before Flop (didn't bet)
Seat 3: LemonBird96 (small blind) collected (60)



PokerStars Hand #249090069911: Tournament #3721138630, $4.60+$0.40 USD Hold'em No Limit - Level II (15/30) - 2024/02/25 20:12:08 CET [2024/02/25 14:12:08 ET]
Table '3721138630 1' 3-max Seat #3 is the button
Seat 1: Mahu2021 (355 in chips) 
Seat 2: alex20823 (785 in chips) 
Seat 3: LemonBird96 (360 in chips) 
Mahu2021: posts small blind 15
alex20823: posts big blind 30
*** HOLE CARDS ***
Dealt to Mahu2021 [Js 3s]
LemonBird96: folds 
Mahu2021: folds 
Uncalled bet (15) returned to alex20823
alex20823 collected 30 from pot
*** SUMMARY ***
Total pot 30 | Rake 0 
Seat 1: Mahu2021 (small blind) folded before Flop
Seat 2: alex20823 (big blind) collected (30)
Seat 3: LemonBird96 (button) folded before Flop (didn't bet)



PokerStars Hand #249090072678: Tournament #3721138630, $4.60+$0.40 USD Hold'em No Limit - Level II (15/30) - 2024/02/25 20:12:15 CET [2024/02/25 14:12:15 ET]
Table '3721138630 1' 3-max Seat #1 is the button
Seat 1: Mahu2021 (340 in chips) 
Seat 2: alex20823 (800 in chips) 
Seat 3: LemonBird96 (360 in chips) 
alex20823: posts small blind 15
LemonBird96: posts big blind 30
*** HOLE CARDS ***
Dealt to Mahu2021 [5s 2c]
Mahu2021: folds 
alex20823: raises 770 to 800 and is all-in
LemonBird96: folds 
Uncalled bet (770) returned to alex20823
alex20823 collected 60 from pot
alex20823: doesn't show hand 
*** SUMMARY ***
Total pot 60 | Rake 0 
Seat 1: Mahu2021 (button) folded before Flop (didn't bet)
Seat 2: alex20823 (small blind) collected (60)
Seat 3: LemonBird96 (big blind) folded before Flop



PokerStars Hand #249090076127: Tournament #3721138630, $4.60+$0.40 USD Hold'em No Limit - Level II (15/30) - 2024/02/25 20:12:23 CET [2024/02/25 14:12:23 ET]
Table '3721138630 1' 3-max Seat #2 is the button
Seat 1: Mahu2021 (340 in chips) 
Seat 2: alex20823 (830 in chips) 
Seat 3: LemonBird96 (330 in chips) 
LemonBird96: posts small blind 15
Mahu2021: posts big blind 30
*** HOLE CARDS ***
Dealt to Mahu2021 [3h 2h]
alex20823: folds 
LemonBird96: raises 300 to 330 and is all-in
Mahu2021: folds 
Uncalled bet (300) returned to LemonBird96
LemonBird96 collected 60 from pot
LemonBird96: doesn't show hand 
*** SUMMARY ***
Total pot 60 | Rake 0 
Seat 1: Mahu2021 (big blind) folded before Flop
Seat 2: alex20823 (button) folded before Flop (didn't bet)
Seat 3: LemonBird96 (small blind) collected (60)



PokerStars Hand #249090083615: Tournament #3721138630, $4.60+$0.40 USD Hold'em No Limit - Level II (15/30) - 2024/02/25 20:12:41 CET [2024/02/25 14:12:41 ET]
Table '3721138630 1' 3-max Seat #3 is the button
Seat 1: Mahu2021 (310 in chips) 
Seat 2: alex20823 (830 in chips) 
Seat 3: LemonBird96 (360 in chips) 
Mahu2021: posts small blind 15
alex20823: posts big blind 30
*** HOLE CARDS ***
Dealt to Mahu2021 [7s Kh]
LemonBird96: raises 330 to 360 and is all-in
Mahu2021: folds 
alex20823: folds 
Uncalled bet (330) returned to LemonBird96
LemonBird96 collected 75 from pot
LemonBird96: doesn't show hand 
*** SUMMARY ***
Total pot 75 | Rake 0 
Seat 1: Mahu2021 (small blind) folded before Flop
Seat 2: alex20823 (big blind) folded before Flop
Seat 3: LemonBird96 (button) collected (75)



PokerStars Hand #249090090868: Tournament #3721138630, $4.60+$0.40 USD Hold'em No Limit - Level II (15/30) - 2024/02/25 20:12:59 CET [2024/02/25 14:12:59 ET]
Table '3721138630 1' 3-max Seat #1 is the button
Seat 1: Mahu2021 (295 in chips) 
Seat 2: alex20823 (800 in chips) 
Seat 3: LemonBird96 (405 in chips) 
alex20823: posts small blind 15
LemonBird96: posts big blind 30
*** HOLE CARDS ***
Dealt to Mahu2021 [7s Td]
Mahu2021: folds 
alex20823: folds 
Uncalled bet (15) returned to LemonBird96
LemonBird96 collected 30 from pot
LemonBird96: doesn't show hand 
*** SUMMARY ***
Total pot 30 | Rake 0 
Seat 1: Mahu2021 (button) folded before Flop (didn't bet)
Seat 2: alex20823 (small blind) folded before Flop
Seat 3: LemonBird96 (big blind) collected (30)



PokerStars Hand #249090093388: Tournament #3721138630, $4.60+$0.40 USD Hold'em No Limit - Level II (15/30) - 2024/02/25 20:13:05 CET [2024/02/25 14:13:05 ET]
Table '3721138630 1' 3-max Seat #2 is the button
Seat 1: Mahu2021 (295 in chips) 
Seat 2: alex20823 (785 in chips) 
Seat 3: LemonBird96 (420 in chips) 
LemonBird96: posts small blind 15
Mahu2021: posts big blind 30
*** HOLE CARDS ***
Dealt to Mahu2021 [Kh 8h]
alex20823: raises 755 to 785 and is all-in
LemonBird96: folds 
Mahu2021: calls 265 and is all-in
Uncalled bet (490) returned to alex20823
*** FLOP *** [6d 9d 6s]
*** TURN *** [6d 9d 6s] [Ad]
*** RIVER *** [6d 9d 6s Ad] [8c]
*** SHOW DOWN ***
Mahu2021: shows [Kh 8h] (two pair, Eights and Sixes)
alex20823: shows [Ah 2d] (two pair, Aces and Sixes)
alex20823 collected 605 from pot
Mahu2021 finished the tournament in 3rd place
*** SUMMARY ***
Total pot 605 | Rake 0 
Board [6d 9d 6s Ad 8c]
Seat 1: Mahu2021 (big blind) showed [Kh 8h] and lost with two pair, Eights and Sixes
Seat 2: alex20823 (button) showed [Ah 2d] and won (605) with two pair, Aces and Sixes
Seat 3: LemonBird96 (small blind) folded before Flop



