PokerStars Hand #251439847899: Tournament #3776733397, $0.46+$0.04 USD Hold'em No Limit - Level I (10/20) - 2024/07/11 20:42:40 CET [2024/07/11 14:42:40 ET]
Table '3776733397 1' 3-max Seat #1 is the button
Seat 1: Mahu2021 (500 in chips) 
Seat 2: N1njaaA (500 in chips) 
Seat 3: 986386 (500 in chips) 
N1njaaA: posts small blind 10
986386: posts big blind 20
*** HOLE CARDS ***
Dealt to Mahu2021 [4c 9s]
Mahu2021: folds 
N1njaaA: raises 40 to 60
986386: folds 
Uncalled bet (40) returned to N1njaaA
N1njaaA collected 40 from pot
N1njaaA: doesn't show hand 
*** SUMMARY ***
Total pot 40 | Rake 0 
Seat 1: Mahu2021 (button) folded before Flop (didn't bet)
Seat 2: N1njaaA (small blind) collected (40)
Seat 3: 986386 (big blind) folded before Flop



PokerStars Hand #251439851308: Tournament #3776733397, $0.46+$0.04 USD Hold'em No Limit - Level I (10/20) - 2024/07/11 20:42:52 CET [2024/07/11 14:42:52 ET]
Table '3776733397 1' 3-max Seat #2 is the button
Seat 1: Mahu2021 (500 in chips) 
Seat 2: N1njaaA (520 in chips) 
Seat 3: 986386 (480 in chips) 
986386: posts small blind 10
Mahu2021: posts big blind 20
*** HOLE CARDS ***
Dealt to Mahu2021 [Th 2d]
N1njaaA: folds 
986386: calls 10
Mahu2021: checks 
*** FLOP *** [5d 2h 7d]
986386: checks 
Mahu2021: bets 20
986386: folds 
Uncalled bet (20) returned to Mahu2021
Mahu2021 collected 40 from pot
Mahu2021: doesn't show hand 
*** SUMMARY ***
Total pot 40 | Rake 0 
Board [5d 2h 7d]
Seat 1: Mahu2021 (big blind) collected (40)
Seat 2: N1njaaA (button) folded before Flop (didn't bet)
Seat 3: 986386 (small blind) folded on the Flop



PokerStars Hand #251439854177: Tournament #3776733397, $0.46+$0.04 USD Hold'em No Limit - Level I (10/20) - 2024/07/11 20:43:02 CET [2024/07/11 14:43:02 ET]
Table '3776733397 1' 3-max Seat #3 is the button
Seat 1: Mahu2021 (520 in chips) 
Seat 2: N1njaaA (520 in chips) 
Seat 3: 986386 (460 in chips) 
Mahu2021: posts small blind 10
N1njaaA: posts big blind 20
*** HOLE CARDS ***
Dealt to Mahu2021 [8c Jc]
986386: folds 
Mahu2021: raises 20 to 40
N1njaaA: folds 
Uncalled bet (20) returned to Mahu2021
Mahu2021 collected 40 from pot
Mahu2021: doesn't show hand 
*** SUMMARY ***
Total pot 40 | Rake 0 
Seat 1: Mahu2021 (small blind) collected (40)
Seat 2: N1njaaA (big blind) folded before Flop
Seat 3: 986386 (button) folded before Flop (didn't bet)



PokerStars Hand #251439856186: Tournament #3776733397, $0.46+$0.04 USD Hold'em No Limit - Level I (10/20) - 2024/07/11 20:43:10 CET [2024/07/11 14:43:10 ET]
Table '3776733397 1' 3-max Seat #1 is the button
Seat 1: Mahu2021 (540 in chips) 
Seat 2: N1njaaA (500 in chips) 
Seat 3: 986386 (460 in chips) 
N1njaaA: posts small blind 10
986386: posts big blind 20
*** HOLE CARDS ***
Dealt to Mahu2021 [7h 8s]
Mahu2021: folds 
N1njaaA: folds 
Uncalled bet (10) returned to 986386
986386 collected 20 from pot
*** SUMMARY ***
Total pot 20 | Rake 0 
Seat 1: Mahu2021 (button) folded before Flop (didn't bet)
Seat 2: N1njaaA (small blind) folded before Flop
Seat 3: 986386 (big blind) collected (20)



PokerStars Hand #251439857513: Tournament #3776733397, $0.46+$0.04 USD Hold'em No Limit - Level I (10/20) - 2024/07/11 20:43:14 CET [2024/07/11 14:43:14 ET]
Table '3776733397 1' 3-max Seat #2 is the button
Seat 1: Mahu2021 (540 in chips) 
Seat 2: N1njaaA (490 in chips) 
Seat 3: 986386 (470 in chips) 
986386: posts small blind 10
Mahu2021: posts big blind 20
*** HOLE CARDS ***
Dealt to Mahu2021 [6d 4s]
N1njaaA: folds 
986386: calls 10
Mahu2021: checks 
*** FLOP *** [7s Js Tc]
986386: bets 40
Mahu2021: folds 
Uncalled bet (40) returned to 986386
986386 collected 40 from pot
*** SUMMARY ***
Total pot 40 | Rake 0 
Board [7s Js Tc]
Seat 1: Mahu2021 (big blind) folded on the Flop
Seat 2: N1njaaA (button) folded before Flop (didn't bet)
Seat 3: 986386 (small blind) collected (40)



PokerStars Hand #251439861400: Tournament #3776733397, $0.46+$0.04 USD Hold'em No Limit - Level I (10/20) - 2024/07/11 20:43:28 CET [2024/07/11 14:43:28 ET]
Table '3776733397 1' 3-max Seat #3 is the button
Seat 1: Mahu2021 (520 in chips) 
Seat 2: N1njaaA (490 in chips) 
Seat 3: 986386 (490 in chips) 
Mahu2021: posts small blind 10
N1njaaA: posts big blind 20
*** HOLE CARDS ***
Dealt to Mahu2021 [4s Qh]
986386: calls 20
Mahu2021: calls 10
N1njaaA: checks 
*** FLOP *** [7c 7h Qd]
Mahu2021: bets 20
N1njaaA: folds 
986386: folds 
Uncalled bet (20) returned to Mahu2021
Mahu2021 collected 60 from pot
Mahu2021: doesn't show hand 
*** SUMMARY ***
Total pot 60 | Rake 0 
Board [7c 7h Qd]
Seat 1: Mahu2021 (small blind) collected (60)
Seat 2: N1njaaA (big blind) folded on the Flop
Seat 3: 986386 (button) folded on the Flop



PokerStars Hand #251439865815: Tournament #3776733397, $0.46+$0.04 USD Hold'em No Limit - Level I (10/20) - 2024/07/11 20:43:44 CET [2024/07/11 14:43:44 ET]
Table '3776733397 1' 3-max Seat #1 is the button
Seat 1: Mahu2021 (560 in chips) 
Seat 2: N1njaaA (470 in chips) 
Seat 3: 986386 (470 in chips) 
N1njaaA: posts small blind 10
986386: posts big blind 20
*** HOLE CARDS ***
Dealt to Mahu2021 [Jh Jc]
Mahu2021: raises 540 to 560 and is all-in
N1njaaA: folds 
986386: calls 450 and is all-in
Uncalled bet (90) returned to Mahu2021
*** FLOP *** [As 6c Qs]
*** TURN *** [As 6c Qs] [Js]
*** RIVER *** [As 6c Qs Js] [2h]
*** SHOW DOWN ***
986386: shows [5d 5c] (a pair of Fives)
Mahu2021: shows [Jh Jc] (three of a kind, Jacks)
Mahu2021 collected 950 from pot
986386 finished the tournament in 3rd place
*** SUMMARY ***
Total pot 950 | Rake 0 
Board [As 6c Qs Js 2h]
Seat 1: Mahu2021 (button) showed [Jh Jc] and won (950) with three of a kind, Jacks
Seat 2: N1njaaA (small blind) folded before Flop
Seat 3: 986386 (big blind) showed [5d 5c] and lost with a pair of Fives



PokerStars Hand #251439870249: Tournament #3776733397, $0.46+$0.04 USD Hold'em No Limit - Level I (10/20) - 2024/07/11 20:44:01 CET [2024/07/11 14:44:01 ET]
Table '3776733397 1' 3-max Seat #2 is the button
Seat 1: Mahu2021 (1040 in chips) 
Seat 2: N1njaaA (460 in chips) 
N1njaaA: posts small blind 10
Mahu2021: posts big blind 20
*** HOLE CARDS ***
Dealt to Mahu2021 [Ac 2h]
N1njaaA: raises 40 to 60
Mahu2021: calls 40
*** FLOP *** [Kh 2c 6h]
Mahu2021: checks 
N1njaaA: bets 60
Mahu2021: calls 60
*** TURN *** [Kh 2c 6h] [Js]
Mahu2021: checks 
N1njaaA: checks 
*** RIVER *** [Kh 2c 6h Js] [5h]
Mahu2021: bets 240
N1njaaA: folds 
Uncalled bet (240) returned to Mahu2021
Mahu2021 collected 240 from pot
Mahu2021: doesn't show hand 
*** SUMMARY ***
Total pot 240 | Rake 0 
Board [Kh 2c 6h Js 5h]
Seat 1: Mahu2021 (big blind) collected (240)
Seat 2: N1njaaA (button) (small blind) folded on the River



PokerStars Hand #251439876449: Tournament #3776733397, $0.46+$0.04 USD Hold'em No Limit - Level I (10/20) - 2024/07/11 20:44:24 CET [2024/07/11 14:44:24 ET]
Table '3776733397 1' 3-max Seat #1 is the button
Seat 1: Mahu2021 (1160 in chips) 
Seat 2: N1njaaA (340 in chips) 
Mahu2021: posts small blind 10
N1njaaA: posts big blind 20
*** HOLE CARDS ***
Dealt to Mahu2021 [7c Td]
Mahu2021: folds 
Uncalled bet (10) returned to N1njaaA
N1njaaA collected 20 from pot
N1njaaA: doesn't show hand 
*** SUMMARY ***
Total pot 20 | Rake 0 
Seat 1: Mahu2021 (button) (small blind) folded before Flop
Seat 2: N1njaaA (big blind) collected (20)



PokerStars Hand #251439877670: Tournament #3776733397, $0.46+$0.04 USD Hold'em No Limit - Level I (10/20) - 2024/07/11 20:44:28 CET [2024/07/11 14:44:28 ET]
Table '3776733397 1' 3-max Seat #2 is the button
Seat 1: Mahu2021 (1150 in chips) 
Seat 2: N1njaaA (350 in chips) 
N1njaaA: posts small blind 10
Mahu2021: posts big blind 20
*** HOLE CARDS ***
Dealt to Mahu2021 [Jc Ah]
N1njaaA: raises 40 to 60
Mahu2021: raises 1090 to 1150 and is all-in
N1njaaA: calls 290 and is all-in
Uncalled bet (800) returned to Mahu2021
*** FLOP *** [Js 4h 5s]
*** TURN *** [Js 4h 5s] [Jh]
*** RIVER *** [Js 4h 5s Jh] [2s]
*** SHOW DOWN ***
Mahu2021: shows [Jc Ah] (three of a kind, Jacks)
N1njaaA: shows [Kd Ac] (a pair of Jacks)
Mahu2021 collected 700 from pot
N1njaaA finished the tournament in 2nd place
Mahu2021 wins the tournament - congratulations!
Mahu2021 wins a '$1.00 Power Path Step 2 Ticket' ticket
*** SUMMARY ***
Total pot 700 | Rake 0 
Board [Js 4h 5s Jh 2s]
Seat 1: Mahu2021 (big blind) showed [Jc Ah] and won (700) with three of a kind, Jacks
Seat 2: N1njaaA (button) (small blind) showed [Kd Ac] and lost with a pair of Jacks



