PokerStars Hand #252998523359: Tournament #3813620359, $0.46+$0.04 USD Hold'em No Limit - Level I (10/20) - 2024/10/19 9:36:02 CET [2024/10/19 3:36:02 ET]
Table '3813620359 1' 3-max Seat #1 is the button
Seat 1: indicator72 (500 in chips) 
Seat 2: Mahu2021 (500 in chips) 
Seat 3: themayn420 (500 in chips) 
Mahu2021: posts small blind 10
themayn420: posts big blind 20
*** HOLE CARDS ***
Dealt to Mahu2021 [6s Kh]
indicator72: folds 
Mahu2021: calls 10
themayn420: checks 
*** FLOP *** [9c Ac 4d]
Mahu2021: checks 
themayn420: checks 
*** TURN *** [9c Ac 4d] [8d]
Mahu2021: checks 
themayn420: checks 
*** RIVER *** [9c Ac 4d 8d] [3c]
Mahu2021: checks 
themayn420: bets 20
Mahu2021: folds 
Uncalled bet (20) returned to themayn420
themayn420 collected 40 from pot
themayn420: doesn't show hand 
*** SUMMARY ***
Total pot 40 | Rake 0 
Board [9c Ac 4d 8d 3c]
Seat 1: indicator72 (button) folded before Flop (didn't bet)
Seat 2: Mahu2021 (small blind) folded on the River
Seat 3: themayn420 (big blind) collected (40)



PokerStars Hand #252998524929: Tournament #3813620359, $0.46+$0.04 USD Hold'em No Limit - Level I (10/20) - 2024/10/19 9:36:18 CET [2024/10/19 3:36:18 ET]
Table '3813620359 1' 3-max Seat #2 is the button
Seat 1: indicator72 (500 in chips) 
Seat 2: Mahu2021 (480 in chips) 
Seat 3: themayn420 (520 in chips) 
themayn420: posts small blind 10
indicator72: posts big blind 20
*** HOLE CARDS ***
Dealt to Mahu2021 [Jd 2h]
Mahu2021: folds 
themayn420: calls 10
indicator72: checks 
*** FLOP *** [Ks 2d 4c]
themayn420: bets 20
indicator72: folds 
Uncalled bet (20) returned to themayn420
themayn420 collected 40 from pot
themayn420: doesn't show hand 
*** SUMMARY ***
Total pot 40 | Rake 0 
Board [Ks 2d 4c]
Seat 1: indicator72 (big blind) folded on the Flop
Seat 2: Mahu2021 (button) folded before Flop (didn't bet)
Seat 3: themayn420 (small blind) collected (40)



PokerStars Hand #252998526102: Tournament #3813620359, $0.46+$0.04 USD Hold'em No Limit - Level I (10/20) - 2024/10/19 9:36:31 CET [2024/10/19 3:36:31 ET]
Table '3813620359 1' 3-max Seat #3 is the button
Seat 1: indicator72 (480 in chips) 
Seat 2: Mahu2021 (480 in chips) 
Seat 3: themayn420 (540 in chips) 
indicator72: posts small blind 10
Mahu2021: posts big blind 20
*** HOLE CARDS ***
Dealt to Mahu2021 [6s 3d]
themayn420: calls 20
indicator72: folds 
Mahu2021: checks 
*** FLOP *** [2c Ks 5d]
Mahu2021: checks 
themayn420: checks 
*** TURN *** [2c Ks 5d] [3h]
Mahu2021: bets 20
themayn420: folds 
Uncalled bet (20) returned to Mahu2021
Mahu2021 collected 50 from pot
Mahu2021: doesn't show hand 
*** SUMMARY ***
Total pot 50 | Rake 0 
Board [2c Ks 5d 3h]
Seat 1: indicator72 (small blind) folded before Flop
Seat 2: Mahu2021 (big blind) collected (50)
Seat 3: themayn420 (button) folded on the Turn



PokerStars Hand #252998527678: Tournament #3813620359, $0.46+$0.04 USD Hold'em No Limit - Level I (10/20) - 2024/10/19 9:36:47 CET [2024/10/19 3:36:47 ET]
Table '3813620359 1' 3-max Seat #1 is the button
Seat 1: indicator72 (470 in chips) 
Seat 2: Mahu2021 (510 in chips) 
Seat 3: themayn420 (520 in chips) 
Mahu2021: posts small blind 10
themayn420: posts big blind 20
*** HOLE CARDS ***
Dealt to Mahu2021 [5c 8d]
indicator72: calls 20
Mahu2021: folds 
themayn420: checks 
*** FLOP *** [3s Td 2d]
themayn420: checks 
indicator72: bets 25
themayn420: folds 
Uncalled bet (25) returned to indicator72
indicator72 collected 50 from pot
indicator72: doesn't show hand 
*** SUMMARY ***
Total pot 50 | Rake 0 
Board [3s Td 2d]
Seat 1: indicator72 (button) collected (50)
Seat 2: Mahu2021 (small blind) folded before Flop
Seat 3: themayn420 (big blind) folded on the Flop



PokerStars Hand #252998529325: Tournament #3813620359, $0.46+$0.04 USD Hold'em No Limit - Level I (10/20) - 2024/10/19 9:37:05 CET [2024/10/19 3:37:05 ET]
Table '3813620359 1' 3-max Seat #2 is the button
Seat 1: indicator72 (500 in chips) 
Seat 2: Mahu2021 (500 in chips) 
Seat 3: themayn420 (500 in chips) 
themayn420: posts small blind 10
indicator72: posts big blind 20
*** HOLE CARDS ***
Dealt to Mahu2021 [3h Ah]
Mahu2021: raises 20 to 40
themayn420: folds 
indicator72: calls 20
*** FLOP *** [Qd 4d Ts]
indicator72: bets 45
Mahu2021: folds 
Uncalled bet (45) returned to indicator72
indicator72 collected 90 from pot
indicator72: doesn't show hand 
*** SUMMARY ***
Total pot 90 | Rake 0 
Board [Qd 4d Ts]
Seat 1: indicator72 (big blind) collected (90)
Seat 2: Mahu2021 (button) folded on the Flop
Seat 3: themayn420 (small blind) folded before Flop



PokerStars Hand #252998530586: Tournament #3813620359, $0.46+$0.04 USD Hold'em No Limit - Level I (10/20) - 2024/10/19 9:37:18 CET [2024/10/19 3:37:18 ET]
Table '3813620359 1' 3-max Seat #3 is the button
Seat 1: indicator72 (550 in chips) 
Seat 2: Mahu2021 (460 in chips) 
Seat 3: themayn420 (490 in chips) 
indicator72: posts small blind 10
Mahu2021: posts big blind 20
*** HOLE CARDS ***
Dealt to Mahu2021 [3s As]
themayn420: calls 20
indicator72: folds 
Mahu2021: checks 
*** FLOP *** [6d Qh 3d]
Mahu2021: checks 
themayn420: bets 20
Mahu2021: calls 20
*** TURN *** [6d Qh 3d] [7h]
Mahu2021: checks 
themayn420: bets 20
Mahu2021: calls 20
*** RIVER *** [6d Qh 3d 7h] [8h]
Mahu2021: checks 
themayn420: bets 40
Mahu2021: raises 210 to 250
themayn420: folds 
Uncalled bet (210) returned to Mahu2021
Mahu2021 collected 210 from pot
Mahu2021: doesn't show hand 
*** SUMMARY ***
Total pot 210 | Rake 0 
Board [6d Qh 3d 7h 8h]
Seat 1: indicator72 (small blind) folded before Flop
Seat 2: Mahu2021 (big blind) collected (210)
Seat 3: themayn420 (button) folded on the River



PokerStars Hand #252998532961: Tournament #3813620359, $0.46+$0.04 USD Hold'em No Limit - Level I (10/20) - 2024/10/19 9:37:43 CET [2024/10/19 3:37:43 ET]
Table '3813620359 1' 3-max Seat #1 is the button
Seat 1: indicator72 (540 in chips) 
Seat 2: Mahu2021 (570 in chips) 
Seat 3: themayn420 (390 in chips) 
Mahu2021: posts small blind 10
themayn420: posts big blind 20
*** HOLE CARDS ***
Dealt to Mahu2021 [3d 6d]
indicator72: folds 
Mahu2021: calls 10
themayn420: raises 370 to 390 and is all-in
Mahu2021: folds 
Uncalled bet (370) returned to themayn420
themayn420 collected 40 from pot
themayn420: doesn't show hand 
*** SUMMARY ***
Total pot 40 | Rake 0 
Seat 1: indicator72 (button) folded before Flop (didn't bet)
Seat 2: Mahu2021 (small blind) folded before Flop
Seat 3: themayn420 (big blind) collected (40)



PokerStars Hand #252998533748: Tournament #3813620359, $0.46+$0.04 USD Hold'em No Limit - Level I (10/20) - 2024/10/19 9:37:52 CET [2024/10/19 3:37:52 ET]
Table '3813620359 1' 3-max Seat #2 is the button
Seat 1: indicator72 (540 in chips) 
Seat 2: Mahu2021 (550 in chips) 
Seat 3: themayn420 (410 in chips) 
themayn420: posts small blind 10
indicator72: posts big blind 20
*** HOLE CARDS ***
Dealt to Mahu2021 [7s 5h]
Mahu2021: folds 
themayn420: raises 390 to 410 and is all-in
indicator72: folds 
Uncalled bet (390) returned to themayn420
themayn420 collected 40 from pot
themayn420: doesn't show hand 
*** SUMMARY ***
Total pot 40 | Rake 0 
Seat 1: indicator72 (big blind) folded before Flop
Seat 2: Mahu2021 (button) folded before Flop (didn't bet)
Seat 3: themayn420 (small blind) collected (40)



PokerStars Hand #252998534335: Tournament #3813620359, $0.46+$0.04 USD Hold'em No Limit - Level I (10/20) - 2024/10/19 9:37:58 CET [2024/10/19 3:37:58 ET]
Table '3813620359 1' 3-max Seat #3 is the button
Seat 1: indicator72 (520 in chips) 
Seat 2: Mahu2021 (550 in chips) 
Seat 3: themayn420 (430 in chips) 
indicator72: posts small blind 10
Mahu2021: posts big blind 20
*** HOLE CARDS ***
Dealt to Mahu2021 [Ts 9c]
themayn420: folds 
indicator72: raises 20 to 40
Mahu2021: calls 20
*** FLOP *** [7c 2c 2s]
indicator72: bets 80
Mahu2021: folds 
Uncalled bet (80) returned to indicator72
indicator72 collected 80 from pot
indicator72: doesn't show hand 
*** SUMMARY ***
Total pot 80 | Rake 0 
Board [7c 2c 2s]
Seat 1: indicator72 (small blind) collected (80)
Seat 2: Mahu2021 (big blind) folded on the Flop
Seat 3: themayn420 (button) folded before Flop (didn't bet)



PokerStars Hand #252998535888: Tournament #3813620359, $0.46+$0.04 USD Hold'em No Limit - Level II (15/30) - 2024/10/19 9:38:14 CET [2024/10/19 3:38:14 ET]
Table '3813620359 1' 3-max Seat #1 is the button
Seat 1: indicator72 (560 in chips) 
Seat 2: Mahu2021 (510 in chips) 
Seat 3: themayn420 (430 in chips) 
Mahu2021: posts small blind 15
themayn420: posts big blind 30
*** HOLE CARDS ***
Dealt to Mahu2021 [Ks As]
indicator72: calls 30
Mahu2021: calls 15
themayn420: checks 
*** FLOP *** [4d Qd 6h]
Mahu2021: checks 
themayn420: checks 
indicator72: checks 
*** TURN *** [4d Qd 6h] [9c]
Mahu2021: checks 
themayn420: checks 
indicator72: bets 45
Mahu2021: folds 
themayn420: folds 
Uncalled bet (45) returned to indicator72
indicator72 collected 90 from pot
indicator72: doesn't show hand 
*** SUMMARY ***
Total pot 90 | Rake 0 
Board [4d Qd 6h 9c]
Seat 1: indicator72 (button) collected (90)
Seat 2: Mahu2021 (small blind) folded on the Turn
Seat 3: themayn420 (big blind) folded on the Turn



PokerStars Hand #252998538318: Tournament #3813620359, $0.46+$0.04 USD Hold'em No Limit - Level II (15/30) - 2024/10/19 9:38:41 CET [2024/10/19 3:38:41 ET]
Table '3813620359 1' 3-max Seat #2 is the button
Seat 1: indicator72 (620 in chips) 
Seat 2: Mahu2021 (480 in chips) 
Seat 3: themayn420 (400 in chips) 
themayn420: posts small blind 15
indicator72: posts big blind 30
*** HOLE CARDS ***
Dealt to Mahu2021 [9d 4d]
Mahu2021: calls 30
themayn420: raises 60 to 90
indicator72: folds 
Mahu2021: folds 
Uncalled bet (60) returned to themayn420
themayn420 collected 90 from pot
themayn420: doesn't show hand 
*** SUMMARY ***
Total pot 90 | Rake 0 
Seat 1: indicator72 (big blind) folded before Flop
Seat 2: Mahu2021 (button) folded before Flop
Seat 3: themayn420 (small blind) collected (90)



PokerStars Hand #252998539359: Tournament #3813620359, $0.46+$0.04 USD Hold'em No Limit - Level II (15/30) - 2024/10/19 9:38:51 CET [2024/10/19 3:38:51 ET]
Table '3813620359 1' 3-max Seat #3 is the button
Seat 1: indicator72 (590 in chips) 
Seat 2: Mahu2021 (450 in chips) 
Seat 3: themayn420 (460 in chips) 
indicator72: posts small blind 15
Mahu2021: posts big blind 30
*** HOLE CARDS ***
Dealt to Mahu2021 [Ts 9d]
themayn420: raises 30 to 60
indicator72: folds 
Mahu2021: calls 30
*** FLOP *** [Tc Td 7h]
Mahu2021: checks 
themayn420: bets 30
Mahu2021: calls 30
*** TURN *** [Tc Td 7h] [4c]
Mahu2021: checks 
themayn420: bets 370 and is all-in
Mahu2021: calls 360 and is all-in
Uncalled bet (10) returned to themayn420
*** RIVER *** [Tc Td 7h 4c] [Qd]
*** SHOW DOWN ***
Mahu2021: shows [Ts 9d] (three of a kind, Tens)
themayn420: shows [Kc 9c] (a pair of Tens)
Mahu2021 collected 915 from pot
*** SUMMARY ***
Total pot 915 | Rake 0 
Board [Tc Td 7h 4c Qd]
Seat 1: indicator72 (small blind) folded before Flop
Seat 2: Mahu2021 (big blind) showed [Ts 9d] and won (915) with three of a kind, Tens
Seat 3: themayn420 (button) showed [Kc 9c] and lost with a pair of Tens



PokerStars Hand #252998541155: Tournament #3813620359, $0.46+$0.04 USD Hold'em No Limit - Level II (15/30) - 2024/10/19 9:39:10 CET [2024/10/19 3:39:10 ET]
Table '3813620359 1' 3-max Seat #1 is the button
Seat 1: indicator72 (575 in chips) 
Seat 2: Mahu2021 (915 in chips) 
Seat 3: themayn420 (10 in chips) 
Mahu2021: posts small blind 15
themayn420: posts big blind 10 and is all-in
*** HOLE CARDS ***
Dealt to Mahu2021 [8d 8h]
indicator72: folds 
Uncalled bet (5) returned to Mahu2021
*** FLOP *** [9h 6c 3s]
*** TURN *** [9h 6c 3s] [Js]
*** RIVER *** [9h 6c 3s Js] [2d]
*** SHOW DOWN ***
Mahu2021: shows [8d 8h] (a pair of Eights)
themayn420: shows [Tc 5d] (high card Jack)
Mahu2021 collected 20 from pot
themayn420 finished the tournament in 3rd place
*** SUMMARY ***
Total pot 20 | Rake 0 
Board [9h 6c 3s Js 2d]
Seat 1: indicator72 (button) folded before Flop (didn't bet)
Seat 2: Mahu2021 (small blind) showed [8d 8h] and won (20) with a pair of Eights
Seat 3: themayn420 (big blind) showed [Tc 5d] and lost with high card Jack



PokerStars Hand #252998542801: Tournament #3813620359, $0.46+$0.04 USD Hold'em No Limit - Level II (15/30) - 2024/10/19 9:39:28 CET [2024/10/19 3:39:28 ET]
Table '3813620359 1' 3-max Seat #2 is the button
Seat 1: indicator72 (575 in chips) 
Seat 2: Mahu2021 (925 in chips) 
Mahu2021: posts small blind 15
indicator72: posts big blind 30
*** HOLE CARDS ***
Dealt to Mahu2021 [Kc Ks]
Mahu2021: raises 895 to 925 and is all-in
indicator72: calls 545 and is all-in
Uncalled bet (350) returned to Mahu2021
*** FLOP *** [8s 3s 7d]
*** TURN *** [8s 3s 7d] [5h]
*** RIVER *** [8s 3s 7d 5h] [Td]
*** SHOW DOWN ***
indicator72: shows [Kh Tc] (a pair of Tens)
Mahu2021: shows [Kc Ks] (a pair of Kings)
Mahu2021 collected 1150 from pot
indicator72 finished the tournament in 2nd place
Mahu2021 wins the tournament - congratulations!
Mahu2021 wins a '$1.00 Power Path Step 2 Ticket' ticket
*** SUMMARY ***
Total pot 1150 | Rake 0 
Board [8s 3s 7d 5h Td]
Seat 1: indicator72 (big blind) showed [Kh Tc] and lost with a pair of Tens
Seat 2: Mahu2021 (button) (small blind) showed [Kc Ks] and won (1150) with a pair of Kings



