PokerStars Hand #244636475019: Tournament #3612856550, $0.92+$0.08 USD Hold'em No Limit - Level I (10/20) - 2023/07/05 10:32:53 CET [2023/07/05 4:32:53 ET]
Table '3612856550 1' 3-max Seat #1 is the button
Seat 1: Dr. Litio (500 in chips) 
Seat 2: Mahu2021 (500 in chips) 
Seat 3: Tadasslt (500 in chips) 
Mahu2021: posts small blind 10
Tadasslt: posts big blind 20
*** HOLE CARDS ***
Dealt to Mahu2021 [9s Kh]
Dr. Litio: folds 
Mahu2021: raises 20 to 40
Tadasslt: calls 20
*** FLOP *** [4d 5d Td]
Mahu2021: checks 
Tadasslt: checks 
*** TURN *** [4d 5d Td] [Qh]
Mahu2021: bets 20
Tadasslt: folds 
Uncalled bet (20) returned to Mahu2021
Mahu2021 collected 80 from pot
Mahu2021: doesn't show hand 
*** SUMMARY ***
Total pot 80 | Rake 0 
Board [4d 5d Td Qh]
Seat 1: Dr. Litio (button) folded before Flop (didn't bet)
Seat 2: Mahu2021 (small blind) collected (80)
Seat 3: Tadasslt (big blind) folded on the Turn



PokerStars Hand #244636476886: Tournament #3612856550, $0.92+$0.08 USD Hold'em No Limit - Level I (10/20) - 2023/07/05 10:33:10 CET [2023/07/05 4:33:10 ET]
Table '3612856550 1' 3-max Seat #2 is the button
Seat 1: Dr. Litio (500 in chips) 
Seat 2: Mahu2021 (540 in chips) 
Seat 3: Tadasslt (460 in chips) 
Tadasslt: posts small blind 10
Dr. Litio: posts big blind 20
*** HOLE CARDS ***
Dealt to Mahu2021 [2d 4c]
Mahu2021: folds 
Tadasslt: calls 10
Dr. Litio: checks 
*** FLOP *** [2c Kc 4s]
Tadasslt: bets 40
Dr. Litio: folds 
Uncalled bet (40) returned to Tadasslt
Tadasslt collected 40 from pot
Tadasslt: doesn't show hand 
*** SUMMARY ***
Total pot 40 | Rake 0 
Board [2c Kc 4s]
Seat 1: Dr. Litio (big blind) folded on the Flop
Seat 2: Mahu2021 (button) folded before Flop (didn't bet)
Seat 3: Tadasslt (small blind) collected (40)



PokerStars Hand #244636478190: Tournament #3612856550, $0.92+$0.08 USD Hold'em No Limit - Level I (10/20) - 2023/07/05 10:33:22 CET [2023/07/05 4:33:22 ET]
Table '3612856550 1' 3-max Seat #3 is the button
Seat 1: Dr. Litio (480 in chips) 
Seat 2: Mahu2021 (540 in chips) 
Seat 3: Tadasslt (480 in chips) 
Dr. Litio: posts small blind 10
Mahu2021: posts big blind 20
*** HOLE CARDS ***
Dealt to Mahu2021 [8s Qc]
Tadasslt: raises 20 to 40
Dr. Litio: folds 
Mahu2021: calls 20
*** FLOP *** [Kd 2h 3h]
Mahu2021: checks 
Tadasslt: bets 30
Mahu2021: folds 
Uncalled bet (30) returned to Tadasslt
Tadasslt collected 90 from pot
Tadasslt: doesn't show hand 
*** SUMMARY ***
Total pot 90 | Rake 0 
Board [Kd 2h 3h]
Seat 1: Dr. Litio (small blind) folded before Flop
Seat 2: Mahu2021 (big blind) folded on the Flop
Seat 3: Tadasslt (button) collected (90)



PokerStars Hand #244636479563: Tournament #3612856550, $0.92+$0.08 USD Hold'em No Limit - Level I (10/20) - 2023/07/05 10:33:34 CET [2023/07/05 4:33:34 ET]
Table '3612856550 1' 3-max Seat #1 is the button
Seat 1: Dr. Litio (470 in chips) 
Seat 2: Mahu2021 (500 in chips) 
Seat 3: Tadasslt (530 in chips) 
Mahu2021: posts small blind 10
Tadasslt: posts big blind 20
*** HOLE CARDS ***
Dealt to Mahu2021 [Jd 5d]
Dr. Litio: raises 40 to 60
Mahu2021: calls 50
Tadasslt: folds 
*** FLOP *** [4s 5c 5s]
Mahu2021: checks 
Dr. Litio: bets 410 and is all-in
Mahu2021: calls 410
*** TURN *** [4s 5c 5s] [2h]
*** RIVER *** [4s 5c 5s 2h] [4c]
*** SHOW DOWN ***
Mahu2021: shows [Jd 5d] (a full house, Fives full of Fours)
Dr. Litio: shows [Ks Ad] (two pair, Fives and Fours)
Mahu2021 collected 960 from pot
Dr. Litio finished the tournament in 3rd place
*** SUMMARY ***
Total pot 960 | Rake 0 
Board [4s 5c 5s 2h 4c]
Seat 1: Dr. Litio (button) showed [Ks Ad] and lost with two pair, Fives and Fours
Seat 2: Mahu2021 (small blind) showed [Jd 5d] and won (960) with a full house, Fives full of Fours
Seat 3: Tadasslt (big blind) folded before Flop



PokerStars Hand #244636482617: Tournament #3612856550, $0.92+$0.08 USD Hold'em No Limit - Level I (10/20) - 2023/07/05 10:34:02 CET [2023/07/05 4:34:02 ET]
Table '3612856550 1' 3-max Seat #3 is the button
Seat 2: Mahu2021 (990 in chips) 
Seat 3: Tadasslt (510 in chips) 
Tadasslt: posts small blind 10
Mahu2021: posts big blind 20
*** HOLE CARDS ***
Dealt to Mahu2021 [6h Th]
Tadasslt: raises 20 to 40
Mahu2021: calls 20
*** FLOP *** [5d 4s Jd]
Mahu2021: checks 
Tadasslt: checks 
*** TURN *** [5d 4s Jd] [8d]
Mahu2021: checks 
Tadasslt: bets 26
Mahu2021: folds 
Uncalled bet (26) returned to Tadasslt
Tadasslt collected 80 from pot
Tadasslt: doesn't show hand 
*** SUMMARY ***
Total pot 80 | Rake 0 
Board [5d 4s Jd 8d]
Seat 2: Mahu2021 (big blind) folded on the Turn
Seat 3: Tadasslt (button) (small blind) collected (80)



PokerStars Hand #244636484419: Tournament #3612856550, $0.92+$0.08 USD Hold'em No Limit - Level I (10/20) - 2023/07/05 10:34:19 CET [2023/07/05 4:34:19 ET]
Table '3612856550 1' 3-max Seat #2 is the button
Seat 2: Mahu2021 (950 in chips) 
Seat 3: Tadasslt (550 in chips) 
Mahu2021: posts small blind 10
Tadasslt: posts big blind 20
*** HOLE CARDS ***
Dealt to Mahu2021 [3s Ad]
Mahu2021: raises 20 to 40
Tadasslt: calls 20
*** FLOP *** [8h 2h Qd]
Tadasslt: bets 60
Mahu2021: folds 
Uncalled bet (60) returned to Tadasslt
Tadasslt collected 80 from pot
Tadasslt: doesn't show hand 
*** SUMMARY ***
Total pot 80 | Rake 0 
Board [8h 2h Qd]
Seat 2: Mahu2021 (button) (small blind) folded on the Flop
Seat 3: Tadasslt (big blind) collected (80)



PokerStars Hand #244636486311: Tournament #3612856550, $0.92+$0.08 USD Hold'em No Limit - Level I (10/20) - 2023/07/05 10:34:35 CET [2023/07/05 4:34:35 ET]
Table '3612856550 1' 3-max Seat #3 is the button
Seat 2: Mahu2021 (910 in chips) 
Seat 3: Tadasslt (590 in chips) 
Tadasslt: posts small blind 10
Mahu2021: posts big blind 20
*** HOLE CARDS ***
Dealt to Mahu2021 [8d 5s]
Tadasslt: raises 20 to 40
Mahu2021: folds 
Uncalled bet (20) returned to Tadasslt
Tadasslt collected 40 from pot
Tadasslt: doesn't show hand 
*** SUMMARY ***
Total pot 40 | Rake 0 
Seat 2: Mahu2021 (big blind) folded before Flop
Seat 3: Tadasslt (button) (small blind) collected (40)



PokerStars Hand #244636486906: Tournament #3612856550, $0.92+$0.08 USD Hold'em No Limit - Level I (10/20) - 2023/07/05 10:34:41 CET [2023/07/05 4:34:41 ET]
Table '3612856550 1' 3-max Seat #2 is the button
Seat 2: Mahu2021 (890 in chips) 
Seat 3: Tadasslt (610 in chips) 
Mahu2021: posts small blind 10
Tadasslt: posts big blind 20
*** HOLE CARDS ***
Dealt to Mahu2021 [3c Td]
Mahu2021: folds 
Uncalled bet (10) returned to Tadasslt
Tadasslt collected 20 from pot
Tadasslt: doesn't show hand 
*** SUMMARY ***
Total pot 20 | Rake 0 
Seat 2: Mahu2021 (button) (small blind) folded before Flop
Seat 3: Tadasslt (big blind) collected (20)



PokerStars Hand #244636487425: Tournament #3612856550, $0.92+$0.08 USD Hold'em No Limit - Level I (10/20) - 2023/07/05 10:34:45 CET [2023/07/05 4:34:45 ET]
Table '3612856550 1' 3-max Seat #3 is the button
Seat 2: Mahu2021 (880 in chips) 
Seat 3: Tadasslt (620 in chips) 
Tadasslt: posts small blind 10
Mahu2021: posts big blind 20
*** HOLE CARDS ***
Dealt to Mahu2021 [5s 4d]
Tadasslt: calls 10
Mahu2021: checks 
*** FLOP *** [7c 3d 2h]
Mahu2021: checks 
Tadasslt: checks 
*** TURN *** [7c 3d 2h] [Td]
Mahu2021: bets 20
Tadasslt: calls 20
*** RIVER *** [7c 3d 2h Td] [Kc]
Mahu2021: checks 
Tadasslt: bets 26
Mahu2021: folds 
Uncalled bet (26) returned to Tadasslt
Tadasslt collected 80 from pot
Tadasslt: doesn't show hand 
*** SUMMARY ***
Total pot 80 | Rake 0 
Board [7c 3d 2h Td Kc]
Seat 2: Mahu2021 (big blind) folded on the River
Seat 3: Tadasslt (button) (small blind) collected (80)



PokerStars Hand #244636489602: Tournament #3612856550, $0.92+$0.08 USD Hold'em No Limit - Level II (15/30) - 2023/07/05 10:35:05 CET [2023/07/05 4:35:05 ET]
Table '3612856550 1' 3-max Seat #2 is the button
Seat 2: Mahu2021 (840 in chips) 
Seat 3: Tadasslt (660 in chips) 
Mahu2021: posts small blind 15
Tadasslt: posts big blind 30
*** HOLE CARDS ***
Dealt to Mahu2021 [Kh 7d]
Mahu2021: raises 30 to 60
Tadasslt: calls 30
*** FLOP *** [3c 5d 7h]
Tadasslt: checks 
Mahu2021: bets 120
Tadasslt: calls 120
*** TURN *** [3c 5d 7h] [6c]
Tadasslt: checks 
Mahu2021: bets 660 and is all-in
Tadasslt: calls 480 and is all-in
Uncalled bet (180) returned to Mahu2021
*** RIVER *** [3c 5d 7h 6c] [Jd]
*** SHOW DOWN ***
Tadasslt: shows [6d 5s] (two pair, Sixes and Fives)
Mahu2021: shows [Kh 7d] (a pair of Sevens)
Tadasslt collected 1320 from pot
*** SUMMARY ***
Total pot 1320 | Rake 0 
Board [3c 5d 7h 6c Jd]
Seat 2: Mahu2021 (button) (small blind) showed [Kh 7d] and lost with a pair of Sevens
Seat 3: Tadasslt (big blind) showed [6d 5s] and won (1320) with two pair, Sixes and Fives



PokerStars Hand #244636491614: Tournament #3612856550, $0.92+$0.08 USD Hold'em No Limit - Level II (15/30) - 2023/07/05 10:35:24 CET [2023/07/05 4:35:24 ET]
Table '3612856550 1' 3-max Seat #3 is the button
Seat 2: Mahu2021 (180 in chips) 
Seat 3: Tadasslt (1320 in chips) 
Tadasslt: posts small blind 15
Mahu2021: posts big blind 30
*** HOLE CARDS ***
Dealt to Mahu2021 [Qs Td]
Tadasslt: raises 1290 to 1320 and is all-in
Mahu2021: calls 150 and is all-in
Uncalled bet (1140) returned to Tadasslt
*** FLOP *** [Kc 3d Kh]
*** TURN *** [Kc 3d Kh] [7c]
*** RIVER *** [Kc 3d Kh 7c] [5s]
*** SHOW DOWN ***
Mahu2021: shows [Qs Td] (a pair of Kings)
Tadasslt: shows [6s 9c] (a pair of Kings - lower kicker)
Mahu2021 collected 360 from pot
*** SUMMARY ***
Total pot 360 | Rake 0 
Board [Kc 3d Kh 7c 5s]
Seat 2: Mahu2021 (big blind) showed [Qs Td] and won (360) with a pair of Kings
Seat 3: Tadasslt (button) (small blind) showed [6s 9c] and lost with a pair of Kings



PokerStars Hand #244636493591: Tournament #3612856550, $0.92+$0.08 USD Hold'em No Limit - Level II (15/30) - 2023/07/05 10:35:41 CET [2023/07/05 4:35:41 ET]
Table '3612856550 1' 3-max Seat #2 is the button
Seat 2: Mahu2021 (360 in chips) 
Seat 3: Tadasslt (1140 in chips) 
Mahu2021: posts small blind 15
Tadasslt: posts big blind 30
*** HOLE CARDS ***
Dealt to Mahu2021 [Kc 2s]
Mahu2021: raises 330 to 360 and is all-in
Tadasslt: folds 
Uncalled bet (330) returned to Mahu2021
Mahu2021 collected 60 from pot
Mahu2021: doesn't show hand 
*** SUMMARY ***
Total pot 60 | Rake 0 
Seat 2: Mahu2021 (button) (small blind) collected (60)
Seat 3: Tadasslt (big blind) folded before Flop



PokerStars Hand #244636494260: Tournament #3612856550, $0.92+$0.08 USD Hold'em No Limit - Level II (15/30) - 2023/07/05 10:35:48 CET [2023/07/05 4:35:48 ET]
Table '3612856550 1' 3-max Seat #3 is the button
Seat 2: Mahu2021 (390 in chips) 
Seat 3: Tadasslt (1110 in chips) 
Tadasslt: posts small blind 15
Mahu2021: posts big blind 30
*** HOLE CARDS ***
Dealt to Mahu2021 [9h 5s]
Tadasslt: raises 30 to 60
Mahu2021: calls 30
*** FLOP *** [Js 4s Jc]
Mahu2021: checks 
Tadasslt: checks 
*** TURN *** [Js 4s Jc] [6h]
Mahu2021: checks 
Tadasslt: checks 
*** RIVER *** [Js 4s Jc 6h] [9c]
Mahu2021: bets 330 and is all-in
Tadasslt: folds 
Uncalled bet (330) returned to Mahu2021
Mahu2021 collected 120 from pot
Mahu2021: doesn't show hand 
*** SUMMARY ***
Total pot 120 | Rake 0 
Board [Js 4s Jc 6h 9c]
Seat 2: Mahu2021 (big blind) collected (120)
Seat 3: Tadasslt (button) (small blind) folded on the River



PokerStars Hand #244636495958: Tournament #3612856550, $0.92+$0.08 USD Hold'em No Limit - Level II (15/30) - 2023/07/05 10:36:03 CET [2023/07/05 4:36:03 ET]
Table '3612856550 1' 3-max Seat #2 is the button
Seat 2: Mahu2021 (450 in chips) 
Seat 3: Tadasslt (1050 in chips) 
Mahu2021: posts small blind 15
Tadasslt: posts big blind 30
*** HOLE CARDS ***
Dealt to Mahu2021 [Jc Tc]
Mahu2021: raises 420 to 450 and is all-in
Tadasslt: folds 
Uncalled bet (420) returned to Mahu2021
Mahu2021 collected 60 from pot
Mahu2021: doesn't show hand 
*** SUMMARY ***
Total pot 60 | Rake 0 
Seat 2: Mahu2021 (button) (small blind) collected (60)
Seat 3: Tadasslt (big blind) folded before Flop



PokerStars Hand #244636496711: Tournament #3612856550, $0.92+$0.08 USD Hold'em No Limit - Level II (15/30) - 2023/07/05 10:36:10 CET [2023/07/05 4:36:10 ET]
Table '3612856550 1' 3-max Seat #3 is the button
Seat 2: Mahu2021 (480 in chips) 
Seat 3: Tadasslt (1020 in chips) 
Tadasslt: posts small blind 15
Mahu2021: posts big blind 30
*** HOLE CARDS ***
Dealt to Mahu2021 [Td Jd]
Tadasslt: raises 30 to 60
Mahu2021: raises 420 to 480 and is all-in
Tadasslt: folds 
Uncalled bet (420) returned to Mahu2021
Mahu2021 collected 120 from pot
Mahu2021: doesn't show hand 
*** SUMMARY ***
Total pot 120 | Rake 0 
Seat 2: Mahu2021 (big blind) collected (120)
Seat 3: Tadasslt (button) (small blind) folded before Flop



PokerStars Hand #244636497637: Tournament #3612856550, $0.92+$0.08 USD Hold'em No Limit - Level II (15/30) - 2023/07/05 10:36:18 CET [2023/07/05 4:36:18 ET]
Table '3612856550 1' 3-max Seat #2 is the button
Seat 2: Mahu2021 (540 in chips) 
Seat 3: Tadasslt (960 in chips) 
Mahu2021: posts small blind 15
Tadasslt: posts big blind 30
*** HOLE CARDS ***
Dealt to Mahu2021 [5c Qc]
Mahu2021: calls 15
Tadasslt: checks 
*** FLOP *** [8h As Qh]
Tadasslt: checks 
Mahu2021: checks 
*** TURN *** [8h As Qh] [4c]
Tadasslt: bets 30
Mahu2021: calls 30
*** RIVER *** [8h As Qh 4c] [Jd]
Tadasslt: bets 60
Mahu2021: calls 60
*** SHOW DOWN ***
Tadasslt: shows [6c Qs] (a pair of Queens)
Mahu2021: shows [5c Qc] (a pair of Queens)
Tadasslt collected 120 from pot
Mahu2021 collected 120 from pot
*** SUMMARY ***
Total pot 240 | Rake 0 
Board [8h As Qh 4c Jd]
Seat 2: Mahu2021 (button) (small blind) showed [5c Qc] and won (120) with a pair of Queens
Seat 3: Tadasslt (big blind) showed [6c Qs] and won (120) with a pair of Queens



PokerStars Hand #244636499356: Tournament #3612856550, $0.92+$0.08 USD Hold'em No Limit - Level II (15/30) - 2023/07/05 10:36:33 CET [2023/07/05 4:36:33 ET]
Table '3612856550 1' 3-max Seat #3 is the button
Seat 2: Mahu2021 (540 in chips) 
Seat 3: Tadasslt (960 in chips) 
Tadasslt: posts small blind 15
Mahu2021: posts big blind 30
*** HOLE CARDS ***
Dealt to Mahu2021 [2h Ks]
Tadasslt: calls 15
Mahu2021: checks 
*** FLOP *** [As Js Ad]
Mahu2021: checks 
Tadasslt: bets 30
Mahu2021: calls 30
*** TURN *** [As Js Ad] [2s]
Mahu2021: checks 
Tadasslt: checks 
*** RIVER *** [As Js Ad 2s] [4h]
Mahu2021: bets 120
Tadasslt: folds 
Uncalled bet (120) returned to Mahu2021
Mahu2021 collected 120 from pot
Mahu2021: doesn't show hand 
*** SUMMARY ***
Total pot 120 | Rake 0 
Board [As Js Ad 2s 4h]
Seat 2: Mahu2021 (big blind) collected (120)
Seat 3: Tadasslt (button) (small blind) folded on the River



PokerStars Hand #244636501100: Tournament #3612856550, $0.92+$0.08 USD Hold'em No Limit - Level II (15/30) - 2023/07/05 10:36:49 CET [2023/07/05 4:36:49 ET]
Table '3612856550 1' 3-max Seat #2 is the button
Seat 2: Mahu2021 (600 in chips) 
Seat 3: Tadasslt (900 in chips) 
Mahu2021: posts small blind 15
Tadasslt: posts big blind 30
*** HOLE CARDS ***
Dealt to Mahu2021 [Ks 6s]
Mahu2021: raises 570 to 600 and is all-in
Tadasslt: folds 
Uncalled bet (570) returned to Mahu2021
Mahu2021 collected 60 from pot
Mahu2021: doesn't show hand 
*** SUMMARY ***
Total pot 60 | Rake 0 
Seat 2: Mahu2021 (button) (small blind) collected (60)
Seat 3: Tadasslt (big blind) folded before Flop



PokerStars Hand #244636502193: Tournament #3612856550, $0.92+$0.08 USD Hold'em No Limit - Level III (20/40) - 2023/07/05 10:36:59 CET [2023/07/05 4:36:59 ET]
Table '3612856550 1' 3-max Seat #3 is the button
Seat 2: Mahu2021 (630 in chips) 
Seat 3: Tadasslt (870 in chips) 
Tadasslt: posts small blind 20
Mahu2021: posts big blind 40
*** HOLE CARDS ***
Dealt to Mahu2021 [Qs 5s]
Tadasslt: raises 40 to 80
Mahu2021: calls 40
*** FLOP *** [7h 3s Ts]
Mahu2021: bets 550 and is all-in
Tadasslt: folds 
Uncalled bet (550) returned to Mahu2021
Mahu2021 collected 160 from pot
Mahu2021: doesn't show hand 
*** SUMMARY ***
Total pot 160 | Rake 0 
Board [7h 3s Ts]
Seat 2: Mahu2021 (big blind) collected (160)
Seat 3: Tadasslt (button) (small blind) folded on the Flop



PokerStars Hand #244636503317: Tournament #3612856550, $0.92+$0.08 USD Hold'em No Limit - Level III (20/40) - 2023/07/05 10:37:08 CET [2023/07/05 4:37:08 ET]
Table '3612856550 1' 3-max Seat #2 is the button
Seat 2: Mahu2021 (710 in chips) 
Seat 3: Tadasslt (790 in chips) 
Mahu2021: posts small blind 20
Tadasslt: posts big blind 40
*** HOLE CARDS ***
Dealt to Mahu2021 [4d 2c]
Mahu2021: folds 
Uncalled bet (20) returned to Tadasslt
Tadasslt collected 40 from pot
Tadasslt: doesn't show hand 
*** SUMMARY ***
Total pot 40 | Rake 0 
Seat 2: Mahu2021 (button) (small blind) folded before Flop
Seat 3: Tadasslt (big blind) collected (40)



PokerStars Hand #244636503837: Tournament #3612856550, $0.92+$0.08 USD Hold'em No Limit - Level III (20/40) - 2023/07/05 10:37:13 CET [2023/07/05 4:37:13 ET]
Table '3612856550 1' 3-max Seat #3 is the button
Seat 2: Mahu2021 (690 in chips) 
Seat 3: Tadasslt (810 in chips) 
Tadasslt: posts small blind 20
Mahu2021: posts big blind 40
*** HOLE CARDS ***
Dealt to Mahu2021 [3h 8c]
Tadasslt: calls 20
Mahu2021: checks 
*** FLOP *** [4h Kd Kc]
Mahu2021: checks 
Tadasslt: bets 40
Mahu2021: folds 
Uncalled bet (40) returned to Tadasslt
Tadasslt collected 80 from pot
Tadasslt: doesn't show hand 
*** SUMMARY ***
Total pot 80 | Rake 0 
Board [4h Kd Kc]
Seat 2: Mahu2021 (big blind) folded on the Flop
Seat 3: Tadasslt (button) (small blind) collected (80)



PokerStars Hand #244636504955: Tournament #3612856550, $0.92+$0.08 USD Hold'em No Limit - Level III (20/40) - 2023/07/05 10:37:23 CET [2023/07/05 4:37:23 ET]
Table '3612856550 1' 3-max Seat #2 is the button
Seat 2: Mahu2021 (650 in chips) 
Seat 3: Tadasslt (850 in chips) 
Mahu2021: posts small blind 20
Tadasslt: posts big blind 40
*** HOLE CARDS ***
Dealt to Mahu2021 [9s 5h]
Mahu2021: folds 
Uncalled bet (20) returned to Tadasslt
Tadasslt collected 40 from pot
Tadasslt: doesn't show hand 
*** SUMMARY ***
Total pot 40 | Rake 0 
Seat 2: Mahu2021 (button) (small blind) folded before Flop
Seat 3: Tadasslt (big blind) collected (40)



PokerStars Hand #244636505493: Tournament #3612856550, $0.92+$0.08 USD Hold'em No Limit - Level III (20/40) - 2023/07/05 10:37:27 CET [2023/07/05 4:37:27 ET]
Table '3612856550 1' 3-max Seat #3 is the button
Seat 2: Mahu2021 (630 in chips) 
Seat 3: Tadasslt (870 in chips) 
Tadasslt: posts small blind 20
Mahu2021: posts big blind 40
*** HOLE CARDS ***
Dealt to Mahu2021 [Tc 4d]
Tadasslt: calls 20
Mahu2021: checks 
*** FLOP *** [8s 7h Js]
Mahu2021: checks 
Tadasslt: checks 
*** TURN *** [8s 7h Js] [9s]
Mahu2021: checks 
Tadasslt: bets 80
Mahu2021: raises 510 to 590 and is all-in
Tadasslt: folds 
Uncalled bet (510) returned to Mahu2021
Mahu2021 collected 240 from pot
Mahu2021: doesn't show hand 
*** SUMMARY ***
Total pot 240 | Rake 0 
Board [8s 7h Js 9s]
Seat 2: Mahu2021 (big blind) collected (240)
Seat 3: Tadasslt (button) (small blind) folded on the Turn



PokerStars Hand #244636507182: Tournament #3612856550, $0.92+$0.08 USD Hold'em No Limit - Level III (20/40) - 2023/07/05 10:37:42 CET [2023/07/05 4:37:42 ET]
Table '3612856550 1' 3-max Seat #2 is the button
Seat 2: Mahu2021 (750 in chips) 
Seat 3: Tadasslt (750 in chips) 
Mahu2021: posts small blind 20
Tadasslt: posts big blind 40
*** HOLE CARDS ***
Dealt to Mahu2021 [7h Qh]
Mahu2021: raises 40 to 80
Tadasslt: calls 40
*** FLOP *** [Qc 7s Ad]
Tadasslt: checks 
Mahu2021: bets 40
Tadasslt: folds 
Uncalled bet (40) returned to Mahu2021
Mahu2021 collected 160 from pot
Mahu2021: doesn't show hand 
*** SUMMARY ***
Total pot 160 | Rake 0 
Board [Qc 7s Ad]
Seat 2: Mahu2021 (button) (small blind) collected (160)
Seat 3: Tadasslt (big blind) folded on the Flop



PokerStars Hand #244636508690: Tournament #3612856550, $0.92+$0.08 USD Hold'em No Limit - Level III (20/40) - 2023/07/05 10:37:55 CET [2023/07/05 4:37:55 ET]
Table '3612856550 1' 3-max Seat #3 is the button
Seat 2: Mahu2021 (830 in chips) 
Seat 3: Tadasslt (670 in chips) 
Tadasslt: posts small blind 20
Mahu2021: posts big blind 40
*** HOLE CARDS ***
Dealt to Mahu2021 [Jd 8d]
Tadasslt: calls 20
Mahu2021: checks 
*** FLOP *** [Qh Kc 2c]
Mahu2021: checks 
Tadasslt: checks 
*** TURN *** [Qh Kc 2c] [2s]
Mahu2021: checks 
Tadasslt: bets 40
Mahu2021: folds 
Uncalled bet (40) returned to Tadasslt
Tadasslt collected 80 from pot
Tadasslt: doesn't show hand 
*** SUMMARY ***
Total pot 80 | Rake 0 
Board [Qh Kc 2c 2s]
Seat 2: Mahu2021 (big blind) folded on the Turn
Seat 3: Tadasslt (button) (small blind) collected (80)



PokerStars Hand #244636510052: Tournament #3612856550, $0.92+$0.08 USD Hold'em No Limit - Level III (20/40) - 2023/07/05 10:38:07 CET [2023/07/05 4:38:07 ET]
Table '3612856550 1' 3-max Seat #2 is the button
Seat 2: Mahu2021 (790 in chips) 
Seat 3: Tadasslt (710 in chips) 
Mahu2021: posts small blind 20
Tadasslt: posts big blind 40
*** HOLE CARDS ***
Dealt to Mahu2021 [7d As]
Mahu2021: raises 40 to 80
Tadasslt: calls 40
*** FLOP *** [3c Jd Ks]
Tadasslt: checks 
Mahu2021: bets 80
Tadasslt: calls 80
*** TURN *** [3c Jd Ks] [8d]
Tadasslt: checks 
Mahu2021: checks 
*** RIVER *** [3c Jd Ks 8d] [2c]
Tadasslt: checks 
Mahu2021: checks 
*** SHOW DOWN ***
Tadasslt: shows [4c 5c] (high card King)
Mahu2021: shows [7d As] (high card Ace)
Mahu2021 collected 320 from pot
*** SUMMARY ***
Total pot 320 | Rake 0 
Board [3c Jd Ks 8d 2c]
Seat 2: Mahu2021 (button) (small blind) showed [7d As] and won (320) with high card Ace
Seat 3: Tadasslt (big blind) showed [4c 5c] and lost with high card King



PokerStars Hand #244636511821: Tournament #3612856550, $0.92+$0.08 USD Hold'em No Limit - Level III (20/40) - 2023/07/05 10:38:23 CET [2023/07/05 4:38:23 ET]
Table '3612856550 1' 3-max Seat #3 is the button
Seat 2: Mahu2021 (950 in chips) 
Seat 3: Tadasslt (550 in chips) 
Tadasslt: posts small blind 20
Mahu2021: posts big blind 40
*** HOLE CARDS ***
Dealt to Mahu2021 [6s 7s]
Tadasslt: folds 
Uncalled bet (20) returned to Mahu2021
Mahu2021 collected 40 from pot
Mahu2021: doesn't show hand 
*** SUMMARY ***
Total pot 40 | Rake 0 
Seat 2: Mahu2021 (big blind) collected (40)
Seat 3: Tadasslt (button) (small blind) folded before Flop



PokerStars Hand #244636512269: Tournament #3612856550, $0.92+$0.08 USD Hold'em No Limit - Level III (20/40) - 2023/07/05 10:38:27 CET [2023/07/05 4:38:27 ET]
Table '3612856550 1' 3-max Seat #2 is the button
Seat 2: Mahu2021 (970 in chips) 
Seat 3: Tadasslt (530 in chips) 
Mahu2021: posts small blind 20
Tadasslt: posts big blind 40
*** HOLE CARDS ***
Dealt to Mahu2021 [7h Tc]
Mahu2021: calls 20
Tadasslt: checks 
*** FLOP *** [Jc 9s Qs]
Tadasslt: checks 
Mahu2021: bets 80
Tadasslt: folds 
Uncalled bet (80) returned to Mahu2021
Mahu2021 collected 80 from pot
Mahu2021: doesn't show hand 
*** SUMMARY ***
Total pot 80 | Rake 0 
Board [Jc 9s Qs]
Seat 2: Mahu2021 (button) (small blind) collected (80)
Seat 3: Tadasslt (big blind) folded on the Flop



PokerStars Hand #244636513530: Tournament #3612856550, $0.92+$0.08 USD Hold'em No Limit - Level III (20/40) - 2023/07/05 10:38:38 CET [2023/07/05 4:38:38 ET]
Table '3612856550 1' 3-max Seat #3 is the button
Seat 2: Mahu2021 (1010 in chips) 
Seat 3: Tadasslt (490 in chips) 
Tadasslt: posts small blind 20
Mahu2021: posts big blind 40
*** HOLE CARDS ***
Dealt to Mahu2021 [3c Th]
Tadasslt: raises 450 to 490 and is all-in
Mahu2021: folds 
Uncalled bet (450) returned to Tadasslt
Tadasslt collected 80 from pot
Tadasslt: doesn't show hand 
*** SUMMARY ***
Total pot 80 | Rake 0 
Seat 2: Mahu2021 (big blind) folded before Flop
Seat 3: Tadasslt (button) (small blind) collected (80)



PokerStars Hand #244636514071: Tournament #3612856550, $0.92+$0.08 USD Hold'em No Limit - Level III (20/40) - 2023/07/05 10:38:43 CET [2023/07/05 4:38:43 ET]
Table '3612856550 1' 3-max Seat #2 is the button
Seat 2: Mahu2021 (970 in chips) 
Seat 3: Tadasslt (530 in chips) 
Mahu2021: posts small blind 20
Tadasslt: posts big blind 40
*** HOLE CARDS ***
Dealt to Mahu2021 [Kd Ts]
Mahu2021: raises 40 to 80
Tadasslt: calls 40
*** FLOP *** [Ah Ad 9s]
Tadasslt: checks 
Mahu2021: bets 80
Tadasslt: folds 
Uncalled bet (80) returned to Mahu2021
Mahu2021 collected 160 from pot
Mahu2021: doesn't show hand 
*** SUMMARY ***
Total pot 160 | Rake 0 
Board [Ah Ad 9s]
Seat 2: Mahu2021 (button) (small blind) collected (160)
Seat 3: Tadasslt (big blind) folded on the Flop



PokerStars Hand #244636515654: Tournament #3612856550, $0.92+$0.08 USD Hold'em No Limit - Level IV (30/60) - 2023/07/05 10:38:57 CET [2023/07/05 4:38:57 ET]
Table '3612856550 1' 3-max Seat #3 is the button
Seat 2: Mahu2021 (1050 in chips) 
Seat 3: Tadasslt (450 in chips) 
Tadasslt: posts small blind 30
Mahu2021: posts big blind 60
*** HOLE CARDS ***
Dealt to Mahu2021 [4d Ts]
Tadasslt: raises 390 to 450 and is all-in
Mahu2021: folds 
Uncalled bet (390) returned to Tadasslt
Tadasslt collected 120 from pot
Tadasslt: doesn't show hand 
*** SUMMARY ***
Total pot 120 | Rake 0 
Seat 2: Mahu2021 (big blind) folded before Flop
Seat 3: Tadasslt (button) (small blind) collected (120)



PokerStars Hand #244636516365: Tournament #3612856550, $0.92+$0.08 USD Hold'em No Limit - Level IV (30/60) - 2023/07/05 10:39:03 CET [2023/07/05 4:39:03 ET]
Table '3612856550 1' 3-max Seat #2 is the button
Seat 2: Mahu2021 (990 in chips) 
Seat 3: Tadasslt (510 in chips) 
Mahu2021: posts small blind 30
Tadasslt: posts big blind 60
*** HOLE CARDS ***
Dealt to Mahu2021 [9c 3c]
Mahu2021: calls 30
Tadasslt: raises 450 to 510 and is all-in
Mahu2021: folds 
Uncalled bet (450) returned to Tadasslt
Tadasslt collected 120 from pot
Tadasslt: doesn't show hand 
*** SUMMARY ***
Total pot 120 | Rake 0 
Seat 2: Mahu2021 (button) (small blind) folded before Flop
Seat 3: Tadasslt (big blind) collected (120)



PokerStars Hand #244636517181: Tournament #3612856550, $0.92+$0.08 USD Hold'em No Limit - Level IV (30/60) - 2023/07/05 10:39:10 CET [2023/07/05 4:39:10 ET]
Table '3612856550 1' 3-max Seat #3 is the button
Seat 2: Mahu2021 (930 in chips) 
Seat 3: Tadasslt (570 in chips) 
Tadasslt: posts small blind 30
Mahu2021: posts big blind 60
*** HOLE CARDS ***
Dealt to Mahu2021 [7h 3d]
Tadasslt: folds 
Uncalled bet (30) returned to Mahu2021
Mahu2021 collected 60 from pot
Mahu2021: doesn't show hand 
*** SUMMARY ***
Total pot 60 | Rake 0 
Seat 2: Mahu2021 (big blind) collected (60)
Seat 3: Tadasslt (button) (small blind) folded before Flop



PokerStars Hand #244636517636: Tournament #3612856550, $0.92+$0.08 USD Hold'em No Limit - Level IV (30/60) - 2023/07/05 10:39:14 CET [2023/07/05 4:39:14 ET]
Table '3612856550 1' 3-max Seat #2 is the button
Seat 2: Mahu2021 (960 in chips) 
Seat 3: Tadasslt (540 in chips) 
Mahu2021: posts small blind 30
Tadasslt: posts big blind 60
*** HOLE CARDS ***
Dealt to Mahu2021 [3d Qd]
Mahu2021: calls 30
Tadasslt: checks 
*** FLOP *** [As 3c Qh]
Tadasslt: checks 
Mahu2021: bets 60
Tadasslt: folds 
Uncalled bet (60) returned to Mahu2021
Mahu2021 collected 120 from pot
Mahu2021: doesn't show hand 
*** SUMMARY ***
Total pot 120 | Rake 0 
Board [As 3c Qh]
Seat 2: Mahu2021 (button) (small blind) collected (120)
Seat 3: Tadasslt (big blind) folded on the Flop



PokerStars Hand #244636519585: Tournament #3612856550, $0.92+$0.08 USD Hold'em No Limit - Level IV (30/60) - 2023/07/05 10:39:30 CET [2023/07/05 4:39:30 ET]
Table '3612856550 1' 3-max Seat #3 is the button
Seat 2: Mahu2021 (1020 in chips) 
Seat 3: Tadasslt (480 in chips) 
Tadasslt: posts small blind 30
Mahu2021: posts big blind 60
*** HOLE CARDS ***
Dealt to Mahu2021 [8c Qc]
Tadasslt: calls 30
Mahu2021: checks 
*** FLOP *** [3s 5c 5s]
Mahu2021: checks 
Tadasslt: bets 60
Mahu2021: folds 
Uncalled bet (60) returned to Tadasslt
Tadasslt collected 120 from pot
Tadasslt: doesn't show hand 
*** SUMMARY ***
Total pot 120 | Rake 0 
Board [3s 5c 5s]
Seat 2: Mahu2021 (big blind) folded on the Flop
Seat 3: Tadasslt (button) (small blind) collected (120)



PokerStars Hand #244636520782: Tournament #3612856550, $0.92+$0.08 USD Hold'em No Limit - Level IV (30/60) - 2023/07/05 10:39:41 CET [2023/07/05 4:39:41 ET]
Table '3612856550 1' 3-max Seat #2 is the button
Seat 2: Mahu2021 (960 in chips) 
Seat 3: Tadasslt (540 in chips) 
Mahu2021: posts small blind 30
Tadasslt: posts big blind 60
*** HOLE CARDS ***
Dealt to Mahu2021 [Kd Jd]
Mahu2021: raises 60 to 120
Tadasslt: calls 60
*** FLOP *** [Ts 4d 5d]
Tadasslt: checks 
Mahu2021: bets 120
Tadasslt: folds 
Uncalled bet (120) returned to Mahu2021
Mahu2021 collected 240 from pot
Mahu2021: doesn't show hand 
*** SUMMARY ***
Total pot 240 | Rake 0 
Board [Ts 4d 5d]
Seat 2: Mahu2021 (button) (small blind) collected (240)
Seat 3: Tadasslt (big blind) folded on the Flop



PokerStars Hand #244636521957: Tournament #3612856550, $0.92+$0.08 USD Hold'em No Limit - Level IV (30/60) - 2023/07/05 10:39:51 CET [2023/07/05 4:39:51 ET]
Table '3612856550 1' 3-max Seat #3 is the button
Seat 2: Mahu2021 (1080 in chips) 
Seat 3: Tadasslt (420 in chips) 
Tadasslt: posts small blind 30
Mahu2021: posts big blind 60
*** HOLE CARDS ***
Dealt to Mahu2021 [8s Ts]
Tadasslt: raises 360 to 420 and is all-in
Mahu2021: folds 
Uncalled bet (360) returned to Tadasslt
Tadasslt collected 120 from pot
Tadasslt: doesn't show hand 
*** SUMMARY ***
Total pot 120 | Rake 0 
Seat 2: Mahu2021 (big blind) folded before Flop
Seat 3: Tadasslt (button) (small blind) collected (120)



PokerStars Hand #244636522645: Tournament #3612856550, $0.92+$0.08 USD Hold'em No Limit - Level IV (30/60) - 2023/07/05 10:39:58 CET [2023/07/05 4:39:58 ET]
Table '3612856550 1' 3-max Seat #2 is the button
Seat 2: Mahu2021 (1020 in chips) 
Seat 3: Tadasslt (480 in chips) 
Mahu2021: posts small blind 30
Tadasslt: posts big blind 60
*** HOLE CARDS ***
Dealt to Mahu2021 [Ad 5d]
Mahu2021: raises 60 to 120
Tadasslt: raises 360 to 480 and is all-in
Mahu2021: calls 360
*** FLOP *** [8h 3c 7h]
*** TURN *** [8h 3c 7h] [6s]
*** RIVER *** [8h 3c 7h 6s] [Ah]
*** SHOW DOWN ***
Tadasslt: shows [As 8d] (two pair, Aces and Eights)
Mahu2021: shows [Ad 5d] (a pair of Aces)
Tadasslt collected 960 from pot
*** SUMMARY ***
Total pot 960 | Rake 0 
Board [8h 3c 7h 6s Ah]
Seat 2: Mahu2021 (button) (small blind) showed [Ad 5d] and lost with a pair of Aces
Seat 3: Tadasslt (big blind) showed [As 8d] and won (960) with two pair, Aces and Eights



PokerStars Hand #244636524312: Tournament #3612856550, $0.92+$0.08 USD Hold'em No Limit - Level IV (30/60) - 2023/07/05 10:40:12 CET [2023/07/05 4:40:12 ET]
Table '3612856550 1' 3-max Seat #3 is the button
Seat 2: Mahu2021 (540 in chips) 
Seat 3: Tadasslt (960 in chips) 
Tadasslt: posts small blind 30
Mahu2021: posts big blind 60
*** HOLE CARDS ***
Dealt to Mahu2021 [6d 5h]
Tadasslt: raises 60 to 120
Mahu2021: calls 60
*** FLOP *** [4h 2d Jh]
Mahu2021: bets 420 and is all-in
Tadasslt: calls 420
*** TURN *** [4h 2d Jh] [Ts]
*** RIVER *** [4h 2d Jh Ts] [Qs]
*** SHOW DOWN ***
Mahu2021: shows [6d 5h] (high card Queen)
Tadasslt: shows [Js 4s] (two pair, Jacks and Fours)
Tadasslt collected 1080 from pot
Mahu2021 finished the tournament in 2nd place
Tadasslt wins the tournament and receives $2.00 - congratulations!
*** SUMMARY ***
Total pot 1080 | Rake 0 
Board [4h 2d Jh Ts Qs]
Seat 2: Mahu2021 (big blind) showed [6d 5h] and lost with high card Queen
Seat 3: Tadasslt (button) (small blind) showed [Js 4s] and won (1080) with two pair, Jacks and Fours



