PokerStars Hand #246984466535: Tournament #3669732575, $1.84+$0.16 USD Hold'em No Limit - Level I (10/20) - 2023/11/07 22:01:10 CET [2023/11/07 16:01:10 ET]
Table '3669732575 1' 3-max Seat #1 is the button
Seat 1: fernandafsna (500 in chips) 
Seat 2: Mahu2021 (500 in chips) 
Seat 3: A.Mysak (500 in chips) 
Mahu2021: posts small blind 10
A.Mysak: posts big blind 20
*** HOLE CARDS ***
Dealt to Mahu2021 [Ts 7s]
fernandafsna: folds 
Mahu2021: calls 10
A.Mysak: checks 
*** FLOP *** [As Jc 8h]
Mahu2021: bets 20
A.Mysak: folds 
Uncalled bet (20) returned to Mahu2021
Mahu2021 collected 40 from pot
Mahu2021: doesn't show hand 
*** SUMMARY ***
Total pot 40 | Rake 0 
Board [As Jc 8h]
Seat 1: fernandafsna (button) folded before Flop (didn't bet)
Seat 2: Mahu2021 (small blind) collected (40)
Seat 3: A.Mysak (big blind) folded on the Flop



PokerStars Hand #246984471519: Tournament #3669732575, $1.84+$0.16 USD Hold'em No Limit - Level I (10/20) - 2023/11/07 22:01:24 CET [2023/11/07 16:01:24 ET]
Table '3669732575 1' 3-max Seat #2 is the button
Seat 1: fernandafsna (500 in chips) 
Seat 2: Mahu2021 (520 in chips) 
Seat 3: A.Mysak (480 in chips) 
A.Mysak: posts small blind 10
fernandafsna: posts big blind 20
*** HOLE CARDS ***
Dealt to Mahu2021 [6c Ah]
Mahu2021: raises 20 to 40
A.Mysak: folds 
fernandafsna: calls 20
*** FLOP *** [Js 2s 6s]
fernandafsna: checks 
Mahu2021: checks 
*** TURN *** [Js 2s 6s] [4d]
fernandafsna: bets 120
Mahu2021: folds 
Uncalled bet (120) returned to fernandafsna
fernandafsna collected 90 from pot
*** SUMMARY ***
Total pot 90 | Rake 0 
Board [Js 2s 6s 4d]
Seat 1: fernandafsna (big blind) collected (90)
Seat 2: Mahu2021 (button) folded on the Turn
Seat 3: A.Mysak (small blind) folded before Flop



PokerStars Hand #246984479065: Tournament #3669732575, $1.84+$0.16 USD Hold'em No Limit - Level I (10/20) - 2023/11/07 22:01:48 CET [2023/11/07 16:01:48 ET]
Table '3669732575 1' 3-max Seat #3 is the button
Seat 1: fernandafsna (550 in chips) 
Seat 2: Mahu2021 (480 in chips) 
Seat 3: A.Mysak (470 in chips) 
fernandafsna: posts small blind 10
Mahu2021: posts big blind 20
*** HOLE CARDS ***
Dealt to Mahu2021 [7d 4c]
A.Mysak: raises 20 to 40
fernandafsna: raises 510 to 550 and is all-in
Mahu2021: folds 
A.Mysak: calls 430 and is all-in
Uncalled bet (80) returned to fernandafsna
*** FLOP *** [As Kh Td]
*** TURN *** [As Kh Td] [Qs]
*** RIVER *** [As Kh Td Qs] [2h]
*** SHOW DOWN ***
fernandafsna: shows [9c 9s] (a pair of Nines)
A.Mysak: shows [8h Ah] (a pair of Aces)
A.Mysak collected 960 from pot
*** SUMMARY ***
Total pot 960 | Rake 0 
Board [As Kh Td Qs 2h]
Seat 1: fernandafsna (small blind) showed [9c 9s] and lost with a pair of Nines
Seat 2: Mahu2021 (big blind) folded before Flop
Seat 3: A.Mysak (button) showed [8h Ah] and won (960) with a pair of Aces



PokerStars Hand #246984488215: Tournament #3669732575, $1.84+$0.16 USD Hold'em No Limit - Level I (10/20) - 2023/11/07 22:02:14 CET [2023/11/07 16:02:14 ET]
Table '3669732575 1' 3-max Seat #1 is the button
Seat 1: fernandafsna (80 in chips) 
Seat 2: Mahu2021 (460 in chips) 
Seat 3: A.Mysak (960 in chips) 
Mahu2021: posts small blind 10
A.Mysak: posts big blind 20
*** HOLE CARDS ***
Dealt to Mahu2021 [8d Jc]
fernandafsna: folds 
Mahu2021: folds 
Uncalled bet (10) returned to A.Mysak
A.Mysak collected 20 from pot
A.Mysak: doesn't show hand 
*** SUMMARY ***
Total pot 20 | Rake 0 
Seat 1: fernandafsna (button) folded before Flop (didn't bet)
Seat 2: Mahu2021 (small blind) folded before Flop
Seat 3: A.Mysak (big blind) collected (20)



PokerStars Hand #246984490370: Tournament #3669732575, $1.84+$0.16 USD Hold'em No Limit - Level I (10/20) - 2023/11/07 22:02:20 CET [2023/11/07 16:02:20 ET]
Table '3669732575 1' 3-max Seat #2 is the button
Seat 1: fernandafsna (80 in chips) 
Seat 2: Mahu2021 (450 in chips) 
Seat 3: A.Mysak (970 in chips) 
A.Mysak: posts small blind 10
fernandafsna: posts big blind 20
*** HOLE CARDS ***
Dealt to Mahu2021 [2c 8h]
Mahu2021: folds 
A.Mysak: folds 
Uncalled bet (10) returned to fernandafsna
fernandafsna collected 20 from pot
*** SUMMARY ***
Total pot 20 | Rake 0 
Seat 1: fernandafsna (big blind) collected (20)
Seat 2: Mahu2021 (button) folded before Flop (didn't bet)
Seat 3: A.Mysak (small blind) folded before Flop



PokerStars Hand #246984494133: Tournament #3669732575, $1.84+$0.16 USD Hold'em No Limit - Level I (10/20) - 2023/11/07 22:02:31 CET [2023/11/07 16:02:31 ET]
Table '3669732575 1' 3-max Seat #3 is the button
Seat 1: fernandafsna (90 in chips) 
Seat 2: Mahu2021 (450 in chips) 
Seat 3: A.Mysak (960 in chips) 
fernandafsna: posts small blind 10
Mahu2021: posts big blind 20
*** HOLE CARDS ***
Dealt to Mahu2021 [As Ah]
A.Mysak: raises 20 to 40
fernandafsna: folds 
Mahu2021: raises 410 to 450 and is all-in
A.Mysak: calls 410
*** FLOP *** [Qh Jd 2h]
*** TURN *** [Qh Jd 2h] [6s]
*** RIVER *** [Qh Jd 2h 6s] [6h]
*** SHOW DOWN ***
Mahu2021: shows [As Ah] (two pair, Aces and Sixes)
A.Mysak: shows [Ad Jh] (two pair, Jacks and Sixes)
Mahu2021 collected 910 from pot
*** SUMMARY ***
Total pot 910 | Rake 0 
Board [Qh Jd 2h 6s 6h]
Seat 1: fernandafsna (small blind) folded before Flop
Seat 2: Mahu2021 (big blind) showed [As Ah] and won (910) with two pair, Aces and Sixes
Seat 3: A.Mysak (button) showed [Ad Jh] and lost with two pair, Jacks and Sixes



PokerStars Hand #246984503357: Tournament #3669732575, $1.84+$0.16 USD Hold'em No Limit - Level I (10/20) - 2023/11/07 22:02:57 CET [2023/11/07 16:02:57 ET]
Table '3669732575 1' 3-max Seat #1 is the button
Seat 1: fernandafsna (80 in chips) 
Seat 2: Mahu2021 (910 in chips) 
Seat 3: A.Mysak (510 in chips) 
Mahu2021: posts small blind 10
A.Mysak: posts big blind 20
*** HOLE CARDS ***
Dealt to Mahu2021 [Td Ah]
fernandafsna: raises 60 to 80 and is all-in
Mahu2021: calls 70
A.Mysak: folds 
*** FLOP *** [Qc 8h 5s]
*** TURN *** [Qc 8h 5s] [4h]
*** RIVER *** [Qc 8h 5s 4h] [6s]
*** SHOW DOWN ***
Mahu2021: shows [Td Ah] (high card Ace)
fernandafsna: shows [5d 8d] (two pair, Eights and Fives)
fernandafsna collected 180 from pot
*** SUMMARY ***
Total pot 180 | Rake 0 
Board [Qc 8h 5s 4h 6s]
Seat 1: fernandafsna (button) showed [5d 8d] and won (180) with two pair, Eights and Fives
Seat 2: Mahu2021 (small blind) showed [Td Ah] and lost with high card Ace
Seat 3: A.Mysak (big blind) folded before Flop



PokerStars Hand #246984510084: Tournament #3669732575, $1.84+$0.16 USD Hold'em No Limit - Level I (10/20) - 2023/11/07 22:03:15 CET [2023/11/07 16:03:15 ET]
Table '3669732575 1' 3-max Seat #2 is the button
Seat 1: fernandafsna (180 in chips) 
Seat 2: Mahu2021 (830 in chips) 
Seat 3: A.Mysak (490 in chips) 
A.Mysak: posts small blind 10
fernandafsna: posts big blind 20
*** HOLE CARDS ***
Dealt to Mahu2021 [5d 5s]
Mahu2021: calls 20
A.Mysak: folds 
fernandafsna: checks 
*** FLOP *** [7c Kd Tc]
fernandafsna: checks 
Mahu2021: bets 20
fernandafsna: calls 20
*** TURN *** [7c Kd Tc] [8c]
fernandafsna: bets 60
Mahu2021: folds 
Uncalled bet (60) returned to fernandafsna
fernandafsna collected 90 from pot
*** SUMMARY ***
Total pot 90 | Rake 0 
Board [7c Kd Tc 8c]
Seat 1: fernandafsna (big blind) collected (90)
Seat 2: Mahu2021 (button) folded on the Turn
Seat 3: A.Mysak (small blind) folded before Flop



PokerStars Hand #246984519740: Tournament #3669732575, $1.84+$0.16 USD Hold'em No Limit - Level I (10/20) - 2023/11/07 22:03:42 CET [2023/11/07 16:03:42 ET]
Table '3669732575 1' 3-max Seat #3 is the button
Seat 1: fernandafsna (230 in chips) 
Seat 2: Mahu2021 (790 in chips) 
Seat 3: A.Mysak (480 in chips) 
fernandafsna: posts small blind 10
Mahu2021: posts big blind 20
*** HOLE CARDS ***
Dealt to Mahu2021 [2c 5d]
A.Mysak: folds 
fernandafsna: folds 
Uncalled bet (10) returned to Mahu2021
Mahu2021 collected 20 from pot
Mahu2021: doesn't show hand 
*** SUMMARY ***
Total pot 20 | Rake 0 
Seat 1: fernandafsna (small blind) folded before Flop
Seat 2: Mahu2021 (big blind) collected (20)
Seat 3: A.Mysak (button) folded before Flop (didn't bet)



PokerStars Hand #246984525444: Tournament #3669732575, $1.84+$0.16 USD Hold'em No Limit - Level I (10/20) - 2023/11/07 22:03:58 CET [2023/11/07 16:03:58 ET]
Table '3669732575 1' 3-max Seat #1 is the button
Seat 1: fernandafsna (220 in chips) 
Seat 2: Mahu2021 (800 in chips) 
Seat 3: A.Mysak (480 in chips) 
Mahu2021: posts small blind 10
A.Mysak: posts big blind 20
*** HOLE CARDS ***
Dealt to Mahu2021 [Kd Qd]
fernandafsna: folds 
Mahu2021: raises 40 to 60
A.Mysak: folds 
Uncalled bet (40) returned to Mahu2021
Mahu2021 collected 40 from pot
Mahu2021: doesn't show hand 
*** SUMMARY ***
Total pot 40 | Rake 0 
Seat 1: fernandafsna (button) folded before Flop (didn't bet)
Seat 2: Mahu2021 (small blind) collected (40)
Seat 3: A.Mysak (big blind) folded before Flop



PokerStars Hand #246984533701: Tournament #3669732575, $1.84+$0.16 USD Hold'em No Limit - Level II (15/30) - 2023/11/07 22:04:20 CET [2023/11/07 16:04:20 ET]
Table '3669732575 1' 3-max Seat #2 is the button
Seat 1: fernandafsna (220 in chips) 
Seat 2: Mahu2021 (820 in chips) 
Seat 3: A.Mysak (460 in chips) 
A.Mysak: posts small blind 15
fernandafsna: posts big blind 30
*** HOLE CARDS ***
Dealt to Mahu2021 [2c Jc]
Mahu2021: calls 30
A.Mysak: raises 430 to 460 and is all-in
fernandafsna: folds 
Mahu2021: folds 
Uncalled bet (430) returned to A.Mysak
A.Mysak collected 90 from pot
A.Mysak: doesn't show hand 
*** SUMMARY ***
Total pot 90 | Rake 0 
Seat 1: fernandafsna (big blind) folded before Flop
Seat 2: Mahu2021 (button) folded before Flop
Seat 3: A.Mysak (small blind) collected (90)



PokerStars Hand #246984537724: Tournament #3669732575, $1.84+$0.16 USD Hold'em No Limit - Level II (15/30) - 2023/11/07 22:04:31 CET [2023/11/07 16:04:31 ET]
Table '3669732575 1' 3-max Seat #3 is the button
Seat 1: fernandafsna (190 in chips) 
Seat 2: Mahu2021 (790 in chips) 
Seat 3: A.Mysak (520 in chips) 
fernandafsna: posts small blind 15
Mahu2021: posts big blind 30
*** HOLE CARDS ***
Dealt to Mahu2021 [As 7c]
A.Mysak: folds 
fernandafsna: raises 160 to 190 and is all-in
Mahu2021: calls 160
*** FLOP *** [Qs Kh 2d]
*** TURN *** [Qs Kh 2d] [8d]
*** RIVER *** [Qs Kh 2d 8d] [Js]
*** SHOW DOWN ***
fernandafsna: shows [Jc Jd] (three of a kind, Jacks)
Mahu2021: shows [As 7c] (high card Ace)
fernandafsna collected 380 from pot
*** SUMMARY ***
Total pot 380 | Rake 0 
Board [Qs Kh 2d 8d Js]
Seat 1: fernandafsna (small blind) showed [Jc Jd] and won (380) with three of a kind, Jacks
Seat 2: Mahu2021 (big blind) showed [As 7c] and lost with high card Ace
Seat 3: A.Mysak (button) folded before Flop (didn't bet)



PokerStars Hand #246984546854: Tournament #3669732575, $1.84+$0.16 USD Hold'em No Limit - Level II (15/30) - 2023/11/07 22:04:56 CET [2023/11/07 16:04:56 ET]
Table '3669732575 1' 3-max Seat #1 is the button
Seat 1: fernandafsna (380 in chips) 
Seat 2: Mahu2021 (600 in chips) 
Seat 3: A.Mysak (520 in chips) 
Mahu2021: posts small blind 15
A.Mysak: posts big blind 30
*** HOLE CARDS ***
Dealt to Mahu2021 [Qs 7c]
fernandafsna: folds 
Mahu2021: calls 15
A.Mysak: checks 
*** FLOP *** [5d 6d Kh]
Mahu2021: checks 
A.Mysak: checks 
*** TURN *** [5d 6d Kh] [2s]
Mahu2021: checks 
A.Mysak: checks 
*** RIVER *** [5d 6d Kh 2s] [7s]
Mahu2021: bets 30
A.Mysak: folds 
Uncalled bet (30) returned to Mahu2021
Mahu2021 collected 60 from pot
Mahu2021: doesn't show hand 
*** SUMMARY ***
Total pot 60 | Rake 0 
Board [5d 6d Kh 2s 7s]
Seat 1: fernandafsna (button) folded before Flop (didn't bet)
Seat 2: Mahu2021 (small blind) collected (60)
Seat 3: A.Mysak (big blind) folded on the River



PokerStars Hand #246984554978: Tournament #3669732575, $1.84+$0.16 USD Hold'em No Limit - Level II (15/30) - 2023/11/07 22:05:18 CET [2023/11/07 16:05:18 ET]
Table '3669732575 1' 3-max Seat #2 is the button
Seat 1: fernandafsna (380 in chips) 
Seat 2: Mahu2021 (630 in chips) 
Seat 3: A.Mysak (490 in chips) 
A.Mysak: posts small blind 15
fernandafsna: posts big blind 30
*** HOLE CARDS ***
Dealt to Mahu2021 [Ac 7s]
Mahu2021: calls 30
A.Mysak: calls 15
fernandafsna: checks 
*** FLOP *** [Ts Qs Jh]
A.Mysak: checks 
fernandafsna: bets 90
Mahu2021: folds 
A.Mysak: folds 
Uncalled bet (90) returned to fernandafsna
fernandafsna collected 90 from pot
*** SUMMARY ***
Total pot 90 | Rake 0 
Board [Ts Qs Jh]
Seat 1: fernandafsna (big blind) collected (90)
Seat 2: Mahu2021 (button) folded on the Flop
Seat 3: A.Mysak (small blind) folded on the Flop



PokerStars Hand #246984562696: Tournament #3669732575, $1.84+$0.16 USD Hold'em No Limit - Level II (15/30) - 2023/11/07 22:05:39 CET [2023/11/07 16:05:39 ET]
Table '3669732575 1' 3-max Seat #3 is the button
Seat 1: fernandafsna (440 in chips) 
Seat 2: Mahu2021 (600 in chips) 
Seat 3: A.Mysak (460 in chips) 
fernandafsna: posts small blind 15
Mahu2021: posts big blind 30
*** HOLE CARDS ***
Dealt to Mahu2021 [Kd Qd]
A.Mysak: folds 
fernandafsna: calls 15
Mahu2021: raises 60 to 90
fernandafsna: calls 60
*** FLOP *** [5h 2s 6h]
fernandafsna: checks 
Mahu2021: checks 
*** TURN *** [5h 2s 6h] [7c]
fernandafsna: bets 350 and is all-in
Mahu2021: folds 
Uncalled bet (350) returned to fernandafsna
fernandafsna collected 180 from pot
*** SUMMARY ***
Total pot 180 | Rake 0 
Board [5h 2s 6h 7c]
Seat 1: fernandafsna (small blind) collected (180)
Seat 2: Mahu2021 (big blind) folded on the Turn
Seat 3: A.Mysak (button) folded before Flop (didn't bet)



PokerStars Hand #246984571555: Tournament #3669732575, $1.84+$0.16 USD Hold'em No Limit - Level II (15/30) - 2023/11/07 22:06:03 CET [2023/11/07 16:06:03 ET]
Table '3669732575 1' 3-max Seat #1 is the button
Seat 1: fernandafsna (530 in chips) 
Seat 2: Mahu2021 (510 in chips) 
Seat 3: A.Mysak (460 in chips) 
Mahu2021: posts small blind 15
A.Mysak: posts big blind 30
*** HOLE CARDS ***
Dealt to Mahu2021 [Th 8c]
fernandafsna: calls 30
Mahu2021: folds 
A.Mysak: checks 
*** FLOP *** [Jh 2c As]
A.Mysak: checks 
fernandafsna: bets 38
A.Mysak: folds 
Uncalled bet (38) returned to fernandafsna
fernandafsna collected 75 from pot
*** SUMMARY ***
Total pot 75 | Rake 0 
Board [Jh 2c As]
Seat 1: fernandafsna (button) collected (75)
Seat 2: Mahu2021 (small blind) folded before Flop
Seat 3: A.Mysak (big blind) folded on the Flop



PokerStars Hand #246984576274: Tournament #3669732575, $1.84+$0.16 USD Hold'em No Limit - Level II (15/30) - 2023/11/07 22:06:16 CET [2023/11/07 16:06:16 ET]
Table '3669732575 1' 3-max Seat #2 is the button
Seat 1: fernandafsna (575 in chips) 
Seat 2: Mahu2021 (495 in chips) 
Seat 3: A.Mysak (430 in chips) 
A.Mysak: posts small blind 15
fernandafsna: posts big blind 30
*** HOLE CARDS ***
Dealt to Mahu2021 [As Kc]
Mahu2021: raises 30 to 60
A.Mysak: raises 370 to 430 and is all-in
fernandafsna: folds 
Mahu2021: calls 370
*** FLOP *** [7c 3c Jd]
*** TURN *** [7c 3c Jd] [2d]
*** RIVER *** [7c 3c Jd 2d] [2h]
*** SHOW DOWN ***
A.Mysak: shows [5d 5s] (two pair, Fives and Deuces)
Mahu2021: shows [As Kc] (a pair of Deuces)
A.Mysak collected 890 from pot
*** SUMMARY ***
Total pot 890 | Rake 0 
Board [7c 3c Jd 2d 2h]
Seat 1: fernandafsna (big blind) folded before Flop
Seat 2: Mahu2021 (button) showed [As Kc] and lost with a pair of Deuces
Seat 3: A.Mysak (small blind) showed [5d 5s] and won (890) with two pair, Fives and Deuces



PokerStars Hand #246984582246: Tournament #3669732575, $1.84+$0.16 USD Hold'em No Limit - Level II (15/30) - 2023/11/07 22:06:32 CET [2023/11/07 16:06:32 ET]
Table '3669732575 1' 3-max Seat #3 is the button
Seat 1: fernandafsna (545 in chips) 
Seat 2: Mahu2021 (65 in chips) 
Seat 3: A.Mysak (890 in chips) 
fernandafsna: posts small blind 15
Mahu2021: posts big blind 30
*** HOLE CARDS ***
Dealt to Mahu2021 [7c Ah]
A.Mysak: folds 
fernandafsna: calls 15
Mahu2021: raises 35 to 65 and is all-in
fernandafsna: calls 35
*** FLOP *** [9d 2c 5s]
*** TURN *** [9d 2c 5s] [7h]
*** RIVER *** [9d 2c 5s 7h] [4d]
*** SHOW DOWN ***
fernandafsna: shows [Jd 9c] (a pair of Nines)
Mahu2021: shows [7c Ah] (a pair of Sevens)
fernandafsna collected 130 from pot
Mahu2021 finished the tournament in 3rd place
*** SUMMARY ***
Total pot 130 | Rake 0 
Board [9d 2c 5s 7h 4d]
Seat 1: fernandafsna (small blind) showed [Jd 9c] and won (130) with a pair of Nines
Seat 2: Mahu2021 (big blind) showed [7c Ah] and lost with a pair of Sevens
Seat 3: A.Mysak (button) folded before Flop (didn't bet)



