PokerStars Hand #251354235898: Tournament #3774786861, $0.46+$0.04 USD Hold'em No Limit - Level I (10/20) - 2024/07/06 9:55:58 CET [2024/07/06 3:55:58 ET]
Table '3774786861 1' 3-max Seat #1 is the button
Seat 1: Mahu2021 (500 in chips) 
Seat 2: gabriel 6221 (500 in chips) 
Seat 3: jOker-Pokr11 (500 in chips) 
gabriel 6221: posts small blind 10
jOker-Pokr11: posts big blind 20
*** HOLE CARDS ***
Dealt to Mahu2021 [6h 6c]
Mahu2021: raises 480 to 500 and is all-in
gabriel 6221: folds 
jOker-Pokr11: folds 
Uncalled bet (480) returned to Mahu2021
Mahu2021 collected 50 from pot
Mahu2021: doesn't show hand 
*** SUMMARY ***
Total pot 50 | Rake 0 
Seat 1: Mahu2021 (button) collected (50)
Seat 2: gabriel 6221 (small blind) folded before Flop
Seat 3: jOker-Pokr11 (big blind) folded before Flop



PokerStars Hand #251354236422: Tournament #3774786861, $0.46+$0.04 USD Hold'em No Limit - Level I (10/20) - 2024/07/06 9:56:04 CET [2024/07/06 3:56:04 ET]
Table '3774786861 1' 3-max Seat #2 is the button
Seat 1: Mahu2021 (530 in chips) 
Seat 2: gabriel 6221 (490 in chips) 
Seat 3: jOker-Pokr11 (480 in chips) 
jOker-Pokr11: posts small blind 10
Mahu2021: posts big blind 20
*** HOLE CARDS ***
Dealt to Mahu2021 [Qs 6d]
gabriel 6221: raises 40 to 60
jOker-Pokr11: folds 
Mahu2021: folds 
Uncalled bet (40) returned to gabriel 6221
gabriel 6221 collected 50 from pot
*** SUMMARY ***
Total pot 50 | Rake 0 
Seat 1: Mahu2021 (big blind) folded before Flop
Seat 2: gabriel 6221 (button) collected (50)
Seat 3: jOker-Pokr11 (small blind) folded before Flop



PokerStars Hand #251354237058: Tournament #3774786861, $0.46+$0.04 USD Hold'em No Limit - Level I (10/20) - 2024/07/06 9:56:11 CET [2024/07/06 3:56:11 ET]
Table '3774786861 1' 3-max Seat #3 is the button
Seat 1: Mahu2021 (510 in chips) 
Seat 2: gabriel 6221 (520 in chips) 
Seat 3: jOker-Pokr11 (470 in chips) 
Mahu2021: posts small blind 10
gabriel 6221: posts big blind 20
*** HOLE CARDS ***
Dealt to Mahu2021 [7s Ad]
jOker-Pokr11: folds 
Mahu2021: raises 20 to 40
gabriel 6221: calls 20
*** FLOP *** [Kd Qh 9d]
Mahu2021: checks 
gabriel 6221: checks 
*** TURN *** [Kd Qh 9d] [6h]
Mahu2021: checks 
gabriel 6221: checks 
*** RIVER *** [Kd Qh 9d 6h] [6s]
Mahu2021: checks 
gabriel 6221: bets 80
Mahu2021: folds 
Uncalled bet (80) returned to gabriel 6221
gabriel 6221 collected 80 from pot
*** SUMMARY ***
Total pot 80 | Rake 0 
Board [Kd Qh 9d 6h 6s]
Seat 1: Mahu2021 (small blind) folded on the River
Seat 2: gabriel 6221 (big blind) collected (80)
Seat 3: jOker-Pokr11 (button) folded before Flop (didn't bet)



PokerStars Hand #251354238633: Tournament #3774786861, $0.46+$0.04 USD Hold'em No Limit - Level I (10/20) - 2024/07/06 9:56:30 CET [2024/07/06 3:56:30 ET]
Table '3774786861 1' 3-max Seat #1 is the button
Seat 1: Mahu2021 (470 in chips) 
Seat 2: gabriel 6221 (560 in chips) 
Seat 3: jOker-Pokr11 (470 in chips) 
gabriel 6221: posts small blind 10
jOker-Pokr11: posts big blind 20
*** HOLE CARDS ***
Dealt to Mahu2021 [3s Ah]
Mahu2021: raises 20 to 40
gabriel 6221: folds 
jOker-Pokr11: calls 20
*** FLOP *** [7h 5d Tc]
jOker-Pokr11: checks 
Mahu2021: bets 40
jOker-Pokr11: calls 40
*** TURN *** [7h 5d Tc] [7c]
jOker-Pokr11: checks 
Mahu2021: checks 
*** RIVER *** [7h 5d Tc 7c] [Ad]
jOker-Pokr11: bets 20
Mahu2021: raises 210 to 230
jOker-Pokr11: folds 
Uncalled bet (210) returned to Mahu2021
Mahu2021 collected 210 from pot
Mahu2021: doesn't show hand 
*** SUMMARY ***
Total pot 210 | Rake 0 
Board [7h 5d Tc 7c Ad]
Seat 1: Mahu2021 (button) collected (210)
Seat 2: gabriel 6221 (small blind) folded before Flop
Seat 3: jOker-Pokr11 (big blind) folded on the River



PokerStars Hand #251354240275: Tournament #3774786861, $0.46+$0.04 USD Hold'em No Limit - Level I (10/20) - 2024/07/06 9:56:49 CET [2024/07/06 3:56:49 ET]
Table '3774786861 1' 3-max Seat #2 is the button
Seat 1: Mahu2021 (580 in chips) 
Seat 2: gabriel 6221 (550 in chips) 
Seat 3: jOker-Pokr11 (370 in chips) 
jOker-Pokr11: posts small blind 10
Mahu2021: posts big blind 20
*** HOLE CARDS ***
Dealt to Mahu2021 [3d 3c]
gabriel 6221: raises 20 to 40
jOker-Pokr11: calls 30
Mahu2021: raises 540 to 580 and is all-in
gabriel 6221: folds 
jOker-Pokr11: folds 
Uncalled bet (540) returned to Mahu2021
Mahu2021 collected 120 from pot
Mahu2021: doesn't show hand 
*** SUMMARY ***
Total pot 120 | Rake 0 
Seat 1: Mahu2021 (big blind) collected (120)
Seat 2: gabriel 6221 (button) folded before Flop
Seat 3: jOker-Pokr11 (small blind) folded before Flop



PokerStars Hand #251354241147: Tournament #3774786861, $0.46+$0.04 USD Hold'em No Limit - Level I (10/20) - 2024/07/06 9:57:00 CET [2024/07/06 3:57:00 ET]
Table '3774786861 1' 3-max Seat #3 is the button
Seat 1: Mahu2021 (660 in chips) 
Seat 2: gabriel 6221 (510 in chips) 
Seat 3: jOker-Pokr11 (330 in chips) 
Mahu2021: posts small blind 10
gabriel 6221: posts big blind 20
*** HOLE CARDS ***
Dealt to Mahu2021 [5s Kd]
jOker-Pokr11: folds 
Mahu2021: folds 
Uncalled bet (10) returned to gabriel 6221
gabriel 6221 collected 20 from pot
*** SUMMARY ***
Total pot 20 | Rake 0 
Seat 1: Mahu2021 (small blind) folded before Flop
Seat 2: gabriel 6221 (big blind) collected (20)
Seat 3: jOker-Pokr11 (button) folded before Flop (didn't bet)



PokerStars Hand #251354241624: Tournament #3774786861, $0.46+$0.04 USD Hold'em No Limit - Level I (10/20) - 2024/07/06 9:57:05 CET [2024/07/06 3:57:05 ET]
Table '3774786861 1' 3-max Seat #1 is the button
Seat 1: Mahu2021 (650 in chips) 
Seat 2: gabriel 6221 (520 in chips) 
Seat 3: jOker-Pokr11 (330 in chips) 
gabriel 6221: posts small blind 10
jOker-Pokr11: posts big blind 20
*** HOLE CARDS ***
Dealt to Mahu2021 [3d 7s]
Mahu2021: folds 
gabriel 6221: raises 40 to 60
jOker-Pokr11: folds 
Uncalled bet (40) returned to gabriel 6221
gabriel 6221 collected 40 from pot
*** SUMMARY ***
Total pot 40 | Rake 0 
Seat 1: Mahu2021 (button) folded before Flop (didn't bet)
Seat 2: gabriel 6221 (small blind) collected (40)
Seat 3: jOker-Pokr11 (big blind) folded before Flop



PokerStars Hand #251354242224: Tournament #3774786861, $0.46+$0.04 USD Hold'em No Limit - Level I (10/20) - 2024/07/06 9:57:12 CET [2024/07/06 3:57:12 ET]
Table '3774786861 1' 3-max Seat #2 is the button
Seat 1: Mahu2021 (650 in chips) 
Seat 2: gabriel 6221 (540 in chips) 
Seat 3: jOker-Pokr11 (310 in chips) 
jOker-Pokr11: posts small blind 10
Mahu2021: posts big blind 20
*** HOLE CARDS ***
Dealt to Mahu2021 [Js Ks]
gabriel 6221: folds 
jOker-Pokr11: calls 10
Mahu2021: checks 
*** FLOP *** [Qc Td 6s]
jOker-Pokr11: checks 
Mahu2021: checks 
*** TURN *** [Qc Td 6s] [Ac]
jOker-Pokr11: checks 
Mahu2021: bets 40
jOker-Pokr11: calls 40
*** RIVER *** [Qc Td 6s Ac] [6d]
jOker-Pokr11: bets 250 and is all-in
Mahu2021: calls 250
*** SHOW DOWN ***
jOker-Pokr11: shows [Kh 9d] (a pair of Sixes)
Mahu2021: shows [Js Ks] (a straight, Ten to Ace)
Mahu2021 collected 620 from pot
jOker-Pokr11 finished the tournament in 3rd place
*** SUMMARY ***
Total pot 620 | Rake 0 
Board [Qc Td 6s Ac 6d]
Seat 1: Mahu2021 (big blind) showed [Js Ks] and won (620) with a straight, Ten to Ace
Seat 2: gabriel 6221 (button) folded before Flop (didn't bet)
Seat 3: jOker-Pokr11 (small blind) showed [Kh 9d] and lost with a pair of Sixes



PokerStars Hand #251354244150: Tournament #3774786861, $0.46+$0.04 USD Hold'em No Limit - Level I (10/20) - 2024/07/06 9:57:35 CET [2024/07/06 3:57:35 ET]
Table '3774786861 1' 3-max Seat #1 is the button
Seat 1: Mahu2021 (960 in chips) 
Seat 2: gabriel 6221 (540 in chips) 
Mahu2021: posts small blind 10
gabriel 6221: posts big blind 20
*** HOLE CARDS ***
Dealt to Mahu2021 [6c 5s]
Mahu2021: calls 10
gabriel 6221: checks 
*** FLOP *** [9h 9s 3c]
gabriel 6221: checks 
Mahu2021: checks 
*** TURN *** [9h 9s 3c] [5c]
gabriel 6221: checks 
Mahu2021: bets 40
gabriel 6221: folds 
Uncalled bet (40) returned to Mahu2021
Mahu2021 collected 40 from pot
Mahu2021: doesn't show hand 
*** SUMMARY ***
Total pot 40 | Rake 0 
Board [9h 9s 3c 5c]
Seat 1: Mahu2021 (button) (small blind) collected (40)
Seat 2: gabriel 6221 (big blind) folded on the Turn



PokerStars Hand #251354245342: Tournament #3774786861, $0.46+$0.04 USD Hold'em No Limit - Level I (10/20) - 2024/07/06 9:57:49 CET [2024/07/06 3:57:49 ET]
Table '3774786861 1' 3-max Seat #2 is the button
Seat 1: Mahu2021 (980 in chips) 
Seat 2: gabriel 6221 (520 in chips) 
gabriel 6221: posts small blind 10
Mahu2021: posts big blind 20
*** HOLE CARDS ***
Dealt to Mahu2021 [3d 8d]
gabriel 6221: raises 20 to 40
Mahu2021: calls 20
*** FLOP *** [9h 9s 6s]
Mahu2021: checks 
gabriel 6221: bets 40
Mahu2021: folds 
Uncalled bet (40) returned to gabriel 6221
gabriel 6221 collected 80 from pot
*** SUMMARY ***
Total pot 80 | Rake 0 
Board [9h 9s 6s]
Seat 1: Mahu2021 (big blind) folded on the Flop
Seat 2: gabriel 6221 (button) (small blind) collected (80)



PokerStars Hand #251354246222: Tournament #3774786861, $0.46+$0.04 USD Hold'em No Limit - Level I (10/20) - 2024/07/06 9:57:59 CET [2024/07/06 3:57:59 ET]
Table '3774786861 1' 3-max Seat #1 is the button
Seat 1: Mahu2021 (940 in chips) 
Seat 2: gabriel 6221 (560 in chips) 
Mahu2021: posts small blind 10
gabriel 6221: posts big blind 20
*** HOLE CARDS ***
Dealt to Mahu2021 [2s 7d]
Mahu2021: folds 
Uncalled bet (10) returned to gabriel 6221
gabriel 6221 collected 20 from pot
*** SUMMARY ***
Total pot 20 | Rake 0 
Seat 1: Mahu2021 (button) (small blind) folded before Flop
Seat 2: gabriel 6221 (big blind) collected (20)



PokerStars Hand #251354246848: Tournament #3774786861, $0.46+$0.04 USD Hold'em No Limit - Level II (15/30) - 2024/07/06 9:58:06 CET [2024/07/06 3:58:06 ET]
Table '3774786861 1' 3-max Seat #2 is the button
Seat 1: Mahu2021 (930 in chips) 
Seat 2: gabriel 6221 (570 in chips) 
gabriel 6221: posts small blind 15
Mahu2021: posts big blind 30
*** HOLE CARDS ***
Dealt to Mahu2021 [7s Ac]
gabriel 6221: raises 30 to 60
Mahu2021: raises 870 to 930 and is all-in
gabriel 6221: calls 510 and is all-in
Uncalled bet (360) returned to Mahu2021
*** FLOP *** [5h 7d Kc]
*** TURN *** [5h 7d Kc] [4d]
*** RIVER *** [5h 7d Kc 4d] [Th]
*** SHOW DOWN ***
Mahu2021: shows [7s Ac] (a pair of Sevens)
gabriel 6221: shows [3d Ah] (high card Ace)
Mahu2021 collected 1140 from pot
gabriel 6221 finished the tournament in 2nd place
Mahu2021 wins the tournament - congratulations!
Mahu2021 wins a '$1.50 Power Path Step 2 Ticket' ticket
*** SUMMARY ***
Total pot 1140 | Rake 0 
Board [5h 7d Kc 4d Th]
Seat 1: Mahu2021 (big blind) showed [7s Ac] and won (1140) with a pair of Sevens
Seat 2: gabriel 6221 (button) (small blind) showed [3d Ah] and lost with high card Ace



