PokerStars Hand #247525137672: Tournament #3683182899, $1.84+$0.16 USD Hold'em No Limit - Level I (10/20) - 2023/12/07 12:47:30 CET [2023/12/07 6:47:30 ET]
Table '3683182899 1' 3-max Seat #1 is the button
Seat 1: TIGANCIC (500 in chips) 
Seat 2: glowacz (500 in chips) 
Seat 3: Mahu2021 (500 in chips) 
glowacz: posts small blind 10
Mahu2021: posts big blind 20
*** HOLE CARDS ***
Dealt to Mahu2021 [2s Ac]
TIGANCIC: raises 20 to 40
glowacz: folds 
Mahu2021: calls 20
*** FLOP *** [Kh 4c 3c]
Mahu2021: checks 
TIGANCIC: bets 20
Mahu2021: calls 20
*** TURN *** [Kh 4c 3c] [Ad]
Mahu2021: checks 
TIGANCIC: checks 
*** RIVER *** [Kh 4c 3c Ad] [Kd]
Mahu2021: bets 40
TIGANCIC: folds 
Uncalled bet (40) returned to Mahu2021
Mahu2021 collected 130 from pot
Mahu2021: doesn't show hand 
*** SUMMARY ***
Total pot 130 | Rake 0 
Board [Kh 4c 3c Ad Kd]
Seat 1: TIGANCIC (button) folded on the River
Seat 2: glowacz (small blind) folded before Flop
Seat 3: Mahu2021 (big blind) collected (130)



PokerStars Hand #247525142620: Tournament #3683182899, $1.84+$0.16 USD Hold'em No Limit - Level I (10/20) - 2023/12/07 12:48:00 CET [2023/12/07 6:48:00 ET]
Table '3683182899 1' 3-max Seat #2 is the button
Seat 1: TIGANCIC (440 in chips) 
Seat 2: glowacz (490 in chips) 
Seat 3: Mahu2021 (570 in chips) 
Mahu2021: posts small blind 10
TIGANCIC: posts big blind 20
*** HOLE CARDS ***
Dealt to Mahu2021 [2d 2h]
glowacz: folds 
Mahu2021: calls 10
TIGANCIC: checks 
*** FLOP *** [8h Th 9d]
Mahu2021: checks 
TIGANCIC: bets 20
Mahu2021: calls 20
*** TURN *** [8h Th 9d] [Kh]
Mahu2021: checks 
TIGANCIC: checks 
*** RIVER *** [8h Th 9d Kh] [7c]
Mahu2021: bets 40
TIGANCIC: folds 
Uncalled bet (40) returned to Mahu2021
Mahu2021 collected 80 from pot
Mahu2021: doesn't show hand 
*** SUMMARY ***
Total pot 80 | Rake 0 
Board [8h Th 9d Kh 7c]
Seat 1: TIGANCIC (big blind) folded on the River
Seat 2: glowacz (button) folded before Flop (didn't bet)
Seat 3: Mahu2021 (small blind) collected (80)



PokerStars Hand #247525148110: Tournament #3683182899, $1.84+$0.16 USD Hold'em No Limit - Level I (10/20) - 2023/12/07 12:48:33 CET [2023/12/07 6:48:33 ET]
Table '3683182899 1' 3-max Seat #3 is the button
Seat 1: TIGANCIC (400 in chips) 
Seat 2: glowacz (490 in chips) 
Seat 3: Mahu2021 (610 in chips) 
TIGANCIC: posts small blind 10
glowacz: posts big blind 20
*** HOLE CARDS ***
Dealt to Mahu2021 [6s 8h]
Mahu2021: folds 
TIGANCIC: folds 
Uncalled bet (10) returned to glowacz
glowacz collected 20 from pot
glowacz: doesn't show hand 
*** SUMMARY ***
Total pot 20 | Rake 0 
Seat 1: TIGANCIC (small blind) folded before Flop
Seat 2: glowacz (big blind) collected (20)
Seat 3: Mahu2021 (button) folded before Flop (didn't bet)



PokerStars Hand #247525149062: Tournament #3683182899, $1.84+$0.16 USD Hold'em No Limit - Level I (10/20) - 2023/12/07 12:48:39 CET [2023/12/07 6:48:39 ET]
Table '3683182899 1' 3-max Seat #1 is the button
Seat 1: TIGANCIC (390 in chips) 
Seat 2: glowacz (500 in chips) 
Seat 3: Mahu2021 (610 in chips) 
glowacz: posts small blind 10
Mahu2021: posts big blind 20
*** HOLE CARDS ***
Dealt to Mahu2021 [7d 7h]
TIGANCIC: folds 
glowacz: raises 20 to 40
Mahu2021: calls 20
*** FLOP *** [Kd 8c 6d]
glowacz: bets 30
Mahu2021: calls 30
*** TURN *** [Kd 8c 6d] [8h]
glowacz: checks 
Mahu2021: bets 140
glowacz: folds 
Uncalled bet (140) returned to Mahu2021
Mahu2021 collected 140 from pot
Mahu2021: doesn't show hand 
*** SUMMARY ***
Total pot 140 | Rake 0 
Board [Kd 8c 6d 8h]
Seat 1: TIGANCIC (button) folded before Flop (didn't bet)
Seat 2: glowacz (small blind) folded on the Turn
Seat 3: Mahu2021 (big blind) collected (140)



PokerStars Hand #247525155573: Tournament #3683182899, $1.84+$0.16 USD Hold'em No Limit - Level I (10/20) - 2023/12/07 12:49:19 CET [2023/12/07 6:49:19 ET]
Table '3683182899 1' 3-max Seat #2 is the button
Seat 1: TIGANCIC (390 in chips) 
Seat 2: glowacz (430 in chips) 
Seat 3: Mahu2021 (680 in chips) 
Mahu2021: posts small blind 10
TIGANCIC: posts big blind 20
*** HOLE CARDS ***
Dealt to Mahu2021 [9d Ks]
glowacz: folds 
Mahu2021: calls 10
TIGANCIC: checks 
*** FLOP *** [3c 8d 7h]
Mahu2021: checks 
TIGANCIC: bets 20
Mahu2021: folds 
Uncalled bet (20) returned to TIGANCIC
TIGANCIC collected 40 from pot
*** SUMMARY ***
Total pot 40 | Rake 0 
Board [3c 8d 7h]
Seat 1: TIGANCIC (big blind) collected (40)
Seat 2: glowacz (button) folded before Flop (didn't bet)
Seat 3: Mahu2021 (small blind) folded on the Flop



PokerStars Hand #247525158785: Tournament #3683182899, $1.84+$0.16 USD Hold'em No Limit - Level I (10/20) - 2023/12/07 12:49:39 CET [2023/12/07 6:49:39 ET]
Table '3683182899 1' 3-max Seat #3 is the button
Seat 1: TIGANCIC (410 in chips) 
Seat 2: glowacz (430 in chips) 
Seat 3: Mahu2021 (660 in chips) 
TIGANCIC: posts small blind 10
glowacz: posts big blind 20
*** HOLE CARDS ***
Dealt to Mahu2021 [5c 4h]
Mahu2021: folds 
TIGANCIC: raises 40 to 60
glowacz: folds 
Uncalled bet (40) returned to TIGANCIC
TIGANCIC collected 40 from pot
*** SUMMARY ***
Total pot 40 | Rake 0 
Seat 1: TIGANCIC (small blind) collected (40)
Seat 2: glowacz (big blind) folded before Flop
Seat 3: Mahu2021 (button) folded before Flop (didn't bet)



PokerStars Hand #247525160131: Tournament #3683182899, $1.84+$0.16 USD Hold'em No Limit - Level I (10/20) - 2023/12/07 12:49:47 CET [2023/12/07 6:49:47 ET]
Table '3683182899 1' 3-max Seat #1 is the button
Seat 1: TIGANCIC (430 in chips) 
Seat 2: glowacz (410 in chips) 
Seat 3: Mahu2021 (660 in chips) 
glowacz: posts small blind 10
Mahu2021: posts big blind 20
*** HOLE CARDS ***
Dealt to Mahu2021 [8d Qd]
TIGANCIC: folds 
glowacz: folds 
Uncalled bet (10) returned to Mahu2021
Mahu2021 collected 20 from pot
Mahu2021: doesn't show hand 
*** SUMMARY ***
Total pot 20 | Rake 0 
Seat 1: TIGANCIC (button) folded before Flop (didn't bet)
Seat 2: glowacz (small blind) folded before Flop
Seat 3: Mahu2021 (big blind) collected (20)



PokerStars Hand #247525161492: Tournament #3683182899, $1.84+$0.16 USD Hold'em No Limit - Level I (10/20) - 2023/12/07 12:49:55 CET [2023/12/07 6:49:55 ET]
Table '3683182899 1' 3-max Seat #2 is the button
Seat 1: TIGANCIC (430 in chips) 
Seat 2: glowacz (400 in chips) 
Seat 3: Mahu2021 (670 in chips) 
Mahu2021: posts small blind 10
TIGANCIC: posts big blind 20
*** HOLE CARDS ***
Dealt to Mahu2021 [Td 9d]
glowacz: folds 
Mahu2021: raises 20 to 40
TIGANCIC: calls 20
*** FLOP *** [4c Ks Jh]
Mahu2021: checks 
TIGANCIC: bets 20
Mahu2021: calls 20
*** TURN *** [4c Ks Jh] [Th]
Mahu2021: checks 
TIGANCIC: checks 
*** RIVER *** [4c Ks Jh Th] [5c]
Mahu2021: checks 
TIGANCIC: checks 
*** SHOW DOWN ***
Mahu2021: shows [Td 9d] (a pair of Tens)
TIGANCIC: mucks hand 
Mahu2021 collected 120 from pot
*** SUMMARY ***
Total pot 120 | Rake 0 
Board [4c Ks Jh Th 5c]
Seat 1: TIGANCIC (big blind) mucked [7h 3h]
Seat 2: glowacz (button) folded before Flop (didn't bet)
Seat 3: Mahu2021 (small blind) showed [Td 9d] and won (120) with a pair of Tens



PokerStars Hand #247525165851: Tournament #3683182899, $1.84+$0.16 USD Hold'em No Limit - Level I (10/20) - 2023/12/07 12:50:21 CET [2023/12/07 6:50:21 ET]
Table '3683182899 1' 3-max Seat #3 is the button
Seat 1: TIGANCIC (370 in chips) 
Seat 2: glowacz (400 in chips) 
Seat 3: Mahu2021 (730 in chips) 
TIGANCIC: posts small blind 10
glowacz: posts big blind 20
*** HOLE CARDS ***
Dealt to Mahu2021 [3d 3h]
Mahu2021: calls 20
TIGANCIC: folds 
glowacz: checks 
*** FLOP *** [Ah 3c Tc]
glowacz: checks 
Mahu2021: checks 
*** TURN *** [Ah 3c Tc] [6s]
glowacz: checks 
Mahu2021: checks 
*** RIVER *** [Ah 3c Tc 6s] [4s]
glowacz: checks 
Mahu2021: bets 50
glowacz: folds 
Uncalled bet (50) returned to Mahu2021
Mahu2021 collected 50 from pot
Mahu2021: doesn't show hand 
*** SUMMARY ***
Total pot 50 | Rake 0 
Board [Ah 3c Tc 6s 4s]
Seat 1: TIGANCIC (small blind) folded before Flop
Seat 2: glowacz (big blind) folded on the River
Seat 3: Mahu2021 (button) collected (50)



PokerStars Hand #247525170072: Tournament #3683182899, $1.84+$0.16 USD Hold'em No Limit - Level II (15/30) - 2023/12/07 12:50:48 CET [2023/12/07 6:50:48 ET]
Table '3683182899 1' 3-max Seat #1 is the button
Seat 1: TIGANCIC (360 in chips) 
Seat 2: glowacz (380 in chips) 
Seat 3: Mahu2021 (760 in chips) 
glowacz: posts small blind 15
Mahu2021: posts big blind 30
*** HOLE CARDS ***
Dealt to Mahu2021 [7c 3d]
TIGANCIC: folds 
glowacz: folds 
Uncalled bet (15) returned to Mahu2021
Mahu2021 collected 30 from pot
Mahu2021: doesn't show hand 
*** SUMMARY ***
Total pot 30 | Rake 0 
Seat 1: TIGANCIC (button) folded before Flop (didn't bet)
Seat 2: glowacz (small blind) folded before Flop
Seat 3: Mahu2021 (big blind) collected (30)



PokerStars Hand #247525171535: Tournament #3683182899, $1.84+$0.16 USD Hold'em No Limit - Level II (15/30) - 2023/12/07 12:50:56 CET [2023/12/07 6:50:56 ET]
Table '3683182899 1' 3-max Seat #2 is the button
Seat 1: TIGANCIC (360 in chips) 
Seat 2: glowacz (365 in chips) 
Seat 3: Mahu2021 (775 in chips) 
Mahu2021: posts small blind 15
TIGANCIC: posts big blind 30
*** HOLE CARDS ***
Dealt to Mahu2021 [4s 9c]
glowacz: raises 30 to 60
Mahu2021: folds 
TIGANCIC: calls 30
*** FLOP *** [Ts 5h Kd]
TIGANCIC: checks 
glowacz: checks 
*** TURN *** [Ts 5h Kd] [7s]
TIGANCIC: bets 68
glowacz: calls 68
*** RIVER *** [Ts 5h Kd 7s] [Kc]
TIGANCIC: bets 232 and is all-in
glowacz: calls 232
*** SHOW DOWN ***
TIGANCIC: shows [Kh Jh] (three of a kind, Kings)
glowacz: shows [Qs Td] (two pair, Kings and Tens)
TIGANCIC collected 735 from pot
*** SUMMARY ***
Total pot 735 | Rake 0 
Board [Ts 5h Kd 7s Kc]
Seat 1: TIGANCIC (big blind) showed [Kh Jh] and won (735) with three of a kind, Kings
Seat 2: glowacz (button) showed [Qs Td] and lost with two pair, Kings and Tens
Seat 3: Mahu2021 (small blind) folded before Flop



PokerStars Hand #247525175906: Tournament #3683182899, $1.84+$0.16 USD Hold'em No Limit - Level II (15/30) - 2023/12/07 12:51:23 CET [2023/12/07 6:51:23 ET]
Table '3683182899 1' 3-max Seat #3 is the button
Seat 1: TIGANCIC (735 in chips) 
Seat 2: glowacz (5 in chips) 
Seat 3: Mahu2021 (760 in chips) 
TIGANCIC: posts small blind 15
glowacz: posts big blind 5 and is all-in
*** HOLE CARDS ***
Dealt to Mahu2021 [9s Ac]
Mahu2021: calls 30
TIGANCIC: calls 15
*** FLOP *** [2d 4c Qs]
TIGANCIC: checks 
Mahu2021: checks 
*** TURN *** [2d 4c Qs] [Kh]
TIGANCIC: checks 
Mahu2021: checks 
*** RIVER *** [2d 4c Qs Kh] [6s]
TIGANCIC: checks 
Mahu2021: checks 
*** SHOW DOWN ***
TIGANCIC: shows [Tc 9d] (high card King)
Mahu2021: shows [9s Ac] (high card Ace)
Mahu2021 collected 50 from side pot
glowacz: shows [4h 9c] (a pair of Fours)
glowacz collected 15 from main pot
*** SUMMARY ***
Total pot 65 Main pot 15. Side pot 50. | Rake 0 
Board [2d 4c Qs Kh 6s]
Seat 1: TIGANCIC (small blind) showed [Tc 9d] and lost with high card King
Seat 2: glowacz (big blind) showed [4h 9c] and won (15) with a pair of Fours
Seat 3: Mahu2021 (button) showed [9s Ac] and won (50) with high card Ace



PokerStars Hand #247525178966: Tournament #3683182899, $1.84+$0.16 USD Hold'em No Limit - Level II (15/30) - 2023/12/07 12:51:41 CET [2023/12/07 6:51:41 ET]
Table '3683182899 1' 3-max Seat #1 is the button
Seat 1: TIGANCIC (705 in chips) 
Seat 2: glowacz (15 in chips) 
Seat 3: Mahu2021 (780 in chips) 
glowacz: posts small blind 15 and is all-in
Mahu2021: posts big blind 30
*** HOLE CARDS ***
Dealt to Mahu2021 [Td 8h]
TIGANCIC: folds 
Uncalled bet (15) returned to Mahu2021
*** FLOP *** [Js 6c Kd]
*** TURN *** [Js 6c Kd] [Ac]
*** RIVER *** [Js 6c Kd Ac] [Ts]
*** SHOW DOWN ***
glowacz: shows [4h As] (a pair of Aces)
Mahu2021: shows [Td 8h] (a pair of Tens)
glowacz collected 30 from pot
*** SUMMARY ***
Total pot 30 | Rake 0 
Board [Js 6c Kd Ac Ts]
Seat 1: TIGANCIC (button) folded before Flop (didn't bet)
Seat 2: glowacz (small blind) showed [4h As] and won (30) with a pair of Aces
Seat 3: Mahu2021 (big blind) showed [Td 8h] and lost with a pair of Tens



PokerStars Hand #247525181062: Tournament #3683182899, $1.84+$0.16 USD Hold'em No Limit - Level II (15/30) - 2023/12/07 12:51:54 CET [2023/12/07 6:51:54 ET]
Table '3683182899 1' 3-max Seat #2 is the button
Seat 1: TIGANCIC (705 in chips) 
Seat 2: glowacz (30 in chips) 
Seat 3: Mahu2021 (765 in chips) 
Mahu2021: posts small blind 15
TIGANCIC: posts big blind 30
*** HOLE CARDS ***
Dealt to Mahu2021 [Qs Js]
glowacz: calls 30 and is all-in
Mahu2021: calls 15
TIGANCIC: checks 
*** FLOP *** [6h 5h 3d]
Mahu2021: checks 
TIGANCIC: checks 
*** TURN *** [6h 5h 3d] [3c]
Mahu2021: checks 
TIGANCIC: checks 
*** RIVER *** [6h 5h 3d 3c] [6c]
Mahu2021: checks 
TIGANCIC: checks 
*** SHOW DOWN ***
Mahu2021: shows [Qs Js] (two pair, Sixes and Threes)
TIGANCIC: mucks hand 
glowacz: shows [Tc Kd] (two pair, Sixes and Threes - King kicker)
glowacz collected 90 from pot
*** SUMMARY ***
Total pot 90 | Rake 0 
Board [6h 5h 3d 3c 6c]
Seat 1: TIGANCIC (big blind) mucked [2h Jh]
Seat 2: glowacz (button) showed [Tc Kd] and won (90) with two pair, Sixes and Threes
Seat 3: Mahu2021 (small blind) showed [Qs Js] and lost with two pair, Sixes and Threes



PokerStars Hand #247525184103: Tournament #3683182899, $1.84+$0.16 USD Hold'em No Limit - Level II (15/30) - 2023/12/07 12:52:12 CET [2023/12/07 6:52:12 ET]
Table '3683182899 1' 3-max Seat #3 is the button
Seat 1: TIGANCIC (675 in chips) 
Seat 2: glowacz (90 in chips) 
Seat 3: Mahu2021 (735 in chips) 
TIGANCIC: posts small blind 15
glowacz: posts big blind 30
*** HOLE CARDS ***
Dealt to Mahu2021 [3c 8c]
Mahu2021: folds 
TIGANCIC: folds 
Uncalled bet (15) returned to glowacz
glowacz collected 30 from pot
glowacz: doesn't show hand 
*** SUMMARY ***
Total pot 30 | Rake 0 
Seat 1: TIGANCIC (small blind) folded before Flop
Seat 2: glowacz (big blind) collected (30)
Seat 3: Mahu2021 (button) folded before Flop (didn't bet)



PokerStars Hand #247525184906: Tournament #3683182899, $1.84+$0.16 USD Hold'em No Limit - Level II (15/30) - 2023/12/07 12:52:17 CET [2023/12/07 6:52:17 ET]
Table '3683182899 1' 3-max Seat #1 is the button
Seat 1: TIGANCIC (660 in chips) 
Seat 2: glowacz (105 in chips) 
Seat 3: Mahu2021 (735 in chips) 
glowacz: posts small blind 15
Mahu2021: posts big blind 30
*** HOLE CARDS ***
Dealt to Mahu2021 [7d 7s]
TIGANCIC: raises 30 to 60
glowacz: raises 45 to 105 and is all-in
Mahu2021: folds 
TIGANCIC: calls 45
*** FLOP *** [Kd Ks 3s]
*** TURN *** [Kd Ks 3s] [9d]
*** RIVER *** [Kd Ks 3s 9d] [9h]
*** SHOW DOWN ***
glowacz: shows [8h Kh] (a full house, Kings full of Nines)
TIGANCIC: shows [Qh Jh] (two pair, Kings and Nines)
glowacz collected 240 from pot
*** SUMMARY ***
Total pot 240 | Rake 0 
Board [Kd Ks 3s 9d 9h]
Seat 1: TIGANCIC (button) showed [Qh Jh] and lost with two pair, Kings and Nines
Seat 2: glowacz (small blind) showed [8h Kh] and won (240) with a full house, Kings full of Nines
Seat 3: Mahu2021 (big blind) folded before Flop



PokerStars Hand #247525188147: Tournament #3683182899, $1.84+$0.16 USD Hold'em No Limit - Level II (15/30) - 2023/12/07 12:52:37 CET [2023/12/07 6:52:37 ET]
Table '3683182899 1' 3-max Seat #2 is the button
Seat 1: TIGANCIC (555 in chips) 
Seat 2: glowacz (240 in chips) 
Seat 3: Mahu2021 (705 in chips) 
Mahu2021: posts small blind 15
TIGANCIC: posts big blind 30
*** HOLE CARDS ***
Dealt to Mahu2021 [9c 4h]
glowacz: raises 210 to 240 and is all-in
Mahu2021: folds 
TIGANCIC: folds 
Uncalled bet (210) returned to glowacz
glowacz collected 75 from pot
glowacz: doesn't show hand 
*** SUMMARY ***
Total pot 75 | Rake 0 
Seat 1: TIGANCIC (big blind) folded before Flop
Seat 2: glowacz (button) collected (75)
Seat 3: Mahu2021 (small blind) folded before Flop



PokerStars Hand #247525189200: Tournament #3683182899, $1.84+$0.16 USD Hold'em No Limit - Level II (15/30) - 2023/12/07 12:52:43 CET [2023/12/07 6:52:43 ET]
Table '3683182899 1' 3-max Seat #3 is the button
Seat 1: TIGANCIC (525 in chips) 
Seat 2: glowacz (285 in chips) 
Seat 3: Mahu2021 (690 in chips) 
TIGANCIC: posts small blind 15
glowacz: posts big blind 30
*** HOLE CARDS ***
Dealt to Mahu2021 [Qs As]
Mahu2021: raises 60 to 90
TIGANCIC: folds 
glowacz: folds 
Uncalled bet (60) returned to Mahu2021
Mahu2021 collected 75 from pot
Mahu2021: doesn't show hand 
*** SUMMARY ***
Total pot 75 | Rake 0 
Seat 1: TIGANCIC (small blind) folded before Flop
Seat 2: glowacz (big blind) folded before Flop
Seat 3: Mahu2021 (button) collected (75)



PokerStars Hand #247525190831: Tournament #3683182899, $1.84+$0.16 USD Hold'em No Limit - Level II (15/30) - 2023/12/07 12:52:53 CET [2023/12/07 6:52:53 ET]
Table '3683182899 1' 3-max Seat #1 is the button
Seat 1: TIGANCIC (510 in chips) 
Seat 2: glowacz (255 in chips) 
Seat 3: Mahu2021 (735 in chips) 
glowacz: posts small blind 15
Mahu2021: posts big blind 30
*** HOLE CARDS ***
Dealt to Mahu2021 [5c Qh]
TIGANCIC: raises 30 to 60
glowacz: folds 
Mahu2021: calls 30
*** FLOP *** [3d 4c Qs]
Mahu2021: bets 135
TIGANCIC: folds 
Uncalled bet (135) returned to Mahu2021
Mahu2021 collected 135 from pot
Mahu2021: doesn't show hand 
*** SUMMARY ***
Total pot 135 | Rake 0 
Board [3d 4c Qs]
Seat 1: TIGANCIC (button) folded on the Flop
Seat 2: glowacz (small blind) folded before Flop
Seat 3: Mahu2021 (big blind) collected (135)



PokerStars Hand #247525193508: Tournament #3683182899, $1.84+$0.16 USD Hold'em No Limit - Level II (15/30) - 2023/12/07 12:53:09 CET [2023/12/07 6:53:09 ET]
Table '3683182899 1' 3-max Seat #2 is the button
Seat 1: TIGANCIC (450 in chips) 
Seat 2: glowacz (240 in chips) 
Seat 3: Mahu2021 (810 in chips) 
Mahu2021: posts small blind 15
TIGANCIC: posts big blind 30
*** HOLE CARDS ***
Dealt to Mahu2021 [4h Td]
glowacz: raises 210 to 240 and is all-in
Mahu2021: folds 
TIGANCIC: folds 
Uncalled bet (210) returned to glowacz
glowacz collected 75 from pot
glowacz: doesn't show hand 
*** SUMMARY ***
Total pot 75 | Rake 0 
Seat 1: TIGANCIC (big blind) folded before Flop
Seat 2: glowacz (button) collected (75)
Seat 3: Mahu2021 (small blind) folded before Flop



PokerStars Hand #247525194365: Tournament #3683182899, $1.84+$0.16 USD Hold'em No Limit - Level II (15/30) - 2023/12/07 12:53:14 CET [2023/12/07 6:53:14 ET]
Table '3683182899 1' 3-max Seat #3 is the button
Seat 1: TIGANCIC (420 in chips) 
Seat 2: glowacz (285 in chips) 
Seat 3: Mahu2021 (795 in chips) 
TIGANCIC: posts small blind 15
glowacz: posts big blind 30
*** HOLE CARDS ***
Dealt to Mahu2021 [Kd 6c]
Mahu2021: folds 
TIGANCIC: folds 
Uncalled bet (15) returned to glowacz
glowacz collected 30 from pot
glowacz: doesn't show hand 
*** SUMMARY ***
Total pot 30 | Rake 0 
Seat 1: TIGANCIC (small blind) folded before Flop
Seat 2: glowacz (big blind) collected (30)
Seat 3: Mahu2021 (button) folded before Flop (didn't bet)



PokerStars Hand #247525195288: Tournament #3683182899, $1.84+$0.16 USD Hold'em No Limit - Level II (15/30) - 2023/12/07 12:53:20 CET [2023/12/07 6:53:20 ET]
Table '3683182899 1' 3-max Seat #1 is the button
Seat 1: TIGANCIC (405 in chips) 
Seat 2: glowacz (300 in chips) 
Seat 3: Mahu2021 (795 in chips) 
glowacz: posts small blind 15
Mahu2021: posts big blind 30
*** HOLE CARDS ***
Dealt to Mahu2021 [2h Th]
TIGANCIC: folds 
glowacz: folds 
Uncalled bet (15) returned to Mahu2021
Mahu2021 collected 30 from pot
Mahu2021: doesn't show hand 
*** SUMMARY ***
Total pot 30 | Rake 0 
Seat 1: TIGANCIC (button) folded before Flop (didn't bet)
Seat 2: glowacz (small blind) folded before Flop
Seat 3: Mahu2021 (big blind) collected (30)



PokerStars Hand #247525196533: Tournament #3683182899, $1.84+$0.16 USD Hold'em No Limit - Level II (15/30) - 2023/12/07 12:53:27 CET [2023/12/07 6:53:27 ET]
Table '3683182899 1' 3-max Seat #2 is the button
Seat 1: TIGANCIC (405 in chips) 
Seat 2: glowacz (285 in chips) 
Seat 3: Mahu2021 (810 in chips) 
Mahu2021: posts small blind 15
TIGANCIC: posts big blind 30
*** HOLE CARDS ***
Dealt to Mahu2021 [9h Jc]
glowacz: folds 
Mahu2021: calls 15
TIGANCIC: checks 
*** FLOP *** [Qc 8d Ad]
Mahu2021: checks 
TIGANCIC: bets 30
Mahu2021: calls 30
*** TURN *** [Qc 8d Ad] [2s]
Mahu2021: checks 
TIGANCIC: checks 
*** RIVER *** [Qc 8d Ad 2s] [5c]
Mahu2021: checks 
TIGANCIC: checks 
*** SHOW DOWN ***
Mahu2021: shows [9h Jc] (high card Ace)
TIGANCIC: mucks hand 
Mahu2021 collected 120 from pot
*** SUMMARY ***
Total pot 120 | Rake 0 
Board [Qc 8d Ad 2s 5c]
Seat 1: TIGANCIC (big blind) mucked [4d 7s]
Seat 2: glowacz (button) folded before Flop (didn't bet)
Seat 3: Mahu2021 (small blind) showed [9h Jc] and won (120) with high card Ace



PokerStars Hand #247525201865: Tournament #3683182899, $1.84+$0.16 USD Hold'em No Limit - Level III (20/40) - 2023/12/07 12:54:00 CET [2023/12/07 6:54:00 ET]
Table '3683182899 1' 3-max Seat #3 is the button
Seat 1: TIGANCIC (345 in chips) 
Seat 2: glowacz (285 in chips) 
Seat 3: Mahu2021 (870 in chips) 
TIGANCIC: posts small blind 20
glowacz: posts big blind 40
*** HOLE CARDS ***
Dealt to Mahu2021 [4h 8s]
Mahu2021: folds 
TIGANCIC: raises 305 to 345 and is all-in
glowacz: folds 
Uncalled bet (305) returned to TIGANCIC
TIGANCIC collected 80 from pot
*** SUMMARY ***
Total pot 80 | Rake 0 
Seat 1: TIGANCIC (small blind) collected (80)
Seat 2: glowacz (big blind) folded before Flop
Seat 3: Mahu2021 (button) folded before Flop (didn't bet)



PokerStars Hand #247525203024: Tournament #3683182899, $1.84+$0.16 USD Hold'em No Limit - Level III (20/40) - 2023/12/07 12:54:07 CET [2023/12/07 6:54:07 ET]
Table '3683182899 1' 3-max Seat #1 is the button
Seat 1: TIGANCIC (385 in chips) 
Seat 2: glowacz (245 in chips) 
Seat 3: Mahu2021 (870 in chips) 
glowacz: posts small blind 20
Mahu2021: posts big blind 40
*** HOLE CARDS ***
Dealt to Mahu2021 [6h Ah]
TIGANCIC: folds 
glowacz: folds 
Uncalled bet (20) returned to Mahu2021
Mahu2021 collected 40 from pot
Mahu2021: doesn't show hand 
*** SUMMARY ***
Total pot 40 | Rake 0 
Seat 1: TIGANCIC (button) folded before Flop (didn't bet)
Seat 2: glowacz (small blind) folded before Flop
Seat 3: Mahu2021 (big blind) collected (40)



PokerStars Hand #247525203957: Tournament #3683182899, $1.84+$0.16 USD Hold'em No Limit - Level III (20/40) - 2023/12/07 12:54:13 CET [2023/12/07 6:54:13 ET]
Table '3683182899 1' 3-max Seat #2 is the button
Seat 1: TIGANCIC (385 in chips) 
Seat 2: glowacz (225 in chips) 
Seat 3: Mahu2021 (890 in chips) 
Mahu2021: posts small blind 20
TIGANCIC: posts big blind 40
*** HOLE CARDS ***
Dealt to Mahu2021 [3s Ah]
glowacz: raises 185 to 225 and is all-in
Mahu2021: folds 
TIGANCIC: folds 
Uncalled bet (185) returned to glowacz
glowacz collected 100 from pot
glowacz: doesn't show hand 
*** SUMMARY ***
Total pot 100 | Rake 0 
Seat 1: TIGANCIC (big blind) folded before Flop
Seat 2: glowacz (button) collected (100)
Seat 3: Mahu2021 (small blind) folded before Flop



PokerStars Hand #247525205890: Tournament #3683182899, $1.84+$0.16 USD Hold'em No Limit - Level III (20/40) - 2023/12/07 12:54:24 CET [2023/12/07 6:54:24 ET]
Table '3683182899 1' 3-max Seat #3 is the button
Seat 1: TIGANCIC (345 in chips) 
Seat 2: glowacz (285 in chips) 
Seat 3: Mahu2021 (870 in chips) 
TIGANCIC: posts small blind 20
glowacz: posts big blind 40
*** HOLE CARDS ***
Dealt to Mahu2021 [9s 8h]
Mahu2021: folds 
TIGANCIC: raises 305 to 345 and is all-in
glowacz: folds 
Uncalled bet (305) returned to TIGANCIC
TIGANCIC collected 80 from pot
*** SUMMARY ***
Total pot 80 | Rake 0 
Seat 1: TIGANCIC (small blind) collected (80)
Seat 2: glowacz (big blind) folded before Flop
Seat 3: Mahu2021 (button) folded before Flop (didn't bet)



PokerStars Hand #247525207195: Tournament #3683182899, $1.84+$0.16 USD Hold'em No Limit - Level III (20/40) - 2023/12/07 12:54:32 CET [2023/12/07 6:54:32 ET]
Table '3683182899 1' 3-max Seat #1 is the button
Seat 1: TIGANCIC (385 in chips) 
Seat 2: glowacz (245 in chips) 
Seat 3: Mahu2021 (870 in chips) 
glowacz: posts small blind 20
Mahu2021: posts big blind 40
*** HOLE CARDS ***
Dealt to Mahu2021 [2h Td]
TIGANCIC: raises 345 to 385 and is all-in
glowacz: folds 
Mahu2021: folds 
Uncalled bet (345) returned to TIGANCIC
TIGANCIC collected 100 from pot
*** SUMMARY ***
Total pot 100 | Rake 0 
Seat 1: TIGANCIC (button) collected (100)
Seat 2: glowacz (small blind) folded before Flop
Seat 3: Mahu2021 (big blind) folded before Flop



PokerStars Hand #247525209060: Tournament #3683182899, $1.84+$0.16 USD Hold'em No Limit - Level III (20/40) - 2023/12/07 12:54:44 CET [2023/12/07 6:54:44 ET]
Table '3683182899 1' 3-max Seat #2 is the button
Seat 1: TIGANCIC (445 in chips) 
Seat 2: glowacz (225 in chips) 
Seat 3: Mahu2021 (830 in chips) 
Mahu2021: posts small blind 20
TIGANCIC: posts big blind 40
*** HOLE CARDS ***
Dealt to Mahu2021 [2h 5s]
glowacz: folds 
Mahu2021: folds 
Uncalled bet (20) returned to TIGANCIC
TIGANCIC collected 40 from pot
*** SUMMARY ***
Total pot 40 | Rake 0 
Seat 1: TIGANCIC (big blind) collected (40)
Seat 2: glowacz (button) folded before Flop (didn't bet)
Seat 3: Mahu2021 (small blind) folded before Flop



PokerStars Hand #247525210118: Tournament #3683182899, $1.84+$0.16 USD Hold'em No Limit - Level III (20/40) - 2023/12/07 12:54:50 CET [2023/12/07 6:54:50 ET]
Table '3683182899 1' 3-max Seat #3 is the button
Seat 1: TIGANCIC (465 in chips) 
Seat 2: glowacz (225 in chips) 
Seat 3: Mahu2021 (810 in chips) 
TIGANCIC: posts small blind 20
glowacz: posts big blind 40
*** HOLE CARDS ***
Dealt to Mahu2021 [9c 8s]
Mahu2021: folds 
TIGANCIC: folds 
Uncalled bet (20) returned to glowacz
glowacz collected 40 from pot
glowacz: doesn't show hand 
*** SUMMARY ***
Total pot 40 | Rake 0 
Seat 1: TIGANCIC (small blind) folded before Flop
Seat 2: glowacz (big blind) collected (40)
Seat 3: Mahu2021 (button) folded before Flop (didn't bet)



PokerStars Hand #247525210923: Tournament #3683182899, $1.84+$0.16 USD Hold'em No Limit - Level III (20/40) - 2023/12/07 12:54:55 CET [2023/12/07 6:54:55 ET]
Table '3683182899 1' 3-max Seat #1 is the button
Seat 1: TIGANCIC (445 in chips) 
Seat 2: glowacz (245 in chips) 
Seat 3: Mahu2021 (810 in chips) 
glowacz: posts small blind 20
Mahu2021: posts big blind 40
*** HOLE CARDS ***
Dealt to Mahu2021 [5d Tc]
TIGANCIC: raises 40 to 80
glowacz: folds 
Mahu2021: folds 
Uncalled bet (40) returned to TIGANCIC
TIGANCIC collected 100 from pot
*** SUMMARY ***
Total pot 100 | Rake 0 
Seat 1: TIGANCIC (button) collected (100)
Seat 2: glowacz (small blind) folded before Flop
Seat 3: Mahu2021 (big blind) folded before Flop



PokerStars Hand #247525212658: Tournament #3683182899, $1.84+$0.16 USD Hold'em No Limit - Level III (20/40) - 2023/12/07 12:55:06 CET [2023/12/07 6:55:06 ET]
Table '3683182899 1' 3-max Seat #2 is the button
Seat 1: TIGANCIC (505 in chips) 
Seat 2: glowacz (225 in chips) 
Seat 3: Mahu2021 (770 in chips) 
Mahu2021: posts small blind 20
TIGANCIC: posts big blind 40
*** HOLE CARDS ***
Dealt to Mahu2021 [Ac 3h]
glowacz: folds 
Mahu2021: calls 20
TIGANCIC: checks 
*** FLOP *** [Th 4h Kc]
Mahu2021: bets 40
TIGANCIC: folds 
Uncalled bet (40) returned to Mahu2021
Mahu2021 collected 80 from pot
Mahu2021: doesn't show hand 
*** SUMMARY ***
Total pot 80 | Rake 0 
Board [Th 4h Kc]
Seat 1: TIGANCIC (big blind) folded on the Flop
Seat 2: glowacz (button) folded before Flop (didn't bet)
Seat 3: Mahu2021 (small blind) collected (80)



PokerStars Hand #247525215017: Tournament #3683182899, $1.84+$0.16 USD Hold'em No Limit - Level III (20/40) - 2023/12/07 12:55:23 CET [2023/12/07 6:55:23 ET]
Table '3683182899 1' 3-max Seat #3 is the button
Seat 1: TIGANCIC (465 in chips) 
Seat 2: glowacz (225 in chips) 
Seat 3: Mahu2021 (810 in chips) 
TIGANCIC: posts small blind 20
glowacz: posts big blind 40
*** HOLE CARDS ***
Dealt to Mahu2021 [Th Kc]
Mahu2021: raises 40 to 80
TIGANCIC: folds 
glowacz: raises 145 to 225 and is all-in
Mahu2021: calls 145
*** FLOP *** [6h 5s Td]
*** TURN *** [6h 5s Td] [9d]
*** RIVER *** [6h 5s Td 9d] [Ad]
*** SHOW DOWN ***
glowacz: shows [Tc Qs] (a pair of Tens)
Mahu2021: shows [Th Kc] (a pair of Tens - Ace+King kicker)
Mahu2021 collected 470 from pot
glowacz finished the tournament in 3rd place
*** SUMMARY ***
Total pot 470 | Rake 0 
Board [6h 5s Td 9d Ad]
Seat 1: TIGANCIC (small blind) folded before Flop
Seat 2: glowacz (big blind) showed [Tc Qs] and lost with a pair of Tens
Seat 3: Mahu2021 (button) showed [Th Kc] and won (470) with a pair of Tens



PokerStars Hand #247525217265: Tournament #3683182899, $1.84+$0.16 USD Hold'em No Limit - Level III (20/40) - 2023/12/07 12:55:40 CET [2023/12/07 6:55:40 ET]
Table '3683182899 1' 3-max Seat #1 is the button
Seat 1: TIGANCIC (445 in chips) 
Seat 3: Mahu2021 (1055 in chips) 
TIGANCIC: posts small blind 20
Mahu2021: posts big blind 40
*** HOLE CARDS ***
Dealt to Mahu2021 [2s 5h]
TIGANCIC: raises 405 to 445 and is all-in
Mahu2021: folds 
Uncalled bet (405) returned to TIGANCIC
TIGANCIC collected 80 from pot
*** SUMMARY ***
Total pot 80 | Rake 0 
Seat 1: TIGANCIC (button) (small blind) collected (80)
Seat 3: Mahu2021 (big blind) folded before Flop



PokerStars Hand #247525218151: Tournament #3683182899, $1.84+$0.16 USD Hold'em No Limit - Level III (20/40) - 2023/12/07 12:55:46 CET [2023/12/07 6:55:46 ET]
Table '3683182899 1' 3-max Seat #3 is the button
Seat 1: TIGANCIC (485 in chips) 
Seat 3: Mahu2021 (1015 in chips) 
Mahu2021: posts small blind 20
TIGANCIC: posts big blind 40
*** HOLE CARDS ***
Dealt to Mahu2021 [4c 4s]
Mahu2021: raises 975 to 1015 and is all-in
TIGANCIC: folds 
Uncalled bet (975) returned to Mahu2021
Mahu2021 collected 80 from pot
Mahu2021: doesn't show hand 
*** SUMMARY ***
Total pot 80 | Rake 0 
Seat 1: TIGANCIC (big blind) folded before Flop
Seat 3: Mahu2021 (button) (small blind) collected (80)



PokerStars Hand #247525219207: Tournament #3683182899, $1.84+$0.16 USD Hold'em No Limit - Level III (20/40) - 2023/12/07 12:55:54 CET [2023/12/07 6:55:54 ET]
Table '3683182899 1' 3-max Seat #1 is the button
Seat 1: TIGANCIC (445 in chips) 
Seat 3: Mahu2021 (1055 in chips) 
TIGANCIC: posts small blind 20
Mahu2021: posts big blind 40
*** HOLE CARDS ***
Dealt to Mahu2021 [9h Kd]
TIGANCIC: calls 20
Mahu2021: checks 
*** FLOP *** [6c 2s 7h]
Mahu2021: checks 
TIGANCIC: bets 40
Mahu2021: calls 40
*** TURN *** [6c 2s 7h] [5h]
Mahu2021: checks 
TIGANCIC: checks 
*** RIVER *** [6c 2s 7h 5h] [Qh]
Mahu2021: bets 80
TIGANCIC: folds 
Uncalled bet (80) returned to Mahu2021
Mahu2021 collected 160 from pot
Mahu2021: doesn't show hand 
*** SUMMARY ***
Total pot 160 | Rake 0 
Board [6c 2s 7h 5h Qh]
Seat 1: TIGANCIC (button) (small blind) folded on the River
Seat 3: Mahu2021 (big blind) collected (160)



PokerStars Hand #247525222494: Tournament #3683182899, $1.84+$0.16 USD Hold'em No Limit - Level III (20/40) - 2023/12/07 12:56:18 CET [2023/12/07 6:56:18 ET]
Table '3683182899 1' 3-max Seat #3 is the button
Seat 1: TIGANCIC (365 in chips) 
Seat 3: Mahu2021 (1135 in chips) 
Mahu2021: posts small blind 20
TIGANCIC: posts big blind 40
*** HOLE CARDS ***
Dealt to Mahu2021 [9s Qs]
Mahu2021: calls 20
TIGANCIC: checks 
*** FLOP *** [7s Ad 4h]
TIGANCIC: checks 
Mahu2021: bets 40
TIGANCIC: folds 
Uncalled bet (40) returned to Mahu2021
Mahu2021 collected 80 from pot
Mahu2021: doesn't show hand 
*** SUMMARY ***
Total pot 80 | Rake 0 
Board [7s Ad 4h]
Seat 1: TIGANCIC (big blind) folded on the Flop
Seat 3: Mahu2021 (button) (small blind) collected (80)



PokerStars Hand #247525225651: Tournament #3683182899, $1.84+$0.16 USD Hold'em No Limit - Level IV (30/60) - 2023/12/07 12:56:41 CET [2023/12/07 6:56:41 ET]
Table '3683182899 1' 3-max Seat #1 is the button
Seat 1: TIGANCIC (325 in chips) 
Seat 3: Mahu2021 (1175 in chips) 
TIGANCIC: posts small blind 30
Mahu2021: posts big blind 60
*** HOLE CARDS ***
Dealt to Mahu2021 [Ks 6c]
TIGANCIC: raises 265 to 325 and is all-in
Mahu2021: calls 265
*** FLOP *** [3c Qs Th]
*** TURN *** [3c Qs Th] [Qd]
*** RIVER *** [3c Qs Th Qd] [2d]
*** SHOW DOWN ***
Mahu2021: shows [Ks 6c] (a pair of Queens)
TIGANCIC: shows [5h Ah] (a pair of Queens - Ace kicker)
TIGANCIC collected 650 from pot
*** SUMMARY ***
Total pot 650 | Rake 0 
Board [3c Qs Th Qd 2d]
Seat 1: TIGANCIC (button) (small blind) showed [5h Ah] and won (650) with a pair of Queens
Seat 3: Mahu2021 (big blind) showed [Ks 6c] and lost with a pair of Queens



PokerStars Hand #247525227814: Tournament #3683182899, $1.84+$0.16 USD Hold'em No Limit - Level IV (30/60) - 2023/12/07 12:56:57 CET [2023/12/07 6:56:57 ET]
Table '3683182899 1' 3-max Seat #3 is the button
Seat 1: TIGANCIC (650 in chips) 
Seat 3: Mahu2021 (850 in chips) 
Mahu2021: posts small blind 30
TIGANCIC: posts big blind 60
*** HOLE CARDS ***
Dealt to Mahu2021 [Td Kd]
Mahu2021: raises 790 to 850 and is all-in
TIGANCIC: calls 590 and is all-in
Uncalled bet (200) returned to Mahu2021
*** FLOP *** [Ah 6c 7d]
*** TURN *** [Ah 6c 7d] [2d]
*** RIVER *** [Ah 6c 7d 2d] [8d]
*** SHOW DOWN ***
TIGANCIC: shows [Ks Jd] (high card Ace)
Mahu2021: shows [Td Kd] (a flush, King high)
Mahu2021 collected 1300 from pot
TIGANCIC finished the tournament in 2nd place
Mahu2021 wins the tournament and receives $6.00 - congratulations!
*** SUMMARY ***
Total pot 1300 | Rake 0 
Board [Ah 6c 7d 2d 8d]
Seat 1: TIGANCIC (big blind) showed [Ks Jd] and lost with high card Ace
Seat 3: Mahu2021 (button) (small blind) showed [Td Kd] and won (1300) with a flush, King high



