PokerStars Hand #249718833174: Tournament #3735851775, $1.84+$0.16 USD Hold'em No Limit - Level I (10/20) - 2024/03/31 10:11:19 CET [2024/03/31 4:11:19 ET]
Table '3735851775 1' 3-max Seat #1 is the button
Seat 1: Gene3435 (500 in chips) 
Seat 2: Yernur97 (500 in chips) 
Seat 3: Mahu2021 (500 in chips) 
Yernur97: posts small blind 10
Mahu2021: posts big blind 20
*** HOLE CARDS ***
Dealt to Mahu2021 [5h Js]
Gene3435: calls 20
Yernur97: calls 10
Mahu2021: checks 
*** FLOP *** [Qh 6h Th]
Yernur97: bets 20
Mahu2021: folds 
Gene3435: calls 20
*** TURN *** [Qh 6h Th] [2s]
Yernur97: bets 20
Gene3435: raises 70 to 90
Yernur97: calls 70
*** RIVER *** [Qh 6h Th 2s] [Kh]
Yernur97: bets 370 and is all-in
Gene3435: calls 370 and is all-in
*** SHOW DOWN ***
Yernur97: shows [2h Jc] (a flush, King high)
Gene3435: shows [Jh Qs] (a flush, King high - Jack higher)
Gene3435 collected 1020 from pot
Yernur97 finished the tournament in 3rd place
*** SUMMARY ***
Total pot 1020 | Rake 0 
Board [Qh 6h Th 2s Kh]
Seat 1: Gene3435 (button) showed [Jh Qs] and won (1020) with a flush, King high
Seat 2: Yernur97 (small blind) showed [2h Jc] and lost with a flush, King high
Seat 3: Mahu2021 (big blind) folded on the Flop



PokerStars Hand #249718836670: Tournament #3735851775, $1.84+$0.16 USD Hold'em No Limit - Level I (10/20) - 2024/03/31 10:11:52 CET [2024/03/31 4:11:52 ET]
Table '3735851775 1' 3-max Seat #3 is the button
Seat 1: Gene3435 (1020 in chips) 
Seat 3: Mahu2021 (480 in chips) 
Mahu2021: posts small blind 10
Gene3435: posts big blind 20
*** HOLE CARDS ***
Dealt to Mahu2021 [Jh 7d]
Mahu2021: calls 10
Gene3435: checks 
*** FLOP *** [4d 6c Ah]
Gene3435: checks 
Mahu2021: checks 
*** TURN *** [4d 6c Ah] [2d]
Gene3435: bets 20
Mahu2021: folds 
Uncalled bet (20) returned to Gene3435
Gene3435 collected 40 from pot
*** SUMMARY ***
Total pot 40 | Rake 0 
Board [4d 6c Ah 2d]
Seat 1: Gene3435 (big blind) collected (40)
Seat 3: Mahu2021 (button) (small blind) folded on the Turn



PokerStars Hand #249718838566: Tournament #3735851775, $1.84+$0.16 USD Hold'em No Limit - Level I (10/20) - 2024/03/31 10:12:10 CET [2024/03/31 4:12:10 ET]
Table '3735851775 1' 3-max Seat #1 is the button
Seat 1: Gene3435 (1040 in chips) 
Seat 3: Mahu2021 (460 in chips) 
Gene3435: posts small blind 10
Mahu2021: posts big blind 20
*** HOLE CARDS ***
Dealt to Mahu2021 [Tc 6c]
Gene3435: calls 10
Mahu2021: checks 
*** FLOP *** [7c 6s Ac]
Mahu2021: bets 40
Gene3435: calls 40
*** TURN *** [7c 6s Ac] [Ad]
Mahu2021: bets 40
Gene3435: calls 40
*** RIVER *** [7c 6s Ac Ad] [Ks]
Mahu2021: checks 
Gene3435: checks 
*** SHOW DOWN ***
Mahu2021: shows [Tc 6c] (two pair, Aces and Sixes)
Gene3435: shows [6h Td] (two pair, Aces and Sixes)
Mahu2021 collected 100 from pot
Gene3435 collected 100 from pot
*** SUMMARY ***
Total pot 200 | Rake 0 
Board [7c 6s Ac Ad Ks]
Seat 1: Gene3435 (button) (small blind) showed [6h Td] and won (100) with two pair, Aces and Sixes
Seat 3: Mahu2021 (big blind) showed [Tc 6c] and won (100) with two pair, Aces and Sixes



PokerStars Hand #249718841042: Tournament #3735851775, $1.84+$0.16 USD Hold'em No Limit - Level I (10/20) - 2024/03/31 10:12:33 CET [2024/03/31 4:12:33 ET]
Table '3735851775 1' 3-max Seat #3 is the button
Seat 1: Gene3435 (1040 in chips) 
Seat 3: Mahu2021 (460 in chips) 
Mahu2021: posts small blind 10
Gene3435: posts big blind 20
*** HOLE CARDS ***
Dealt to Mahu2021 [Ac 3h]
Mahu2021: raises 20 to 40
Gene3435: calls 20
*** FLOP *** [Jc 7h 5h]
Gene3435: checks 
Mahu2021: checks 
*** TURN *** [Jc 7h 5h] [6c]
Gene3435: bets 40
Mahu2021: folds 
Uncalled bet (40) returned to Gene3435
Gene3435 collected 80 from pot
*** SUMMARY ***
Total pot 80 | Rake 0 
Board [Jc 7h 5h 6c]
Seat 1: Gene3435 (big blind) collected (80)
Seat 3: Mahu2021 (button) (small blind) folded on the Turn



PokerStars Hand #249718842876: Tournament #3735851775, $1.84+$0.16 USD Hold'em No Limit - Level I (10/20) - 2024/03/31 10:12:51 CET [2024/03/31 4:12:51 ET]
Table '3735851775 1' 3-max Seat #1 is the button
Seat 1: Gene3435 (1080 in chips) 
Seat 3: Mahu2021 (420 in chips) 
Gene3435: posts small blind 10
Mahu2021: posts big blind 20
*** HOLE CARDS ***
Dealt to Mahu2021 [3s Qs]
Gene3435: calls 10
Mahu2021: checks 
*** FLOP *** [3d 8h 2d]
Mahu2021: checks 
Gene3435: checks 
*** TURN *** [3d 8h 2d] [Ah]
Mahu2021: checks 
Gene3435: checks 
*** RIVER *** [3d 8h 2d Ah] [8c]
Mahu2021: bets 40
Gene3435: calls 40
*** SHOW DOWN ***
Mahu2021: shows [3s Qs] (two pair, Eights and Threes)
Gene3435: mucks hand 
Mahu2021 collected 120 from pot
*** SUMMARY ***
Total pot 120 | Rake 0 
Board [3d 8h 2d Ah 8c]
Seat 1: Gene3435 (button) (small blind) mucked [Jh Th]
Seat 3: Mahu2021 (big blind) showed [3s Qs] and won (120) with two pair, Eights and Threes



PokerStars Hand #249718845055: Tournament #3735851775, $1.84+$0.16 USD Hold'em No Limit - Level I (10/20) - 2024/03/31 10:13:11 CET [2024/03/31 4:13:11 ET]
Table '3735851775 1' 3-max Seat #3 is the button
Seat 1: Gene3435 (1020 in chips) 
Seat 3: Mahu2021 (480 in chips) 
Mahu2021: posts small blind 10
Gene3435: posts big blind 20
*** HOLE CARDS ***
Dealt to Mahu2021 [5c 9c]
Mahu2021: calls 10
Gene3435: raises 80 to 100
Mahu2021: folds 
Uncalled bet (80) returned to Gene3435
Gene3435 collected 40 from pot
*** SUMMARY ***
Total pot 40 | Rake 0 
Seat 1: Gene3435 (big blind) collected (40)
Seat 3: Mahu2021 (button) (small blind) folded before Flop



PokerStars Hand #249718846378: Tournament #3735851775, $1.84+$0.16 USD Hold'em No Limit - Level II (15/30) - 2024/03/31 10:13:23 CET [2024/03/31 4:13:23 ET]
Table '3735851775 1' 3-max Seat #1 is the button
Seat 1: Gene3435 (1040 in chips) 
Seat 3: Mahu2021 (460 in chips) 
Gene3435: posts small blind 15
Mahu2021: posts big blind 30
*** HOLE CARDS ***
Dealt to Mahu2021 [7d Jc]
Gene3435: raises 90 to 120
Mahu2021: folds 
Uncalled bet (90) returned to Gene3435
Gene3435 collected 60 from pot
*** SUMMARY ***
Total pot 60 | Rake 0 
Seat 1: Gene3435 (button) (small blind) collected (60)
Seat 3: Mahu2021 (big blind) folded before Flop



PokerStars Hand #249718847192: Tournament #3735851775, $1.84+$0.16 USD Hold'em No Limit - Level II (15/30) - 2024/03/31 10:13:31 CET [2024/03/31 4:13:31 ET]
Table '3735851775 1' 3-max Seat #3 is the button
Seat 1: Gene3435 (1070 in chips) 
Seat 3: Mahu2021 (430 in chips) 
Mahu2021: posts small blind 15
Gene3435: posts big blind 30
*** HOLE CARDS ***
Dealt to Mahu2021 [5c 6s]
Mahu2021: raises 30 to 60
Gene3435: calls 30
*** FLOP *** [Ts 4c Ah]
Gene3435: checks 
Mahu2021: bets 60
Gene3435: folds 
Uncalled bet (60) returned to Mahu2021
Mahu2021 collected 120 from pot
Mahu2021: doesn't show hand 
*** SUMMARY ***
Total pot 120 | Rake 0 
Board [Ts 4c Ah]
Seat 1: Gene3435 (big blind) folded on the Flop
Seat 3: Mahu2021 (button) (small blind) collected (120)



PokerStars Hand #249718848770: Tournament #3735851775, $1.84+$0.16 USD Hold'em No Limit - Level II (15/30) - 2024/03/31 10:13:46 CET [2024/03/31 4:13:46 ET]
Table '3735851775 1' 3-max Seat #1 is the button
Seat 1: Gene3435 (1010 in chips) 
Seat 3: Mahu2021 (490 in chips) 
Gene3435: posts small blind 15
Mahu2021: posts big blind 30
*** HOLE CARDS ***
Dealt to Mahu2021 [Ad Ks]
Gene3435: calls 15
Mahu2021: raises 120 to 150
Gene3435: raises 860 to 1010 and is all-in
Mahu2021: calls 340 and is all-in
Uncalled bet (520) returned to Gene3435
*** FLOP *** [9h Jc 2s]
*** TURN *** [9h Jc 2s] [5c]
*** RIVER *** [9h Jc 2s 5c] [7c]
*** SHOW DOWN ***
Mahu2021: shows [Ad Ks] (high card Ace)
Gene3435: shows [Ac 9c] (a flush, Ace high)
Gene3435 collected 980 from pot
Mahu2021 finished the tournament in 2nd place
Gene3435 wins the tournament and receives $4.00 - congratulations!
*** SUMMARY ***
Total pot 980 | Rake 0 
Board [9h Jc 2s 5c 7c]
Seat 1: Gene3435 (button) (small blind) showed [Ac 9c] and won (980) with a flush, Ace high
Seat 3: Mahu2021 (big blind) showed [Ad Ks] and lost with high card Ace



