PokerStars Hand #255842031788: Tournament #3881182734, $10.27+$0.73 USD Hold'em No Limit - Level I (40/80) - 2025/04/22 15:34:58 CET [2025/04/22 9:34:58 ET]
Table '3881182734 7' 8-max Seat #1 is the button
Seat 1: VitaliiHladysh (10000 in chips) 
Seat 2: I_am_Carlinho (10000 in chips) 
Seat 3: Mahu2021 (10000 in chips) 
Seat 4: BielzadaXesq (10000 in chips) is sitting out
Seat 5: boscz (10000 in chips) 
Seat 6: wile167 (10000 in chips) 
Seat 7: Don Juan3009 (10000 in chips) 
VitaliiHladysh: posts the ante 8
I_am_Carlinho: posts the ante 8
Mahu2021: posts the ante 8
BielzadaXesq: posts the ante 8
boscz: posts the ante 8
wile167: posts the ante 8
Don Juan3009: posts the ante 8
I_am_Carlinho: posts small blind 40
Mahu2021: posts big blind 80
*** HOLE CARDS ***
Dealt to Mahu2021 [7c Kd]
BielzadaXesq: folds 
boscz: folds 
wile167: folds 
Don Juan3009: calls 80
VitaliiHladysh: calls 80
I_am_Carlinho: calls 40
Mahu2021: checks 
*** FLOP *** [Qs Ts Qd]
I_am_Carlinho: checks 
Mahu2021: checks 
Don Juan3009: bets 240
VitaliiHladysh: folds 
I_am_Carlinho: folds 
Mahu2021: folds 
Uncalled bet (240) returned to Don Juan3009
Don Juan3009 collected 376 from pot
*** SUMMARY ***
Total pot 376 | Rake 0 
Board [Qs Ts Qd]
Seat 1: VitaliiHladysh (button) folded on the Flop
Seat 2: I_am_Carlinho (small blind) folded on the Flop
Seat 3: Mahu2021 (big blind) folded on the Flop
Seat 4: BielzadaXesq folded before Flop (didn't bet)
Seat 5: boscz folded before Flop (didn't bet)
Seat 6: wile167 folded before Flop (didn't bet)
Seat 7: Don Juan3009 collected (376)



PokerStars Hand #255842040312: Tournament #3881182734, $10.27+$0.73 USD Hold'em No Limit - Level I (40/80) - 2025/04/22 15:35:55 CET [2025/04/22 9:35:55 ET]
Table '3881182734 7' 8-max Seat #2 is the button
Seat 1: VitaliiHladysh (9912 in chips) 
Seat 2: I_am_Carlinho (9912 in chips) 
Seat 3: Mahu2021 (9912 in chips) 
Seat 4: BielzadaXesq (9992 in chips) is sitting out
Seat 5: boscz (9992 in chips) 
Seat 6: wile167 (9992 in chips) 
Seat 7: Don Juan3009 (10288 in chips) 
Seat 8: Tom.Whitehouse (10000 in chips) 
VitaliiHladysh: posts the ante 8
I_am_Carlinho: posts the ante 8
Mahu2021: posts the ante 8
BielzadaXesq: posts the ante 8
boscz: posts the ante 8
wile167: posts the ante 8
Don Juan3009: posts the ante 8
Tom.Whitehouse: posts the ante 8
Mahu2021: posts small blind 40
BielzadaXesq: posts big blind 80
*** HOLE CARDS ***
Dealt to Mahu2021 [6d Qd]
boscz: folds 
wile167: raises 80 to 160
Don Juan3009: calls 160
Tom.Whitehouse: calls 160
VitaliiHladysh: raises 744 to 904
I_am_Carlinho: folds 
Mahu2021: folds 
BielzadaXesq: folds 
wile167: calls 744
Don Juan3009: folds 
Tom.Whitehouse: folds 
*** FLOP *** [5c 4c 9c]
wile167: checks 
VitaliiHladysh: bets 1076
wile167: folds 
Uncalled bet (1076) returned to VitaliiHladysh
VitaliiHladysh collected 2312 from pot
*** SUMMARY ***
Total pot 2312 | Rake 0 
Board [5c 4c 9c]
Seat 1: VitaliiHladysh collected (2312)
Seat 2: I_am_Carlinho (button) folded before Flop (didn't bet)
Seat 3: Mahu2021 (small blind) folded before Flop
Seat 4: BielzadaXesq (big blind) folded before Flop
Seat 5: boscz folded before Flop (didn't bet)
Seat 6: wile167 folded on the Flop
Seat 7: Don Juan3009 folded before Flop
Seat 8: Tom.Whitehouse folded before Flop



PokerStars Hand #255842047255: Tournament #3881182734, $10.27+$0.73 USD Hold'em No Limit - Level I (40/80) - 2025/04/22 15:36:41 CET [2025/04/22 9:36:41 ET]
Table '3881182734 7' 8-max Seat #3 is the button
Seat 1: VitaliiHladysh (11312 in chips) 
Seat 2: I_am_Carlinho (9904 in chips) 
Seat 3: Mahu2021 (9864 in chips) 
Seat 4: BielzadaXesq (9904 in chips) is sitting out
Seat 5: boscz (9984 in chips) 
Seat 6: wile167 (9080 in chips) 
Seat 7: Don Juan3009 (10120 in chips) 
Seat 8: Tom.Whitehouse (9832 in chips) 
VitaliiHladysh: posts the ante 8
I_am_Carlinho: posts the ante 8
Mahu2021: posts the ante 8
BielzadaXesq: posts the ante 8
boscz: posts the ante 8
wile167: posts the ante 8
Don Juan3009: posts the ante 8
Tom.Whitehouse: posts the ante 8
BielzadaXesq: posts small blind 40
boscz: posts big blind 80
*** HOLE CARDS ***
Dealt to Mahu2021 [8c 3d]
wile167: folds 
Don Juan3009: folds 
Tom.Whitehouse: folds 
VitaliiHladysh: raises 160 to 240
I_am_Carlinho: raises 560 to 800
Mahu2021: folds 
BielzadaXesq: folds 
boscz: calls 720
VitaliiHladysh: calls 560
*** FLOP *** [3c 2h Qh]
boscz: checks 
VitaliiHladysh: checks 
I_am_Carlinho: bets 1092
boscz: folds 
VitaliiHladysh: calls 1092
*** TURN *** [3c 2h Qh] [Qd]
VitaliiHladysh: checks 
I_am_Carlinho: checks 
*** RIVER *** [3c 2h Qh Qd] [6h]
VitaliiHladysh: checks 
I_am_Carlinho: checks 
*** SHOW DOWN ***
VitaliiHladysh: shows [Tc Th] (two pair, Queens and Tens)
I_am_Carlinho: mucks hand 
VitaliiHladysh collected 4688 from pot
*** SUMMARY ***
Total pot 4688 | Rake 0 
Board [3c 2h Qh Qd 6h]
Seat 1: VitaliiHladysh showed [Tc Th] and won (4688) with two pair, Queens and Tens
Seat 2: I_am_Carlinho mucked [8h 8d]
Seat 3: Mahu2021 (button) folded before Flop (didn't bet)
Seat 4: BielzadaXesq (small blind) folded before Flop
Seat 5: boscz (big blind) folded on the Flop
Seat 6: wile167 folded before Flop (didn't bet)
Seat 7: Don Juan3009 folded before Flop (didn't bet)
Seat 8: Tom.Whitehouse folded before Flop (didn't bet)



PokerStars Hand #255842058887: Tournament #3881182734, $10.27+$0.73 USD Hold'em No Limit - Level I (40/80) - 2025/04/22 15:37:59 CET [2025/04/22 9:37:59 ET]
Table '3881182734 7' 8-max Seat #4 is the button
Seat 1: VitaliiHladysh (14100 in chips) 
Seat 2: I_am_Carlinho (8004 in chips) 
Seat 3: Mahu2021 (9856 in chips) 
Seat 4: BielzadaXesq (9856 in chips) is sitting out
Seat 5: boscz (9176 in chips) 
Seat 6: wile167 (9072 in chips) 
Seat 7: Don Juan3009 (10112 in chips) 
Seat 8: Tom.Whitehouse (9824 in chips) 
VitaliiHladysh: posts the ante 8
I_am_Carlinho: posts the ante 8
Mahu2021: posts the ante 8
BielzadaXesq: posts the ante 8
boscz: posts the ante 8
wile167: posts the ante 8
Don Juan3009: posts the ante 8
Tom.Whitehouse: posts the ante 8
boscz: posts small blind 40
wile167: posts big blind 80
*** HOLE CARDS ***
Dealt to Mahu2021 [Qh Jc]
Don Juan3009: folds 
Tom.Whitehouse: folds 
VitaliiHladysh: calls 80
I_am_Carlinho: folds 
Mahu2021: calls 80
BielzadaXesq: folds 
boscz: calls 40
wile167: raises 400 to 480
VitaliiHladysh: calls 400
Mahu2021: calls 400
boscz: folds 
*** FLOP *** [Kd Td 7s]
wile167: bets 480
VitaliiHladysh: folds 
Mahu2021: calls 480
*** TURN *** [Kd Td 7s] [Jh]
wile167: bets 1200
Mahu2021: calls 1200
*** RIVER *** [Kd Td 7s Jh] [4d]
wile167: bets 3461
Mahu2021: folds 
Uncalled bet (3461) returned to wile167
wile167 collected 4944 from pot
wile167: doesn't show hand 
*** SUMMARY ***
Total pot 4944 | Rake 0 
Board [Kd Td 7s Jh 4d]
Seat 1: VitaliiHladysh folded on the Flop
Seat 2: I_am_Carlinho folded before Flop (didn't bet)
Seat 3: Mahu2021 folded on the River
Seat 4: BielzadaXesq (button) folded before Flop (didn't bet)
Seat 5: boscz (small blind) folded before Flop
Seat 6: wile167 (big blind) collected (4944)
Seat 7: Don Juan3009 folded before Flop (didn't bet)
Seat 8: Tom.Whitehouse folded before Flop (didn't bet)



PokerStars Hand #255842067100: Tournament #3881182734, $10.27+$0.73 USD Hold'em No Limit - Level I (40/80) - 2025/04/22 15:38:53 CET [2025/04/22 9:38:53 ET]
Table '3881182734 7' 8-max Seat #5 is the button
Seat 1: VitaliiHladysh (13612 in chips) 
Seat 2: I_am_Carlinho (7996 in chips) 
Seat 3: Mahu2021 (7688 in chips) 
Seat 4: BielzadaXesq (9848 in chips) is sitting out
Seat 5: boscz (9088 in chips) 
Seat 6: wile167 (11848 in chips) 
Seat 7: Don Juan3009 (10104 in chips) 
Seat 8: Tom.Whitehouse (9816 in chips) 
VitaliiHladysh: posts the ante 8
I_am_Carlinho: posts the ante 8
Mahu2021: posts the ante 8
BielzadaXesq: posts the ante 8
boscz: posts the ante 8
wile167: posts the ante 8
Don Juan3009: posts the ante 8
Tom.Whitehouse: posts the ante 8
wile167: posts small blind 40
Don Juan3009: posts big blind 80
*** HOLE CARDS ***
Dealt to Mahu2021 [Qc 6c]
Tom.Whitehouse: folds 
VitaliiHladysh: raises 80 to 160
I_am_Carlinho: calls 160
Mahu2021: folds 
BielzadaXesq: folds 
boscz: folds 
wile167: folds 
Don Juan3009: calls 80
*** FLOP *** [3s 7s 6d]
Don Juan3009: checks 
VitaliiHladysh: bets 212
I_am_Carlinho: folds 
Don Juan3009: calls 212
*** TURN *** [3s 7s 6d] [8d]
Don Juan3009: checks 
VitaliiHladysh: bets 504
Don Juan3009: calls 504
*** RIVER *** [3s 7s 6d 8d] [Ac]
Don Juan3009: checks 
VitaliiHladysh: bets 1856
Don Juan3009: folds 
Uncalled bet (1856) returned to VitaliiHladysh
VitaliiHladysh collected 2016 from pot
*** SUMMARY ***
Total pot 2016 | Rake 0 
Board [3s 7s 6d 8d Ac]
Seat 1: VitaliiHladysh collected (2016)
Seat 2: I_am_Carlinho folded on the Flop
Seat 3: Mahu2021 folded before Flop (didn't bet)
Seat 4: BielzadaXesq folded before Flop (didn't bet)
Seat 5: boscz (button) folded before Flop (didn't bet)
Seat 6: wile167 (small blind) folded before Flop
Seat 7: Don Juan3009 (big blind) folded on the River
Seat 8: Tom.Whitehouse folded before Flop (didn't bet)



PokerStars Hand #255842078917: Tournament #3881182734, $10.27+$0.73 USD Hold'em No Limit - Level II (50/100) - 2025/04/22 15:40:11 CET [2025/04/22 9:40:11 ET]
Table '3881182734 7' 8-max Seat #6 is the button
Seat 1: VitaliiHladysh (14744 in chips) 
Seat 2: I_am_Carlinho (7828 in chips) 
Seat 3: Mahu2021 (7680 in chips) 
Seat 4: BielzadaXesq (9840 in chips) is sitting out
Seat 5: boscz (9080 in chips) 
Seat 6: wile167 (11800 in chips) 
Seat 7: Don Juan3009 (9220 in chips) 
Seat 8: Tom.Whitehouse (9808 in chips) 
VitaliiHladysh: posts the ante 10
I_am_Carlinho: posts the ante 10
Mahu2021: posts the ante 10
BielzadaXesq: posts the ante 10
boscz: posts the ante 10
wile167: posts the ante 10
Don Juan3009: posts the ante 10
Tom.Whitehouse: posts the ante 10
Don Juan3009: posts small blind 50
Tom.Whitehouse: posts big blind 100
*** HOLE CARDS ***
Dealt to Mahu2021 [Jd 5d]
VitaliiHladysh: folds 
I_am_Carlinho: folds 
Mahu2021: folds 
BielzadaXesq: folds 
boscz: raises 100 to 200
wile167: folds 
Don Juan3009: calls 150
Tom.Whitehouse: calls 100
*** FLOP *** [5c 6d Td]
Don Juan3009: checks 
Tom.Whitehouse: checks 
boscz: checks 
*** TURN *** [5c 6d Td] [As]
Don Juan3009: checks 
Tom.Whitehouse: bets 340
boscz: calls 340
Don Juan3009: raises 440 to 780
Tom.Whitehouse: folds 
boscz: calls 440
*** RIVER *** [5c 6d Td As] [7c]
Don Juan3009: checks 
boscz: checks 
*** SHOW DOWN ***
Don Juan3009: shows [6s 6c] (three of a kind, Sixes)
boscz: mucks hand 
Don Juan3009 collected 2580 from pot
*** SUMMARY ***
Total pot 2580 | Rake 0 
Board [5c 6d Td As 7c]
Seat 1: VitaliiHladysh folded before Flop (didn't bet)
Seat 2: I_am_Carlinho folded before Flop (didn't bet)
Seat 3: Mahu2021 folded before Flop (didn't bet)
Seat 4: BielzadaXesq folded before Flop (didn't bet)
Seat 5: boscz mucked [Kh Ac]
Seat 6: wile167 (button) folded before Flop (didn't bet)
Seat 7: Don Juan3009 (small blind) showed [6s 6c] and won (2580) with three of a kind, Sixes
Seat 8: Tom.Whitehouse (big blind) folded on the Turn



PokerStars Hand #255842087153: Tournament #3881182734, $10.27+$0.73 USD Hold'em No Limit - Level II (50/100) - 2025/04/22 15:41:05 CET [2025/04/22 9:41:05 ET]
Table '3881182734 7' 8-max Seat #7 is the button
Seat 1: VitaliiHladysh (14734 in chips) 
Seat 2: I_am_Carlinho (7818 in chips) 
Seat 3: Mahu2021 (7670 in chips) 
Seat 4: BielzadaXesq (9830 in chips) is sitting out
Seat 5: boscz (8090 in chips) 
Seat 6: wile167 (11790 in chips) 
Seat 7: Don Juan3009 (10810 in chips) 
Seat 8: Tom.Whitehouse (9258 in chips) 
VitaliiHladysh: posts the ante 10
I_am_Carlinho: posts the ante 10
Mahu2021: posts the ante 10
BielzadaXesq: posts the ante 10
boscz: posts the ante 10
wile167: posts the ante 10
Don Juan3009: posts the ante 10
Tom.Whitehouse: posts the ante 10
Tom.Whitehouse: posts small blind 50
VitaliiHladysh: posts big blind 100
*** HOLE CARDS ***
Dealt to Mahu2021 [7h 9c]
I_am_Carlinho: calls 100
Mahu2021: folds 
BielzadaXesq: folds 
boscz: folds 
wile167: folds 
Don Juan3009: calls 100
Tom.Whitehouse: calls 50
VitaliiHladysh: checks 
*** FLOP *** [9d Ts 9s]
Tom.Whitehouse: checks 
VitaliiHladysh: checks 
I_am_Carlinho: checks 
Don Juan3009: checks 
*** TURN *** [9d Ts 9s] [9h]
Tom.Whitehouse: checks 
VitaliiHladysh: checks 
I_am_Carlinho: checks 
Don Juan3009: checks 
*** RIVER *** [9d Ts 9s 9h] [6d]
Tom.Whitehouse: checks 
VitaliiHladysh: checks 
I_am_Carlinho: checks 
Don Juan3009: checks 
*** SHOW DOWN ***
Tom.Whitehouse: shows [2d Jd] (three of a kind, Nines)
VitaliiHladysh: shows [Jc 5c] (three of a kind, Nines)
I_am_Carlinho: mucks hand 
Don Juan3009: shows [Kh 8h] (three of a kind, Nines - King kicker)
Don Juan3009 collected 480 from pot
*** SUMMARY ***
Total pot 480 | Rake 0 
Board [9d Ts 9s 9h 6d]
Seat 1: VitaliiHladysh (big blind) showed [Jc 5c] and lost with three of a kind, Nines
Seat 2: I_am_Carlinho mucked [5s 2s]
Seat 3: Mahu2021 folded before Flop (didn't bet)
Seat 4: BielzadaXesq folded before Flop (didn't bet)
Seat 5: boscz folded before Flop (didn't bet)
Seat 6: wile167 folded before Flop (didn't bet)
Seat 7: Don Juan3009 (button) showed [Kh 8h] and won (480) with three of a kind, Nines
Seat 8: Tom.Whitehouse (small blind) showed [2d Jd] and lost with three of a kind, Nines



PokerStars Hand #255842099457: Tournament #3881182734, $10.27+$0.73 USD Hold'em No Limit - Level II (50/100) - 2025/04/22 15:42:24 CET [2025/04/22 9:42:24 ET]
Table '3881182734 7' 8-max Seat #8 is the button
Seat 1: VitaliiHladysh (14624 in chips) 
Seat 2: I_am_Carlinho (7708 in chips) 
Seat 3: Mahu2021 (7660 in chips) 
Seat 4: BielzadaXesq (9820 in chips) is sitting out
Seat 5: boscz (8080 in chips) 
Seat 6: wile167 (11780 in chips) 
Seat 7: Don Juan3009 (11180 in chips) 
Seat 8: Tom.Whitehouse (9148 in chips) 
VitaliiHladysh: posts the ante 10
I_am_Carlinho: posts the ante 10
Mahu2021: posts the ante 10
BielzadaXesq: posts the ante 10
boscz: posts the ante 10
wile167: posts the ante 10
Don Juan3009: posts the ante 10
Tom.Whitehouse: posts the ante 10
VitaliiHladysh: posts small blind 50
I_am_Carlinho: posts big blind 100
*** HOLE CARDS ***
Dealt to Mahu2021 [Kd Qd]
Mahu2021: raises 100 to 200
BielzadaXesq: folds 
boscz: folds 
wile167: raises 500 to 700
Don Juan3009: folds 
Tom.Whitehouse: calls 700
VitaliiHladysh: folds 
I_am_Carlinho: folds 
Mahu2021: folds 
*** FLOP *** [5c As Kh]
wile167: bets 549
Tom.Whitehouse: calls 549
*** TURN *** [5c As Kh] [8s]
wile167: bets 2050
Tom.Whitehouse: folds 
Uncalled bet (2050) returned to wile167
wile167 collected 2928 from pot
wile167: doesn't show hand 
*** SUMMARY ***
Total pot 2928 | Rake 0 
Board [5c As Kh 8s]
Seat 1: VitaliiHladysh (small blind) folded before Flop
Seat 2: I_am_Carlinho (big blind) folded before Flop
Seat 3: Mahu2021 folded before Flop
Seat 4: BielzadaXesq folded before Flop (didn't bet)
Seat 5: boscz folded before Flop (didn't bet)
Seat 6: wile167 collected (2928)
Seat 7: Don Juan3009 folded before Flop (didn't bet)
Seat 8: Tom.Whitehouse (button) folded on the Turn



PokerStars Hand #255842104386: Tournament #3881182734, $10.27+$0.73 USD Hold'em No Limit - Level II (50/100) - 2025/04/22 15:42:56 CET [2025/04/22 9:42:56 ET]
Table '3881182734 7' 8-max Seat #1 is the button
Seat 1: VitaliiHladysh (14564 in chips) 
Seat 2: I_am_Carlinho (7598 in chips) 
Seat 3: Mahu2021 (7450 in chips) 
Seat 4: BielzadaXesq (9810 in chips) is sitting out
Seat 5: boscz (8070 in chips) 
Seat 6: wile167 (13449 in chips) 
Seat 7: Don Juan3009 (11170 in chips) 
Seat 8: Tom.Whitehouse (7889 in chips) 
VitaliiHladysh: posts the ante 10
I_am_Carlinho: posts the ante 10
Mahu2021: posts the ante 10
BielzadaXesq: posts the ante 10
boscz: posts the ante 10
wile167: posts the ante 10
Don Juan3009: posts the ante 10
Tom.Whitehouse: posts the ante 10
I_am_Carlinho: posts small blind 50
Mahu2021: posts big blind 100
*** HOLE CARDS ***
Dealt to Mahu2021 [3d Jd]
BielzadaXesq: folds 
boscz: folds 
wile167: folds 
Don Juan3009: folds 
Tom.Whitehouse: folds 
VitaliiHladysh: raises 100 to 200
I_am_Carlinho: calls 150
Mahu2021: raises 1000 to 1200
VitaliiHladysh: calls 1000
I_am_Carlinho: calls 1000
*** FLOP *** [2h 8d 3h]
I_am_Carlinho: checks 
Mahu2021: bets 1400
VitaliiHladysh: folds 
I_am_Carlinho: calls 1400
*** TURN *** [2h 8d 3h] [As]
I_am_Carlinho: checks 
Mahu2021: checks 
*** RIVER *** [2h 8d 3h As] [Kh]
I_am_Carlinho: checks 
Mahu2021: bets 4840 and is all-in
I_am_Carlinho: folds 
Uncalled bet (4840) returned to Mahu2021
Mahu2021 collected 6480 from pot
Mahu2021: doesn't show hand 
*** SUMMARY ***
Total pot 6480 | Rake 0 
Board [2h 8d 3h As Kh]
Seat 1: VitaliiHladysh (button) folded on the Flop
Seat 2: I_am_Carlinho (small blind) folded on the River
Seat 3: Mahu2021 (big blind) collected (6480)
Seat 4: BielzadaXesq folded before Flop (didn't bet)
Seat 5: boscz folded before Flop (didn't bet)
Seat 6: wile167 folded before Flop (didn't bet)
Seat 7: Don Juan3009 folded before Flop (didn't bet)
Seat 8: Tom.Whitehouse folded before Flop (didn't bet)



PokerStars Hand #255842117390: Tournament #3881182734, $10.27+$0.73 USD Hold'em No Limit - Level III (75/150) - 2025/04/22 15:44:20 CET [2025/04/22 9:44:20 ET]
Table '3881182734 7' 8-max Seat #2 is the button
Seat 1: VitaliiHladysh (13354 in chips) 
Seat 2: I_am_Carlinho (4988 in chips) 
Seat 3: Mahu2021 (11320 in chips) 
Seat 4: BielzadaXesq (9800 in chips) is sitting out
Seat 5: boscz (8060 in chips) 
Seat 6: wile167 (13439 in chips) 
Seat 7: Don Juan3009 (11160 in chips) 
Seat 8: Tom.Whitehouse (7879 in chips) 
VitaliiHladysh: posts the ante 15
I_am_Carlinho: posts the ante 15
Mahu2021: posts the ante 15
BielzadaXesq: posts the ante 15
boscz: posts the ante 15
wile167: posts the ante 15
Don Juan3009: posts the ante 15
Tom.Whitehouse: posts the ante 15
Mahu2021: posts small blind 75
BielzadaXesq: posts big blind 150
*** HOLE CARDS ***
Dealt to Mahu2021 [8s 8c]
boscz: folds 
wile167: folds 
Don Juan3009: calls 150
Tom.Whitehouse: folds 
VitaliiHladysh: folds 
I_am_Carlinho: raises 150 to 300
Mahu2021: calls 225
BielzadaXesq: folds 
Don Juan3009: calls 150
*** FLOP *** [8d 6h 9d]
Mahu2021: checks 
Don Juan3009: checks 
I_am_Carlinho: bets 450
Mahu2021: raises 1350 to 1800
Don Juan3009: folds 
I_am_Carlinho: calls 1350
*** TURN *** [8d 6h 9d] [8h]
Mahu2021: checks 
I_am_Carlinho: checks 
*** RIVER *** [8d 6h 9d 8h] [2d]
Mahu2021: bets 1200
I_am_Carlinho: calls 1200
*** SHOW DOWN ***
Mahu2021: shows [8s 8c] (four of a kind, Eights)
I_am_Carlinho: mucks hand 
Mahu2021 collected 7170 from pot
*** SUMMARY ***
Total pot 7170 | Rake 0 
Board [8d 6h 9d 8h 2d]
Seat 1: VitaliiHladysh folded before Flop (didn't bet)
Seat 2: I_am_Carlinho (button) mucked [Qs 9h]
Seat 3: Mahu2021 (small blind) showed [8s 8c] and won (7170) with four of a kind, Eights
Seat 4: BielzadaXesq (big blind) folded before Flop
Seat 5: boscz folded before Flop (didn't bet)
Seat 6: wile167 folded before Flop (didn't bet)
Seat 7: Don Juan3009 folded on the Flop
Seat 8: Tom.Whitehouse folded before Flop (didn't bet)



PokerStars Hand #255842128664: Tournament #3881182734, $10.27+$0.73 USD Hold'em No Limit - Level III (75/150) - 2025/04/22 15:45:32 CET [2025/04/22 9:45:32 ET]
Table '3881182734 7' 8-max Seat #3 is the button
Seat 1: VitaliiHladysh (13339 in chips) 
Seat 2: I_am_Carlinho (1673 in chips) 
Seat 3: Mahu2021 (15175 in chips) 
Seat 4: BielzadaXesq (9635 in chips) is sitting out
Seat 5: boscz (8045 in chips) 
Seat 6: wile167 (13424 in chips) 
Seat 7: Don Juan3009 (10845 in chips) 
Seat 8: Tom.Whitehouse (7864 in chips) 
VitaliiHladysh: posts the ante 15
I_am_Carlinho: posts the ante 15
Mahu2021: posts the ante 15
BielzadaXesq: posts the ante 15
boscz: posts the ante 15
wile167: posts the ante 15
Don Juan3009: posts the ante 15
Tom.Whitehouse: posts the ante 15
BielzadaXesq: posts small blind 75
boscz: posts big blind 150
*** HOLE CARDS ***
Dealt to Mahu2021 [Qs Qc]
wile167: raises 150 to 300
Don Juan3009: folds 
Tom.Whitehouse: calls 300
VitaliiHladysh: folds 
I_am_Carlinho: folds 
Mahu2021: calls 300
BielzadaXesq: folds 
boscz: folds 
*** FLOP *** [Qh Ad Tc]
wile167: bets 374
Tom.Whitehouse: folds 
Mahu2021: raises 14486 to 14860 and is all-in
wile167: calls 12735 and is all-in
Uncalled bet (1751) returned to Mahu2021
*** TURN *** [Qh Ad Tc] [4d]
*** RIVER *** [Qh Ad Tc 4d] [8s]
*** SHOW DOWN ***
wile167: shows [Kh Jh] (a straight, Ten to Ace)
Mahu2021: shows [Qs Qc] (three of a kind, Queens)
wile167 collected 27463 from pot
*** SUMMARY ***
Total pot 27463 | Rake 0 
Board [Qh Ad Tc 4d 8s]
Seat 1: VitaliiHladysh folded before Flop (didn't bet)
Seat 2: I_am_Carlinho folded before Flop (didn't bet)
Seat 3: Mahu2021 (button) showed [Qs Qc] and lost with three of a kind, Queens
Seat 4: BielzadaXesq (small blind) folded before Flop
Seat 5: boscz (big blind) folded before Flop
Seat 6: wile167 showed [Kh Jh] and won (27463) with a straight, Ten to Ace
Seat 7: Don Juan3009 folded before Flop (didn't bet)
Seat 8: Tom.Whitehouse folded on the Flop



PokerStars Hand #255842135006: Tournament #3881182734, $10.27+$0.73 USD Hold'em No Limit - Level III (75/150) - 2025/04/22 15:46:12 CET [2025/04/22 9:46:12 ET]
Table '3881182734 7' 8-max Seat #4 is the button
Seat 1: VitaliiHladysh (13324 in chips) 
Seat 2: I_am_Carlinho (1658 in chips) 
Seat 3: Mahu2021 (1751 in chips) 
Seat 4: BielzadaXesq (9545 in chips) is sitting out
Seat 5: boscz (7880 in chips) 
Seat 6: wile167 (27463 in chips) 
Seat 7: Don Juan3009 (10830 in chips) 
Seat 8: Tom.Whitehouse (7549 in chips) 
VitaliiHladysh: posts the ante 15
I_am_Carlinho: posts the ante 15
Mahu2021: posts the ante 15
BielzadaXesq: posts the ante 15
boscz: posts the ante 15
wile167: posts the ante 15
Don Juan3009: posts the ante 15
Tom.Whitehouse: posts the ante 15
boscz: posts small blind 75
wile167: posts big blind 150
*** HOLE CARDS ***
Dealt to Mahu2021 [Kc 7h]
Don Juan3009: folds 
Tom.Whitehouse: folds 
VitaliiHladysh: folds 
I_am_Carlinho: calls 150
Mahu2021: raises 1586 to 1736 and is all-in
BielzadaXesq: folds 
boscz: folds 
wile167: calls 1586
I_am_Carlinho: calls 1493 and is all-in
*** FLOP *** [3c Ah 9h]
*** TURN *** [3c Ah 9h] [4h]
*** RIVER *** [3c Ah 9h 4h] [6c]
*** SHOW DOWN ***
wile167: shows [5c 5h] (a pair of Fives)
Mahu2021: shows [Kc 7h] (high card Ace)
wile167 collected 186 from side pot
I_am_Carlinho: shows [8c As] (a pair of Aces)
I_am_Carlinho collected 5124 from main pot
Mahu2021 finished the tournament
*** SUMMARY ***
Total pot 5310 Main pot 5124. Side pot 186. | Rake 0 
Board [3c Ah 9h 4h 6c]
Seat 1: VitaliiHladysh folded before Flop (didn't bet)
Seat 2: I_am_Carlinho showed [8c As] and won (5124) with a pair of Aces
Seat 3: Mahu2021 showed [Kc 7h] and lost with high card Ace
Seat 4: BielzadaXesq (button) folded before Flop (didn't bet)
Seat 5: boscz (small blind) folded before Flop
Seat 6: wile167 (big blind) showed [5c 5h] and won (186) with a pair of Fives
Seat 7: Don Juan3009 folded before Flop (didn't bet)
Seat 8: Tom.Whitehouse folded before Flop (didn't bet)



