PokerStars Hand #243225038861: Tournament #3580581671, $0.92+$0.08 USD Hold'em No Limit - Level I (10/20) - 2023/04/21 13:58:26 CET [2023/04/21 7:58:26 ET]
Table '3580581671 1' 3-max Seat #1 is the button
Seat 1: Mahu2021 (500 in chips) 
Seat 2: Normiiis (500 in chips) 
Seat 3: hernanarthur (500 in chips) 
Normiiis: posts small blind 10
hernanarthur: posts big blind 20
*** HOLE CARDS ***
Dealt to Mahu2021 [5d Ts]
Mahu2021: folds 
Normiiis: raises 40 to 60
hernanarthur: calls 40
*** FLOP *** [Ks 7d 3d]
Normiiis: bets 120
hernanarthur: calls 120
*** TURN *** [Ks 7d 3d] [6h]
Normiiis: bets 180
hernanarthur: raises 140 to 320 and is all-in
Normiiis: calls 140 and is all-in
*** RIVER *** [Ks 7d 3d 6h] [Th]
*** SHOW DOWN ***
Normiiis: shows [Ah 6c] (a pair of Sixes)
hernanarthur: shows [6s Kh] (two pair, Kings and Sixes)
hernanarthur collected 1000 from pot
Normiiis finished the tournament in 3rd place
*** SUMMARY ***
Total pot 1000 | Rake 0 
Board [Ks 7d 3d 6h Th]
Seat 1: Mahu2021 (button) folded before Flop (didn't bet)
Seat 2: Normiiis (small blind) showed [Ah 6c] and lost with a pair of Sixes
Seat 3: hernanarthur (big blind) showed [6s Kh] and won (1000) with two pair, Kings and Sixes



PokerStars Hand #243225047555: Tournament #3580581671, $0.92+$0.08 USD Hold'em No Limit - Level I (10/20) - 2023/04/21 13:59:21 CET [2023/04/21 7:59:21 ET]
Table '3580581671 1' 3-max Seat #3 is the button
Seat 1: Mahu2021 (500 in chips) 
Seat 3: hernanarthur (1000 in chips) 
hernanarthur: posts small blind 10
Mahu2021: posts big blind 20
*** HOLE CARDS ***
Dealt to Mahu2021 [Qh Kc]
hernanarthur: calls 10
Mahu2021: checks 
*** FLOP *** [7d 6c 2c]
Mahu2021: checks 
hernanarthur: bets 60
Mahu2021: folds 
Uncalled bet (60) returned to hernanarthur
hernanarthur collected 40 from pot
*** SUMMARY ***
Total pot 40 | Rake 0 
Board [7d 6c 2c]
Seat 1: Mahu2021 (big blind) folded on the Flop
Seat 3: hernanarthur (button) (small blind) collected (40)



PokerStars Hand #243225050392: Tournament #3580581671, $0.92+$0.08 USD Hold'em No Limit - Level I (10/20) - 2023/04/21 13:59:38 CET [2023/04/21 7:59:38 ET]
Table '3580581671 1' 3-max Seat #1 is the button
Seat 1: Mahu2021 (480 in chips) 
Seat 3: hernanarthur (1020 in chips) 
Mahu2021: posts small blind 10
hernanarthur: posts big blind 20
*** HOLE CARDS ***
Dealt to Mahu2021 [5s Kd]
Mahu2021: folds 
Uncalled bet (10) returned to hernanarthur
hernanarthur collected 20 from pot
*** SUMMARY ***
Total pot 20 | Rake 0 
Seat 1: Mahu2021 (button) (small blind) folded before Flop
Seat 3: hernanarthur (big blind) collected (20)



PokerStars Hand #243225051246: Tournament #3580581671, $0.92+$0.08 USD Hold'em No Limit - Level I (10/20) - 2023/04/21 13:59:44 CET [2023/04/21 7:59:44 ET]
Table '3580581671 1' 3-max Seat #3 is the button
Seat 1: Mahu2021 (470 in chips) 
Seat 3: hernanarthur (1030 in chips) 
hernanarthur: posts small blind 10
Mahu2021: posts big blind 20
*** HOLE CARDS ***
Dealt to Mahu2021 [Kh Tc]
hernanarthur: calls 10
Mahu2021: raises 60 to 80
hernanarthur: folds 
Uncalled bet (60) returned to Mahu2021
Mahu2021 collected 40 from pot
Mahu2021: doesn't show hand 
*** SUMMARY ***
Total pot 40 | Rake 0 
Seat 1: Mahu2021 (big blind) collected (40)
Seat 3: hernanarthur (button) (small blind) folded before Flop



PokerStars Hand #243225054063: Tournament #3580581671, $0.92+$0.08 USD Hold'em No Limit - Level I (10/20) - 2023/04/21 14:00:02 CET [2023/04/21 8:00:02 ET]
Table '3580581671 1' 3-max Seat #1 is the button
Seat 1: Mahu2021 (490 in chips) 
Seat 3: hernanarthur (1010 in chips) 
Mahu2021: posts small blind 10
hernanarthur: posts big blind 20
*** HOLE CARDS ***
Dealt to Mahu2021 [As 2h]
Mahu2021: calls 10
hernanarthur: checks 
*** FLOP *** [Ac Jc Qh]
hernanarthur: checks 
Mahu2021: bets 20
hernanarthur: raises 20 to 40
Mahu2021: calls 20
*** TURN *** [Ac Jc Qh] [9c]
hernanarthur: bets 200
Mahu2021: calls 200
*** RIVER *** [Ac Jc Qh 9c] [Ad]
hernanarthur: checks 
Mahu2021: bets 230 and is all-in
hernanarthur: folds 
Uncalled bet (230) returned to Mahu2021
Mahu2021 collected 520 from pot
Mahu2021: doesn't show hand 
*** SUMMARY ***
Total pot 520 | Rake 0 
Board [Ac Jc Qh 9c Ad]
Seat 1: Mahu2021 (button) (small blind) collected (520)
Seat 3: hernanarthur (big blind) folded on the River



PokerStars Hand #243225061318: Tournament #3580581671, $0.92+$0.08 USD Hold'em No Limit - Level II (15/30) - 2023/04/21 14:00:45 CET [2023/04/21 8:00:45 ET]
Table '3580581671 1' 3-max Seat #3 is the button
Seat 1: Mahu2021 (750 in chips) 
Seat 3: hernanarthur (750 in chips) 
hernanarthur: posts small blind 15
Mahu2021: posts big blind 30
*** HOLE CARDS ***
Dealt to Mahu2021 [Qs 4h]
hernanarthur: raises 720 to 750 and is all-in
Mahu2021: folds 
Uncalled bet (720) returned to hernanarthur
hernanarthur collected 60 from pot
*** SUMMARY ***
Total pot 60 | Rake 0 
Seat 1: Mahu2021 (big blind) folded before Flop
Seat 3: hernanarthur (button) (small blind) collected (60)



PokerStars Hand #243225062727: Tournament #3580581671, $0.92+$0.08 USD Hold'em No Limit - Level II (15/30) - 2023/04/21 14:00:52 CET [2023/04/21 8:00:52 ET]
Table '3580581671 1' 3-max Seat #1 is the button
Seat 1: Mahu2021 (720 in chips) 
Seat 3: hernanarthur (780 in chips) 
Mahu2021: posts small blind 15
hernanarthur: posts big blind 30
*** HOLE CARDS ***
Dealt to Mahu2021 [3s Ac]
Mahu2021: calls 15
hernanarthur: checks 
*** FLOP *** [4d 7c Jh]
hernanarthur: checks 
Mahu2021: bets 30
hernanarthur: folds 
Uncalled bet (30) returned to Mahu2021
Mahu2021 collected 60 from pot
Mahu2021: doesn't show hand 
*** SUMMARY ***
Total pot 60 | Rake 0 
Board [4d 7c Jh]
Seat 1: Mahu2021 (button) (small blind) collected (60)
Seat 3: hernanarthur (big blind) folded on the Flop



PokerStars Hand #243225065204: Tournament #3580581671, $0.92+$0.08 USD Hold'em No Limit - Level II (15/30) - 2023/04/21 14:01:05 CET [2023/04/21 8:01:05 ET]
Table '3580581671 1' 3-max Seat #3 is the button
Seat 1: Mahu2021 (750 in chips) 
Seat 3: hernanarthur (750 in chips) 
hernanarthur: posts small blind 15
Mahu2021: posts big blind 30
*** HOLE CARDS ***
Dealt to Mahu2021 [Ac 5h]
hernanarthur: raises 30 to 60
Mahu2021: calls 30
*** FLOP *** [Qh 3d Ks]
Mahu2021: checks 
hernanarthur: checks 
*** TURN *** [Qh 3d Ks] [7h]
Mahu2021: checks 
hernanarthur: bets 30
Mahu2021: calls 30
*** RIVER *** [Qh 3d Ks 7h] [4h]
Mahu2021: checks 
hernanarthur: bets 30
Mahu2021: calls 30
*** SHOW DOWN ***
hernanarthur: shows [Kh Js] (a pair of Kings)
Mahu2021: mucks hand 
hernanarthur collected 240 from pot
*** SUMMARY ***
Total pot 240 | Rake 0 
Board [Qh 3d Ks 7h 4h]
Seat 1: Mahu2021 (big blind) mucked [Ac 5h]
Seat 3: hernanarthur (button) (small blind) showed [Kh Js] and won (240) with a pair of Kings



PokerStars Hand #243225068835: Tournament #3580581671, $0.92+$0.08 USD Hold'em No Limit - Level II (15/30) - 2023/04/21 14:01:25 CET [2023/04/21 8:01:25 ET]
Table '3580581671 1' 3-max Seat #1 is the button
Seat 1: Mahu2021 (630 in chips) 
Seat 3: hernanarthur (870 in chips) 
Mahu2021: posts small blind 15
hernanarthur: posts big blind 30
*** HOLE CARDS ***
Dealt to Mahu2021 [3c 2c]
Mahu2021: calls 15
hernanarthur: checks 
*** FLOP *** [5s Kc Js]
hernanarthur: checks 
Mahu2021: bets 30
hernanarthur: folds 
Uncalled bet (30) returned to Mahu2021
Mahu2021 collected 60 from pot
Mahu2021: doesn't show hand 
*** SUMMARY ***
Total pot 60 | Rake 0 
Board [5s Kc Js]
Seat 1: Mahu2021 (button) (small blind) collected (60)
Seat 3: hernanarthur (big blind) folded on the Flop



PokerStars Hand #243225071200: Tournament #3580581671, $0.92+$0.08 USD Hold'em No Limit - Level II (15/30) - 2023/04/21 14:01:38 CET [2023/04/21 8:01:38 ET]
Table '3580581671 1' 3-max Seat #3 is the button
Seat 1: Mahu2021 (660 in chips) 
Seat 3: hernanarthur (840 in chips) 
hernanarthur: posts small blind 15
Mahu2021: posts big blind 30
*** HOLE CARDS ***
Dealt to Mahu2021 [6h 8c]
hernanarthur: calls 15
Mahu2021: checks 
*** FLOP *** [7d Ks Tc]
Mahu2021: checks 
hernanarthur: bets 90
Mahu2021: folds 
Uncalled bet (90) returned to hernanarthur
hernanarthur collected 60 from pot
*** SUMMARY ***
Total pot 60 | Rake 0 
Board [7d Ks Tc]
Seat 1: Mahu2021 (big blind) folded on the Flop
Seat 3: hernanarthur (button) (small blind) collected (60)



PokerStars Hand #243225073440: Tournament #3580581671, $0.92+$0.08 USD Hold'em No Limit - Level II (15/30) - 2023/04/21 14:01:50 CET [2023/04/21 8:01:50 ET]
Table '3580581671 1' 3-max Seat #1 is the button
Seat 1: Mahu2021 (630 in chips) 
Seat 3: hernanarthur (870 in chips) 
Mahu2021: posts small blind 15
hernanarthur: posts big blind 30
*** HOLE CARDS ***
Dealt to Mahu2021 [8s 6h]
Mahu2021: folds 
Uncalled bet (15) returned to hernanarthur
hernanarthur collected 30 from pot
hernanarthur: shows [4d 5s] (high card Five)
*** SUMMARY ***
Total pot 30 | Rake 0 
Seat 1: Mahu2021 (button) (small blind) folded before Flop
Seat 3: hernanarthur (big blind) collected (30)



PokerStars Hand #243225074399: Tournament #3580581671, $0.92+$0.08 USD Hold'em No Limit - Level II (15/30) - 2023/04/21 14:01:55 CET [2023/04/21 8:01:55 ET]
Table '3580581671 1' 3-max Seat #3 is the button
Seat 1: Mahu2021 (615 in chips) 
Seat 3: hernanarthur (885 in chips) 
hernanarthur: posts small blind 15
Mahu2021: posts big blind 30
*** HOLE CARDS ***
Dealt to Mahu2021 [7h Js]
hernanarthur: folds 
Uncalled bet (15) returned to Mahu2021
Mahu2021 collected 30 from pot
Mahu2021: doesn't show hand 
*** SUMMARY ***
Total pot 30 | Rake 0 
Seat 1: Mahu2021 (big blind) collected (30)
Seat 3: hernanarthur (button) (small blind) folded before Flop



PokerStars Hand #243225075253: Tournament #3580581671, $0.92+$0.08 USD Hold'em No Limit - Level II (15/30) - 2023/04/21 14:02:00 CET [2023/04/21 8:02:00 ET]
Table '3580581671 1' 3-max Seat #1 is the button
Seat 1: Mahu2021 (630 in chips) 
Seat 3: hernanarthur (870 in chips) 
Mahu2021: posts small blind 15
hernanarthur: posts big blind 30
*** HOLE CARDS ***
Dealt to Mahu2021 [Td 9c]
Mahu2021: calls 15
hernanarthur: checks 
*** FLOP *** [5s Tc 8h]
hernanarthur: checks 
Mahu2021: bets 30
hernanarthur: calls 30
*** TURN *** [5s Tc 8h] [8d]
hernanarthur: checks 
Mahu2021: bets 30
hernanarthur: folds 
Uncalled bet (30) returned to Mahu2021
Mahu2021 collected 120 from pot
Mahu2021: doesn't show hand 
*** SUMMARY ***
Total pot 120 | Rake 0 
Board [5s Tc 8h 8d]
Seat 1: Mahu2021 (button) (small blind) collected (120)
Seat 3: hernanarthur (big blind) folded on the Turn



PokerStars Hand #243225078553: Tournament #3580581671, $0.92+$0.08 USD Hold'em No Limit - Level II (15/30) - 2023/04/21 14:02:17 CET [2023/04/21 8:02:17 ET]
Table '3580581671 1' 3-max Seat #3 is the button
Seat 1: Mahu2021 (690 in chips) 
Seat 3: hernanarthur (810 in chips) 
hernanarthur: posts small blind 15
Mahu2021: posts big blind 30
*** HOLE CARDS ***
Dealt to Mahu2021 [Ad Kc]
hernanarthur: raises 30 to 60
Mahu2021: raises 150 to 210
hernanarthur: raises 150 to 360
Mahu2021: raises 330 to 690 and is all-in
hernanarthur: calls 330
*** FLOP *** [8h 3d 9d]
*** TURN *** [8h 3d 9d] [6h]
*** RIVER *** [8h 3d 9d 6h] [Jd]
*** SHOW DOWN ***
Mahu2021: shows [Ad Kc] (high card Ace)
hernanarthur: shows [Ac Jc] (a pair of Jacks)
hernanarthur collected 1380 from pot
Mahu2021 finished the tournament in 2nd place
hernanarthur wins the tournament and receives $2.00 - congratulations!
*** SUMMARY ***
Total pot 1380 | Rake 0 
Board [8h 3d 9d 6h Jd]
Seat 1: Mahu2021 (big blind) showed [Ad Kc] and lost with high card Ace
Seat 3: hernanarthur (button) (small blind) showed [Ac Jc] and won (1380) with a pair of Jacks



