PokerStars Hand #249682968298: Tournament #3735013481, $1.84+$0.16 USD Hold'em No Limit - Level I (10/20) - 2024/03/29 11:20:23 CET [2024/03/29 6:20:23 ET]
Table '3735013481 1' 3-max Seat #1 is the button
Seat 1: BitaliiCila (500 in chips) 
Seat 2: erald86 (500 in chips) 
Seat 3: Mahu2021 (500 in chips) 
erald86: posts small blind 10
Mahu2021: posts big blind 20
*** HOLE CARDS ***
Dealt to Mahu2021 [5d 8h]
BitaliiCila: folds 
erald86: raises 40 to 60
Mahu2021: folds 
Uncalled bet (40) returned to erald86
erald86 collected 40 from pot
*** SUMMARY ***
Total pot 40 | Rake 0 
Seat 1: BitaliiCila (button) folded before Flop (didn't bet)
Seat 2: erald86 (small blind) collected (40)
Seat 3: Mahu2021 (big blind) folded before Flop



PokerStars Hand #249682969440: Tournament #3735013481, $1.84+$0.16 USD Hold'em No Limit - Level I (10/20) - 2024/03/29 11:20:31 CET [2024/03/29 6:20:31 ET]
Table '3735013481 1' 3-max Seat #2 is the button
Seat 1: BitaliiCila (500 in chips) 
Seat 2: erald86 (520 in chips) 
Seat 3: Mahu2021 (480 in chips) 
Mahu2021: posts small blind 10
BitaliiCila: posts big blind 20
*** HOLE CARDS ***
Dealt to Mahu2021 [Jh 7d]
erald86: calls 20
Mahu2021: calls 10
BitaliiCila: checks 
*** FLOP *** [Ts 3h 9c]
Mahu2021: checks 
BitaliiCila: checks 
erald86: bets 40
Mahu2021: folds 
BitaliiCila: folds 
Uncalled bet (40) returned to erald86
erald86 collected 60 from pot
*** SUMMARY ***
Total pot 60 | Rake 0 
Board [Ts 3h 9c]
Seat 1: BitaliiCila (big blind) folded on the Flop
Seat 2: erald86 (button) collected (60)
Seat 3: Mahu2021 (small blind) folded on the Flop



PokerStars Hand #249682971938: Tournament #3735013481, $1.84+$0.16 USD Hold'em No Limit - Level I (10/20) - 2024/03/29 11:20:49 CET [2024/03/29 6:20:49 ET]
Table '3735013481 1' 3-max Seat #3 is the button
Seat 1: BitaliiCila (480 in chips) 
Seat 2: erald86 (560 in chips) 
Seat 3: Mahu2021 (460 in chips) 
BitaliiCila: posts small blind 10
erald86: posts big blind 20
*** HOLE CARDS ***
Dealt to Mahu2021 [5s Tc]
Mahu2021: folds 
BitaliiCila: raises 20 to 40
erald86: calls 20
*** FLOP *** [8d Ah Td]
BitaliiCila: bets 40
erald86: calls 40
*** TURN *** [8d Ah Td] [Kd]
BitaliiCila: bets 80
erald86: calls 80
*** RIVER *** [8d Ah Td Kd] [3h]
BitaliiCila: checks 
erald86: bets 160
BitaliiCila: calls 160
*** SHOW DOWN ***
erald86: shows [Jd 5d] (a flush, King high)
BitaliiCila: mucks hand 
erald86 collected 640 from pot
*** SUMMARY ***
Total pot 640 | Rake 0 
Board [8d Ah Td Kd 3h]
Seat 1: BitaliiCila (small blind) mucked [Kh 7s]
Seat 2: erald86 (big blind) showed [Jd 5d] and won (640) with a flush, King high
Seat 3: Mahu2021 (button) folded before Flop (didn't bet)



PokerStars Hand #249682975611: Tournament #3735013481, $1.84+$0.16 USD Hold'em No Limit - Level I (10/20) - 2024/03/29 11:21:14 CET [2024/03/29 6:21:14 ET]
Table '3735013481 1' 3-max Seat #1 is the button
Seat 1: BitaliiCila (160 in chips) 
Seat 2: erald86 (880 in chips) 
Seat 3: Mahu2021 (460 in chips) 
erald86: posts small blind 10
Mahu2021: posts big blind 20
*** HOLE CARDS ***
Dealt to Mahu2021 [6h 3d]
BitaliiCila: folds 
erald86: raises 20 to 40
Mahu2021: folds 
Uncalled bet (20) returned to erald86
erald86 collected 40 from pot
*** SUMMARY ***
Total pot 40 | Rake 0 
Seat 1: BitaliiCila (button) folded before Flop (didn't bet)
Seat 2: erald86 (small blind) collected (40)
Seat 3: Mahu2021 (big blind) folded before Flop



PokerStars Hand #249682976707: Tournament #3735013481, $1.84+$0.16 USD Hold'em No Limit - Level I (10/20) - 2024/03/29 11:21:22 CET [2024/03/29 6:21:22 ET]
Table '3735013481 1' 3-max Seat #2 is the button
Seat 1: BitaliiCila (160 in chips) 
Seat 2: erald86 (900 in chips) 
Seat 3: Mahu2021 (440 in chips) 
Mahu2021: posts small blind 10
BitaliiCila: posts big blind 20
*** HOLE CARDS ***
Dealt to Mahu2021 [7s Ac]
erald86: calls 20
Mahu2021: calls 10
BitaliiCila: checks 
*** FLOP *** [3h 3d 2c]
Mahu2021: checks 
BitaliiCila: bets 60
erald86: folds 
Mahu2021: folds 
Uncalled bet (60) returned to BitaliiCila
BitaliiCila collected 60 from pot
*** SUMMARY ***
Total pot 60 | Rake 0 
Board [3h 3d 2c]
Seat 1: BitaliiCila (big blind) collected (60)
Seat 2: erald86 (button) folded on the Flop
Seat 3: Mahu2021 (small blind) folded on the Flop



PokerStars Hand #249682979991: Tournament #3735013481, $1.84+$0.16 USD Hold'em No Limit - Level I (10/20) - 2024/03/29 11:21:44 CET [2024/03/29 6:21:44 ET]
Table '3735013481 1' 3-max Seat #3 is the button
Seat 1: BitaliiCila (200 in chips) 
Seat 2: erald86 (880 in chips) 
Seat 3: Mahu2021 (420 in chips) 
BitaliiCila: posts small blind 10
erald86: posts big blind 20
*** HOLE CARDS ***
Dealt to Mahu2021 [7d Tc]
Mahu2021: folds 
BitaliiCila: raises 180 to 200 and is all-in
erald86: folds 
Uncalled bet (180) returned to BitaliiCila
BitaliiCila collected 40 from pot
*** SUMMARY ***
Total pot 40 | Rake 0 
Seat 1: BitaliiCila (small blind) collected (40)
Seat 2: erald86 (big blind) folded before Flop
Seat 3: Mahu2021 (button) folded before Flop (didn't bet)



PokerStars Hand #249682981404: Tournament #3735013481, $1.84+$0.16 USD Hold'em No Limit - Level I (10/20) - 2024/03/29 11:21:54 CET [2024/03/29 6:21:54 ET]
Table '3735013481 1' 3-max Seat #1 is the button
Seat 1: BitaliiCila (220 in chips) 
Seat 2: erald86 (860 in chips) 
Seat 3: Mahu2021 (420 in chips) 
erald86: posts small blind 10
Mahu2021: posts big blind 20
*** HOLE CARDS ***
Dealt to Mahu2021 [5d 8h]
BitaliiCila: folds 
erald86: raises 40 to 60
Mahu2021: folds 
Uncalled bet (40) returned to erald86
erald86 collected 40 from pot
*** SUMMARY ***
Total pot 40 | Rake 0 
Seat 1: BitaliiCila (button) folded before Flop (didn't bet)
Seat 2: erald86 (small blind) collected (40)
Seat 3: Mahu2021 (big blind) folded before Flop



PokerStars Hand #249682982669: Tournament #3735013481, $1.84+$0.16 USD Hold'em No Limit - Level I (10/20) - 2024/03/29 11:22:03 CET [2024/03/29 6:22:03 ET]
Table '3735013481 1' 3-max Seat #2 is the button
Seat 1: BitaliiCila (220 in chips) 
Seat 2: erald86 (880 in chips) 
Seat 3: Mahu2021 (400 in chips) 
Mahu2021: posts small blind 10
BitaliiCila: posts big blind 20
*** HOLE CARDS ***
Dealt to Mahu2021 [7s 5s]
erald86: folds 
Mahu2021: calls 10
BitaliiCila: checks 
*** FLOP *** [4s 4c 5c]
Mahu2021: bets 40
BitaliiCila: calls 40
*** TURN *** [4s 4c 5c] [2h]
Mahu2021: bets 40
BitaliiCila: calls 40
*** RIVER *** [4s 4c 5c 2h] [5d]
Mahu2021: bets 200
BitaliiCila: calls 120 and is all-in
Uncalled bet (80) returned to Mahu2021
*** SHOW DOWN ***
Mahu2021: shows [7s 5s] (a full house, Fives full of Fours)
BitaliiCila: shows [4d 2s] (a full house, Fours full of Fives)
Mahu2021 collected 440 from pot
BitaliiCila finished the tournament in 3rd place
*** SUMMARY ***
Total pot 440 | Rake 0 
Board [4s 4c 5c 2h 5d]
Seat 1: BitaliiCila (big blind) showed [4d 2s] and lost with a full house, Fours full of Fives
Seat 2: erald86 (button) folded before Flop (didn't bet)
Seat 3: Mahu2021 (small blind) showed [7s 5s] and won (440) with a full house, Fives full of Fours



PokerStars Hand #249682986693: Tournament #3735013481, $1.84+$0.16 USD Hold'em No Limit - Level II (15/30) - 2024/03/29 11:22:31 CET [2024/03/29 6:22:31 ET]
Table '3735013481 1' 3-max Seat #3 is the button
Seat 2: erald86 (880 in chips) 
Seat 3: Mahu2021 (620 in chips) 
Mahu2021: posts small blind 15
erald86: posts big blind 30
*** HOLE CARDS ***
Dealt to Mahu2021 [4d 5h]
Mahu2021: calls 15
erald86: checks 
*** FLOP *** [Qh 8d 2h]
erald86: checks 
Mahu2021: checks 
*** TURN *** [Qh 8d 2h] [9s]
erald86: checks 
Mahu2021: checks 
*** RIVER *** [Qh 8d 2h 9s] [4h]
erald86: bets 30
Mahu2021: calls 30
*** SHOW DOWN ***
erald86: shows [3d 4s] (a pair of Fours)
Mahu2021: shows [4d 5h] (a pair of Fours)
erald86 collected 60 from pot
Mahu2021 collected 60 from pot
*** SUMMARY ***
Total pot 120 | Rake 0 
Board [Qh 8d 2h 9s 4h]
Seat 2: erald86 (big blind) showed [3d 4s] and won (60) with a pair of Fours
Seat 3: Mahu2021 (button) (small blind) showed [4d 5h] and won (60) with a pair of Fours



PokerStars Hand #249682988600: Tournament #3735013481, $1.84+$0.16 USD Hold'em No Limit - Level II (15/30) - 2024/03/29 11:22:44 CET [2024/03/29 6:22:44 ET]
Table '3735013481 1' 3-max Seat #2 is the button
Seat 2: erald86 (880 in chips) 
Seat 3: Mahu2021 (620 in chips) 
erald86: posts small blind 15
Mahu2021: posts big blind 30
*** HOLE CARDS ***
Dealt to Mahu2021 [6h Qc]
erald86: calls 15
Mahu2021: checks 
*** FLOP *** [9h 9s 4s]
Mahu2021: checks 
erald86: bets 60
Mahu2021: folds 
Uncalled bet (60) returned to erald86
erald86 collected 60 from pot
*** SUMMARY ***
Total pot 60 | Rake 0 
Board [9h 9s 4s]
Seat 2: erald86 (button) (small blind) collected (60)
Seat 3: Mahu2021 (big blind) folded on the Flop



PokerStars Hand #249682990657: Tournament #3735013481, $1.84+$0.16 USD Hold'em No Limit - Level II (15/30) - 2024/03/29 11:22:59 CET [2024/03/29 6:22:59 ET]
Table '3735013481 1' 3-max Seat #3 is the button
Seat 2: erald86 (910 in chips) 
Seat 3: Mahu2021 (590 in chips) 
Mahu2021: posts small blind 15
erald86: posts big blind 30
*** HOLE CARDS ***
Dealt to Mahu2021 [8s Jh]
Mahu2021: calls 15
erald86: raises 60 to 90
Mahu2021: calls 60
*** FLOP *** [2s 6s Jd]
erald86: checks 
Mahu2021: bets 180
erald86: folds 
Uncalled bet (180) returned to Mahu2021
Mahu2021 collected 180 from pot
Mahu2021: doesn't show hand 
*** SUMMARY ***
Total pot 180 | Rake 0 
Board [2s 6s Jd]
Seat 2: erald86 (big blind) folded on the Flop
Seat 3: Mahu2021 (button) (small blind) collected (180)



PokerStars Hand #249682992858: Tournament #3735013481, $1.84+$0.16 USD Hold'em No Limit - Level II (15/30) - 2024/03/29 11:23:14 CET [2024/03/29 6:23:14 ET]
Table '3735013481 1' 3-max Seat #2 is the button
Seat 2: erald86 (820 in chips) 
Seat 3: Mahu2021 (680 in chips) 
erald86: posts small blind 15
Mahu2021: posts big blind 30
*** HOLE CARDS ***
Dealt to Mahu2021 [9d Tc]
erald86: raises 790 to 820 and is all-in
Mahu2021: folds 
Uncalled bet (790) returned to erald86
erald86 collected 60 from pot
*** SUMMARY ***
Total pot 60 | Rake 0 
Seat 2: erald86 (button) (small blind) collected (60)
Seat 3: Mahu2021 (big blind) folded before Flop



PokerStars Hand #249682994413: Tournament #3735013481, $1.84+$0.16 USD Hold'em No Limit - Level II (15/30) - 2024/03/29 11:23:25 CET [2024/03/29 6:23:25 ET]
Table '3735013481 1' 3-max Seat #3 is the button
Seat 2: erald86 (850 in chips) 
Seat 3: Mahu2021 (650 in chips) 
Mahu2021: posts small blind 15
erald86: posts big blind 30
*** HOLE CARDS ***
Dealt to Mahu2021 [Ah Jh]
Mahu2021: calls 15
erald86: checks 
*** FLOP *** [5d 3h 6s]
erald86: checks 
Mahu2021: checks 
*** TURN *** [5d 3h 6s] [Jc]
erald86: checks 
Mahu2021: bets 60
erald86: folds 
Uncalled bet (60) returned to Mahu2021
Mahu2021 collected 60 from pot
Mahu2021: doesn't show hand 
*** SUMMARY ***
Total pot 60 | Rake 0 
Board [5d 3h 6s Jc]
Seat 2: erald86 (big blind) folded on the Turn
Seat 3: Mahu2021 (button) (small blind) collected (60)



PokerStars Hand #249682996191: Tournament #3735013481, $1.84+$0.16 USD Hold'em No Limit - Level II (15/30) - 2024/03/29 11:23:37 CET [2024/03/29 6:23:37 ET]
Table '3735013481 1' 3-max Seat #2 is the button
Seat 2: erald86 (820 in chips) 
Seat 3: Mahu2021 (680 in chips) 
erald86: posts small blind 15
Mahu2021: posts big blind 30
*** HOLE CARDS ***
Dealt to Mahu2021 [8d Th]
erald86: folds 
Uncalled bet (15) returned to Mahu2021
Mahu2021 collected 30 from pot
Mahu2021: doesn't show hand 
*** SUMMARY ***
Total pot 30 | Rake 0 
Seat 2: erald86 (button) (small blind) folded before Flop
Seat 3: Mahu2021 (big blind) collected (30)



PokerStars Hand #249682996796: Tournament #3735013481, $1.84+$0.16 USD Hold'em No Limit - Level II (15/30) - 2024/03/29 11:23:41 CET [2024/03/29 6:23:41 ET]
Table '3735013481 1' 3-max Seat #3 is the button
Seat 2: erald86 (805 in chips) 
Seat 3: Mahu2021 (695 in chips) 
Mahu2021: posts small blind 15
erald86: posts big blind 30
*** HOLE CARDS ***
Dealt to Mahu2021 [Th 6d]
Mahu2021: folds 
Uncalled bet (15) returned to erald86
erald86 collected 30 from pot
*** SUMMARY ***
Total pot 30 | Rake 0 
Seat 2: erald86 (big blind) collected (30)
Seat 3: Mahu2021 (button) (small blind) folded before Flop



PokerStars Hand #249682997462: Tournament #3735013481, $1.84+$0.16 USD Hold'em No Limit - Level II (15/30) - 2024/03/29 11:23:46 CET [2024/03/29 6:23:46 ET]
Table '3735013481 1' 3-max Seat #2 is the button
Seat 2: erald86 (820 in chips) 
Seat 3: Mahu2021 (680 in chips) 
erald86: posts small blind 15
Mahu2021: posts big blind 30
*** HOLE CARDS ***
Dealt to Mahu2021 [5h Td]
erald86: raises 30 to 60
Mahu2021: folds 
Uncalled bet (30) returned to erald86
erald86 collected 60 from pot
*** SUMMARY ***
Total pot 60 | Rake 0 
Seat 2: erald86 (button) (small blind) collected (60)
Seat 3: Mahu2021 (big blind) folded before Flop



PokerStars Hand #249682998245: Tournament #3735013481, $1.84+$0.16 USD Hold'em No Limit - Level II (15/30) - 2024/03/29 11:23:51 CET [2024/03/29 6:23:51 ET]
Table '3735013481 1' 3-max Seat #3 is the button
Seat 2: erald86 (850 in chips) 
Seat 3: Mahu2021 (650 in chips) 
Mahu2021: posts small blind 15
erald86: posts big blind 30
*** HOLE CARDS ***
Dealt to Mahu2021 [4s 6h]
Mahu2021: raises 30 to 60
erald86: raises 790 to 850 and is all-in
Mahu2021: folds 
Uncalled bet (790) returned to erald86
erald86 collected 120 from pot
*** SUMMARY ***
Total pot 120 | Rake 0 
Seat 2: erald86 (big blind) collected (120)
Seat 3: Mahu2021 (button) (small blind) folded before Flop



PokerStars Hand #249682999441: Tournament #3735013481, $1.84+$0.16 USD Hold'em No Limit - Level II (15/30) - 2024/03/29 11:24:00 CET [2024/03/29 6:24:00 ET]
Table '3735013481 1' 3-max Seat #2 is the button
Seat 2: erald86 (910 in chips) 
Seat 3: Mahu2021 (590 in chips) 
erald86: posts small blind 15
Mahu2021: posts big blind 30
*** HOLE CARDS ***
Dealt to Mahu2021 [Js Ah]
erald86: calls 15
Mahu2021: raises 60 to 90
erald86: folds 
Uncalled bet (60) returned to Mahu2021
Mahu2021 collected 60 from pot
Mahu2021: doesn't show hand 
*** SUMMARY ***
Total pot 60 | Rake 0 
Seat 2: erald86 (button) (small blind) folded before Flop
Seat 3: Mahu2021 (big blind) collected (60)



PokerStars Hand #249683000603: Tournament #3735013481, $1.84+$0.16 USD Hold'em No Limit - Level II (15/30) - 2024/03/29 11:24:08 CET [2024/03/29 6:24:08 ET]
Table '3735013481 1' 3-max Seat #3 is the button
Seat 2: erald86 (880 in chips) 
Seat 3: Mahu2021 (620 in chips) 
Mahu2021: posts small blind 15
erald86: posts big blind 30
*** HOLE CARDS ***
Dealt to Mahu2021 [Jh 8h]
Mahu2021: calls 15
erald86: checks 
*** FLOP *** [8s Th Kd]
erald86: checks 
Mahu2021: bets 30
erald86: folds 
Uncalled bet (30) returned to Mahu2021
Mahu2021 collected 60 from pot
Mahu2021: doesn't show hand 
*** SUMMARY ***
Total pot 60 | Rake 0 
Board [8s Th Kd]
Seat 2: erald86 (big blind) folded on the Flop
Seat 3: Mahu2021 (button) (small blind) collected (60)



PokerStars Hand #249683002020: Tournament #3735013481, $1.84+$0.16 USD Hold'em No Limit - Level II (15/30) - 2024/03/29 11:24:18 CET [2024/03/29 6:24:18 ET]
Table '3735013481 1' 3-max Seat #2 is the button
Seat 2: erald86 (850 in chips) 
Seat 3: Mahu2021 (650 in chips) 
erald86: posts small blind 15
Mahu2021: posts big blind 30
*** HOLE CARDS ***
Dealt to Mahu2021 [6c 9d]
erald86: raises 60 to 90
Mahu2021: folds 
Uncalled bet (60) returned to erald86
erald86 collected 60 from pot
*** SUMMARY ***
Total pot 60 | Rake 0 
Seat 2: erald86 (button) (small blind) collected (60)
Seat 3: Mahu2021 (big blind) folded before Flop



PokerStars Hand #249683003550: Tournament #3735013481, $1.84+$0.16 USD Hold'em No Limit - Level III (20/40) - 2024/03/29 11:24:29 CET [2024/03/29 6:24:29 ET]
Table '3735013481 1' 3-max Seat #3 is the button
Seat 2: erald86 (880 in chips) 
Seat 3: Mahu2021 (620 in chips) 
Mahu2021: posts small blind 20
erald86: posts big blind 40
*** HOLE CARDS ***
Dealt to Mahu2021 [8c 2d]
Mahu2021: folds 
Uncalled bet (20) returned to erald86
erald86 collected 40 from pot
*** SUMMARY ***
Total pot 40 | Rake 0 
Seat 2: erald86 (big blind) collected (40)
Seat 3: Mahu2021 (button) (small blind) folded before Flop



PokerStars Hand #249683004239: Tournament #3735013481, $1.84+$0.16 USD Hold'em No Limit - Level III (20/40) - 2024/03/29 11:24:33 CET [2024/03/29 6:24:33 ET]
Table '3735013481 1' 3-max Seat #2 is the button
Seat 2: erald86 (900 in chips) 
Seat 3: Mahu2021 (600 in chips) 
erald86: posts small blind 20
Mahu2021: posts big blind 40
*** HOLE CARDS ***
Dealt to Mahu2021 [6h Jd]
erald86: calls 20
Mahu2021: checks 
*** FLOP *** [2d 6d 3c]
Mahu2021: bets 80
erald86: folds 
Uncalled bet (80) returned to Mahu2021
Mahu2021 collected 80 from pot
Mahu2021: doesn't show hand 
*** SUMMARY ***
Total pot 80 | Rake 0 
Board [2d 6d 3c]
Seat 2: erald86 (button) (small blind) folded on the Flop
Seat 3: Mahu2021 (big blind) collected (80)



PokerStars Hand #249683006082: Tournament #3735013481, $1.84+$0.16 USD Hold'em No Limit - Level III (20/40) - 2024/03/29 11:24:46 CET [2024/03/29 6:24:46 ET]
Table '3735013481 1' 3-max Seat #3 is the button
Seat 2: erald86 (860 in chips) 
Seat 3: Mahu2021 (640 in chips) 
Mahu2021: posts small blind 20
erald86: posts big blind 40
*** HOLE CARDS ***
Dealt to Mahu2021 [Qs 6s]
Mahu2021: raises 40 to 80
erald86: calls 40
*** FLOP *** [5d 4d 2c]
erald86: checks 
Mahu2021: checks 
*** TURN *** [5d 4d 2c] [5h]
erald86: checks 
Mahu2021: checks 
*** RIVER *** [5d 4d 2c 5h] [4h]
erald86: checks 
Mahu2021: bets 80
erald86: calls 80
*** SHOW DOWN ***
Mahu2021: shows [Qs 6s] (two pair, Fives and Fours)
erald86: shows [Kc Jc] (two pair, Fives and Fours - King kicker)
erald86 collected 320 from pot
*** SUMMARY ***
Total pot 320 | Rake 0 
Board [5d 4d 2c 5h 4h]
Seat 2: erald86 (big blind) showed [Kc Jc] and won (320) with two pair, Fives and Fours
Seat 3: Mahu2021 (button) (small blind) showed [Qs 6s] and lost with two pair, Fives and Fours



PokerStars Hand #249683008145: Tournament #3735013481, $1.84+$0.16 USD Hold'em No Limit - Level III (20/40) - 2024/03/29 11:25:01 CET [2024/03/29 6:25:01 ET]
Table '3735013481 1' 3-max Seat #2 is the button
Seat 2: erald86 (1020 in chips) 
Seat 3: Mahu2021 (480 in chips) 
erald86: posts small blind 20
Mahu2021: posts big blind 40
*** HOLE CARDS ***
Dealt to Mahu2021 [As 3c]
erald86: folds 
Uncalled bet (20) returned to Mahu2021
Mahu2021 collected 40 from pot
Mahu2021: doesn't show hand 
*** SUMMARY ***
Total pot 40 | Rake 0 
Seat 2: erald86 (button) (small blind) folded before Flop
Seat 3: Mahu2021 (big blind) collected (40)



PokerStars Hand #249683008765: Tournament #3735013481, $1.84+$0.16 USD Hold'em No Limit - Level III (20/40) - 2024/03/29 11:25:05 CET [2024/03/29 6:25:05 ET]
Table '3735013481 1' 3-max Seat #3 is the button
Seat 2: erald86 (1000 in chips) 
Seat 3: Mahu2021 (500 in chips) 
Mahu2021: posts small blind 20
erald86: posts big blind 40
*** HOLE CARDS ***
Dealt to Mahu2021 [4s Ac]
Mahu2021: raises 40 to 80
erald86: calls 40
*** FLOP *** [2c As 2s]
erald86: checks 
Mahu2021: bets 80
erald86: folds 
Uncalled bet (80) returned to Mahu2021
Mahu2021 collected 160 from pot
Mahu2021: doesn't show hand 
*** SUMMARY ***
Total pot 160 | Rake 0 
Board [2c As 2s]
Seat 2: erald86 (big blind) folded on the Flop
Seat 3: Mahu2021 (button) (small blind) collected (160)



PokerStars Hand #249683010270: Tournament #3735013481, $1.84+$0.16 USD Hold'em No Limit - Level III (20/40) - 2024/03/29 11:25:16 CET [2024/03/29 6:25:16 ET]
Table '3735013481 1' 3-max Seat #2 is the button
Seat 2: erald86 (920 in chips) 
Seat 3: Mahu2021 (580 in chips) 
erald86: posts small blind 20
Mahu2021: posts big blind 40
*** HOLE CARDS ***
Dealt to Mahu2021 [8d 4c]
erald86: calls 20
Mahu2021: checks 
*** FLOP *** [Ad Ks Td]
Mahu2021: checks 
erald86: bets 40
Mahu2021: folds 
Uncalled bet (40) returned to erald86
erald86 collected 80 from pot
*** SUMMARY ***
Total pot 80 | Rake 0 
Board [Ad Ks Td]
Seat 2: erald86 (button) (small blind) collected (80)
Seat 3: Mahu2021 (big blind) folded on the Flop



PokerStars Hand #249683011732: Tournament #3735013481, $1.84+$0.16 USD Hold'em No Limit - Level III (20/40) - 2024/03/29 11:25:26 CET [2024/03/29 6:25:26 ET]
Table '3735013481 1' 3-max Seat #3 is the button
Seat 2: erald86 (960 in chips) 
Seat 3: Mahu2021 (540 in chips) 
Mahu2021: posts small blind 20
erald86: posts big blind 40
*** HOLE CARDS ***
Dealt to Mahu2021 [Ac Kc]
Mahu2021: calls 20
erald86: checks 
*** FLOP *** [Jd 5d 4s]
erald86: checks 
Mahu2021: checks 
*** TURN *** [Jd 5d 4s] [Qc]
erald86: checks 
Mahu2021: checks 
*** RIVER *** [Jd 5d 4s Qc] [5s]
erald86: checks 
Mahu2021: checks 
*** SHOW DOWN ***
erald86: shows [8h 7d] (a pair of Fives)
Mahu2021: shows [Ac Kc] (a pair of Fives - Ace kicker)
Mahu2021 collected 80 from pot
*** SUMMARY ***
Total pot 80 | Rake 0 
Board [Jd 5d 4s Qc 5s]
Seat 2: erald86 (big blind) showed [8h 7d] and lost with a pair of Fives
Seat 3: Mahu2021 (button) (small blind) showed [Ac Kc] and won (80) with a pair of Fives



PokerStars Hand #249683013629: Tournament #3735013481, $1.84+$0.16 USD Hold'em No Limit - Level III (20/40) - 2024/03/29 11:25:39 CET [2024/03/29 6:25:39 ET]
Table '3735013481 1' 3-max Seat #2 is the button
Seat 2: erald86 (920 in chips) 
Seat 3: Mahu2021 (580 in chips) 
erald86: posts small blind 20
Mahu2021: posts big blind 40
*** HOLE CARDS ***
Dealt to Mahu2021 [2s Jd]
erald86: calls 20
Mahu2021: checks 
*** FLOP *** [5s 8c 5h]
Mahu2021: checks 
erald86: checks 
*** TURN *** [5s 8c 5h] [Ks]
Mahu2021: checks 
erald86: bets 40
Mahu2021: folds 
Uncalled bet (40) returned to erald86
erald86 collected 80 from pot
*** SUMMARY ***
Total pot 80 | Rake 0 
Board [5s 8c 5h Ks]
Seat 2: erald86 (button) (small blind) collected (80)
Seat 3: Mahu2021 (big blind) folded on the Turn



PokerStars Hand #249683015151: Tournament #3735013481, $1.84+$0.16 USD Hold'em No Limit - Level III (20/40) - 2024/03/29 11:25:50 CET [2024/03/29 6:25:50 ET]
Table '3735013481 1' 3-max Seat #3 is the button
Seat 2: erald86 (960 in chips) 
Seat 3: Mahu2021 (540 in chips) 
Mahu2021: posts small blind 20
erald86: posts big blind 40
*** HOLE CARDS ***
Dealt to Mahu2021 [Ks 5h]
Mahu2021: calls 20
erald86: checks 
*** FLOP *** [5s 4c 3d]
erald86: checks 
Mahu2021: bets 80
erald86: calls 80
*** TURN *** [5s 4c 3d] [Kd]
erald86: checks 
Mahu2021: bets 420 and is all-in
erald86: folds 
Uncalled bet (420) returned to Mahu2021
Mahu2021 collected 240 from pot
Mahu2021: doesn't show hand 
*** SUMMARY ***
Total pot 240 | Rake 0 
Board [5s 4c 3d Kd]
Seat 2: erald86 (big blind) folded on the Turn
Seat 3: Mahu2021 (button) (small blind) collected (240)



PokerStars Hand #249683017227: Tournament #3735013481, $1.84+$0.16 USD Hold'em No Limit - Level III (20/40) - 2024/03/29 11:26:04 CET [2024/03/29 6:26:04 ET]
Table '3735013481 1' 3-max Seat #2 is the button
Seat 2: erald86 (840 in chips) 
Seat 3: Mahu2021 (660 in chips) 
erald86: posts small blind 20
Mahu2021: posts big blind 40
*** HOLE CARDS ***
Dealt to Mahu2021 [8c Ts]
erald86: calls 20
Mahu2021: checks 
*** FLOP *** [3c Jd 7h]
Mahu2021: checks 
erald86: checks 
*** TURN *** [3c Jd 7h] [5h]
Mahu2021: checks 
erald86: bets 80
Mahu2021: folds 
Uncalled bet (80) returned to erald86
erald86 collected 80 from pot
*** SUMMARY ***
Total pot 80 | Rake 0 
Board [3c Jd 7h 5h]
Seat 2: erald86 (button) (small blind) collected (80)
Seat 3: Mahu2021 (big blind) folded on the Turn



PokerStars Hand #249683018892: Tournament #3735013481, $1.84+$0.16 USD Hold'em No Limit - Level III (20/40) - 2024/03/29 11:26:16 CET [2024/03/29 6:26:16 ET]
Table '3735013481 1' 3-max Seat #3 is the button
Seat 2: erald86 (880 in chips) 
Seat 3: Mahu2021 (620 in chips) 
Mahu2021: posts small blind 20
erald86: posts big blind 40
*** HOLE CARDS ***
Dealt to Mahu2021 [Ks Jd]
Mahu2021: raises 40 to 80
erald86: calls 40
*** FLOP *** [5h 3c Ts]
erald86: checks 
Mahu2021: checks 
*** TURN *** [5h 3c Ts] [Th]
erald86: checks 
Mahu2021: checks 
*** RIVER *** [5h 3c Ts Th] [7h]
erald86: checks 
Mahu2021: checks 
*** SHOW DOWN ***
erald86: shows [Jh Qc] (a pair of Tens)
Mahu2021: shows [Ks Jd] (a pair of Tens - King kicker)
Mahu2021 collected 160 from pot
*** SUMMARY ***
Total pot 160 | Rake 0 
Board [5h 3c Ts Th 7h]
Seat 2: erald86 (big blind) showed [Jh Qc] and lost with a pair of Tens
Seat 3: Mahu2021 (button) (small blind) showed [Ks Jd] and won (160) with a pair of Tens



PokerStars Hand #249683021103: Tournament #3735013481, $1.84+$0.16 USD Hold'em No Limit - Level IV (30/60) - 2024/03/29 11:26:32 CET [2024/03/29 6:26:32 ET]
Table '3735013481 1' 3-max Seat #2 is the button
Seat 2: erald86 (800 in chips) 
Seat 3: Mahu2021 (700 in chips) 
erald86: posts small blind 30
Mahu2021: posts big blind 60
*** HOLE CARDS ***
Dealt to Mahu2021 [4d 2d]
erald86: folds 
Uncalled bet (30) returned to Mahu2021
Mahu2021 collected 60 from pot
Mahu2021: doesn't show hand 
*** SUMMARY ***
Total pot 60 | Rake 0 
Seat 2: erald86 (button) (small blind) folded before Flop
Seat 3: Mahu2021 (big blind) collected (60)



PokerStars Hand #249683021671: Tournament #3735013481, $1.84+$0.16 USD Hold'em No Limit - Level IV (30/60) - 2024/03/29 11:26:36 CET [2024/03/29 6:26:36 ET]
Table '3735013481 1' 3-max Seat #3 is the button
Seat 2: erald86 (770 in chips) 
Seat 3: Mahu2021 (730 in chips) 
Mahu2021: posts small blind 30
erald86: posts big blind 60
*** HOLE CARDS ***
Dealt to Mahu2021 [3c 9d]
Mahu2021: folds 
Uncalled bet (30) returned to erald86
erald86 collected 60 from pot
*** SUMMARY ***
Total pot 60 | Rake 0 
Seat 2: erald86 (big blind) collected (60)
Seat 3: Mahu2021 (button) (small blind) folded before Flop



PokerStars Hand #249683022314: Tournament #3735013481, $1.84+$0.16 USD Hold'em No Limit - Level IV (30/60) - 2024/03/29 11:26:40 CET [2024/03/29 6:26:40 ET]
Table '3735013481 1' 3-max Seat #2 is the button
Seat 2: erald86 (800 in chips) 
Seat 3: Mahu2021 (700 in chips) 
erald86: posts small blind 30
Mahu2021: posts big blind 60
*** HOLE CARDS ***
Dealt to Mahu2021 [Ks Js]
erald86: calls 30
Mahu2021: raises 120 to 180
erald86: folds 
Uncalled bet (120) returned to Mahu2021
Mahu2021 collected 120 from pot
Mahu2021: doesn't show hand 
*** SUMMARY ***
Total pot 120 | Rake 0 
Seat 2: erald86 (button) (small blind) folded before Flop
Seat 3: Mahu2021 (big blind) collected (120)



PokerStars Hand #249683023458: Tournament #3735013481, $1.84+$0.16 USD Hold'em No Limit - Level IV (30/60) - 2024/03/29 11:26:49 CET [2024/03/29 6:26:49 ET]
Table '3735013481 1' 3-max Seat #3 is the button
Seat 2: erald86 (740 in chips) 
Seat 3: Mahu2021 (760 in chips) 
Mahu2021: posts small blind 30
erald86: posts big blind 60
*** HOLE CARDS ***
Dealt to Mahu2021 [Tc 8d]
Mahu2021: calls 30
erald86: checks 
*** FLOP *** [9s 5d 6h]
erald86: checks 
Mahu2021: bets 60
erald86: calls 60
*** TURN *** [9s 5d 6h] [Td]
erald86: checks 
Mahu2021: bets 60
erald86: calls 60
*** RIVER *** [9s 5d 6h Td] [Kd]
erald86: checks 
Mahu2021: checks 
*** SHOW DOWN ***
erald86: shows [8h 4d] (high card King)
Mahu2021: shows [Tc 8d] (a pair of Tens)
Mahu2021 collected 360 from pot
*** SUMMARY ***
Total pot 360 | Rake 0 
Board [9s 5d 6h Td Kd]
Seat 2: erald86 (big blind) showed [8h 4d] and lost with high card King
Seat 3: Mahu2021 (button) (small blind) showed [Tc 8d] and won (360) with a pair of Tens



PokerStars Hand #249683025650: Tournament #3735013481, $1.84+$0.16 USD Hold'em No Limit - Level IV (30/60) - 2024/03/29 11:27:04 CET [2024/03/29 6:27:04 ET]
Table '3735013481 1' 3-max Seat #2 is the button
Seat 2: erald86 (560 in chips) 
Seat 3: Mahu2021 (940 in chips) 
erald86: posts small blind 30
Mahu2021: posts big blind 60
*** HOLE CARDS ***
Dealt to Mahu2021 [Kh 9h]
erald86: calls 30
Mahu2021: raises 120 to 180
erald86: calls 120
*** FLOP *** [2d Ts 4s]
Mahu2021: bets 760 and is all-in
erald86: folds 
Uncalled bet (760) returned to Mahu2021
Mahu2021 collected 360 from pot
Mahu2021: doesn't show hand 
*** SUMMARY ***
Total pot 360 | Rake 0 
Board [2d Ts 4s]
Seat 2: erald86 (button) (small blind) folded on the Flop
Seat 3: Mahu2021 (big blind) collected (360)



PokerStars Hand #249683027211: Tournament #3735013481, $1.84+$0.16 USD Hold'em No Limit - Level IV (30/60) - 2024/03/29 11:27:15 CET [2024/03/29 6:27:15 ET]
Table '3735013481 1' 3-max Seat #3 is the button
Seat 2: erald86 (380 in chips) 
Seat 3: Mahu2021 (1120 in chips) 
Mahu2021: posts small blind 30
erald86: posts big blind 60
*** HOLE CARDS ***
Dealt to Mahu2021 [7s 5h]
Mahu2021: calls 30
erald86: checks 
*** FLOP *** [3c 9d Qs]
erald86: checks 
Mahu2021: checks 
*** TURN *** [3c 9d Qs] [7c]
erald86: bets 60
Mahu2021: calls 60
*** RIVER *** [3c 9d Qs 7c] [Jc]
erald86: bets 60
Mahu2021: calls 60
*** SHOW DOWN ***
erald86: shows [4s Js] (a pair of Jacks)
Mahu2021: mucks hand 
erald86 collected 360 from pot
*** SUMMARY ***
Total pot 360 | Rake 0 
Board [3c 9d Qs 7c Jc]
Seat 2: erald86 (big blind) showed [4s Js] and won (360) with a pair of Jacks
Seat 3: Mahu2021 (button) (small blind) mucked [7s 5h]



PokerStars Hand #249683029184: Tournament #3735013481, $1.84+$0.16 USD Hold'em No Limit - Level IV (30/60) - 2024/03/29 11:27:29 CET [2024/03/29 6:27:29 ET]
Table '3735013481 1' 3-max Seat #2 is the button
Seat 2: erald86 (560 in chips) 
Seat 3: Mahu2021 (940 in chips) 
erald86: posts small blind 30
Mahu2021: posts big blind 60
*** HOLE CARDS ***
Dealt to Mahu2021 [4d Qh]
erald86: calls 30
Mahu2021: checks 
*** FLOP *** [2c 2d Ks]
Mahu2021: checks 
erald86: bets 60
Mahu2021: folds 
Uncalled bet (60) returned to erald86
erald86 collected 120 from pot
*** SUMMARY ***
Total pot 120 | Rake 0 
Board [2c 2d Ks]
Seat 2: erald86 (button) (small blind) collected (120)
Seat 3: Mahu2021 (big blind) folded on the Flop



PokerStars Hand #249683030513: Tournament #3735013481, $1.84+$0.16 USD Hold'em No Limit - Level IV (30/60) - 2024/03/29 11:27:38 CET [2024/03/29 6:27:38 ET]
Table '3735013481 1' 3-max Seat #3 is the button
Seat 2: erald86 (620 in chips) 
Seat 3: Mahu2021 (880 in chips) 
Mahu2021: posts small blind 30
erald86: posts big blind 60
*** HOLE CARDS ***
Dealt to Mahu2021 [8h 7d]
Mahu2021: raises 60 to 120
erald86: calls 60
*** FLOP *** [Kc 9h Qd]
erald86: checks 
Mahu2021: bets 120
erald86: folds 
Uncalled bet (120) returned to Mahu2021
Mahu2021 collected 240 from pot
Mahu2021: doesn't show hand 
*** SUMMARY ***
Total pot 240 | Rake 0 
Board [Kc 9h Qd]
Seat 2: erald86 (big blind) folded on the Flop
Seat 3: Mahu2021 (button) (small blind) collected (240)



PokerStars Hand #249683031930: Tournament #3735013481, $1.84+$0.16 USD Hold'em No Limit - Level IV (30/60) - 2024/03/29 11:27:48 CET [2024/03/29 6:27:48 ET]
Table '3735013481 1' 3-max Seat #2 is the button
Seat 2: erald86 (500 in chips) 
Seat 3: Mahu2021 (1000 in chips) 
erald86: posts small blind 30
Mahu2021: posts big blind 60
*** HOLE CARDS ***
Dealt to Mahu2021 [3c 7d]
erald86: calls 30
Mahu2021: checks 
*** FLOP *** [7c 4h 3s]
Mahu2021: checks 
erald86: checks 
*** TURN *** [7c 4h 3s] [Ac]
Mahu2021: bets 60
erald86: calls 60
*** RIVER *** [7c 4h 3s Ac] [9c]
Mahu2021: bets 60
erald86: calls 60
*** SHOW DOWN ***
Mahu2021: shows [3c 7d] (two pair, Sevens and Threes)
erald86: mucks hand 
Mahu2021 collected 360 from pot
*** SUMMARY ***
Total pot 360 | Rake 0 
Board [7c 4h 3s Ac 9c]
Seat 2: erald86 (button) (small blind) mucked [9h 6h]
Seat 3: Mahu2021 (big blind) showed [3c 7d] and won (360) with two pair, Sevens and Threes



PokerStars Hand #249683034014: Tournament #3735013481, $1.84+$0.16 USD Hold'em No Limit - Level IV (30/60) - 2024/03/29 11:28:03 CET [2024/03/29 6:28:03 ET]
Table '3735013481 1' 3-max Seat #3 is the button
Seat 2: erald86 (320 in chips) 
Seat 3: Mahu2021 (1180 in chips) 
Mahu2021: posts small blind 30
erald86: posts big blind 60
*** HOLE CARDS ***
Dealt to Mahu2021 [9c 4h]
Mahu2021: folds 
Uncalled bet (30) returned to erald86
erald86 collected 60 from pot
*** SUMMARY ***
Total pot 60 | Rake 0 
Seat 2: erald86 (big blind) collected (60)
Seat 3: Mahu2021 (button) (small blind) folded before Flop



PokerStars Hand #249683034679: Tournament #3735013481, $1.84+$0.16 USD Hold'em No Limit - Level IV (30/60) - 2024/03/29 11:28:07 CET [2024/03/29 6:28:07 ET]
Table '3735013481 1' 3-max Seat #2 is the button
Seat 2: erald86 (350 in chips) 
Seat 3: Mahu2021 (1150 in chips) 
erald86: posts small blind 30
Mahu2021: posts big blind 60
*** HOLE CARDS ***
Dealt to Mahu2021 [5h 2c]
erald86: raises 290 to 350 and is all-in
Mahu2021: folds 
Uncalled bet (290) returned to erald86
erald86 collected 120 from pot
*** SUMMARY ***
Total pot 120 | Rake 0 
Seat 2: erald86 (button) (small blind) collected (120)
Seat 3: Mahu2021 (big blind) folded before Flop



PokerStars Hand #249683035550: Tournament #3735013481, $1.84+$0.16 USD Hold'em No Limit - Level IV (30/60) - 2024/03/29 11:28:13 CET [2024/03/29 6:28:13 ET]
Table '3735013481 1' 3-max Seat #3 is the button
Seat 2: erald86 (410 in chips) 
Seat 3: Mahu2021 (1090 in chips) 
Mahu2021: posts small blind 30
erald86: posts big blind 60
*** HOLE CARDS ***
Dealt to Mahu2021 [Ac 7s]
Mahu2021: raises 1030 to 1090 and is all-in
erald86: calls 350 and is all-in
Uncalled bet (680) returned to Mahu2021
*** FLOP *** [Qs Ad 2d]
*** TURN *** [Qs Ad 2d] [2s]
*** RIVER *** [Qs Ad 2d 2s] [4h]
*** SHOW DOWN ***
erald86: shows [3h 5h] (a straight, Ace to Five)
Mahu2021: shows [Ac 7s] (two pair, Aces and Deuces)
erald86 collected 820 from pot
*** SUMMARY ***
Total pot 820 | Rake 0 
Board [Qs Ad 2d 2s 4h]
Seat 2: erald86 (big blind) showed [3h 5h] and won (820) with a straight, Ace to Five
Seat 3: Mahu2021 (button) (small blind) showed [Ac 7s] and lost with two pair, Aces and Deuces



PokerStars Hand #249683037946: Tournament #3735013481, $1.84+$0.16 USD Hold'em No Limit - Level V (40/80) - 2024/03/29 11:28:30 CET [2024/03/29 6:28:30 ET]
Table '3735013481 1' 3-max Seat #2 is the button
Seat 2: erald86 (820 in chips) 
Seat 3: Mahu2021 (680 in chips) 
erald86: posts small blind 40
Mahu2021: posts big blind 80
*** HOLE CARDS ***
Dealt to Mahu2021 [Th Td]
erald86: calls 40
Mahu2021: raises 600 to 680 and is all-in
erald86: calls 600
*** FLOP *** [Kc 9h 4s]
*** TURN *** [Kc 9h 4s] [Qd]
*** RIVER *** [Kc 9h 4s Qd] [2d]
*** SHOW DOWN ***
Mahu2021: shows [Th Td] (a pair of Tens)
erald86: shows [Qh 8h] (a pair of Queens)
erald86 collected 1360 from pot
Mahu2021 finished the tournament in 2nd place
erald86 wins the tournament and receives $4.00 - congratulations!
*** SUMMARY ***
Total pot 1360 | Rake 0 
Board [Kc 9h 4s Qd 2d]
Seat 2: erald86 (button) (small blind) showed [Qh 8h] and won (1360) with a pair of Queens
Seat 3: Mahu2021 (big blind) showed [Th Td] and lost with a pair of Tens



