PokerStars Hand #248816825902: Tournament #3714288064, $1.84+$0.16 USD Hold'em No Limit - Level I (10/20) - 2024/02/11 14:11:24 CET [2024/02/11 8:11:24 ET]
Table '3714288064 1' 3-max Seat #1 is the button
Seat 1: IlievskiJ (500 in chips) 
Seat 2: Mahu2021 (500 in chips) 
Seat 3: Nicko Buko (500 in chips) 
Mahu2021: posts small blind 10
Nicko Buko: posts big blind 20
*** HOLE CARDS ***
Dealt to Mahu2021 [Js Qd]
IlievskiJ: folds 
Mahu2021: raises 20 to 40
Nicko Buko: folds 
Uncalled bet (20) returned to Mahu2021
Mahu2021 collected 40 from pot
Mahu2021: doesn't show hand 
*** SUMMARY ***
Total pot 40 | Rake 0 
Seat 1: IlievskiJ (button) folded before Flop (didn't bet)
Seat 2: Mahu2021 (small blind) collected (40)
Seat 3: Nicko Buko (big blind) folded before Flop



PokerStars Hand #248816828511: Tournament #3714288064, $1.84+$0.16 USD Hold'em No Limit - Level I (10/20) - 2024/02/11 14:11:36 CET [2024/02/11 8:11:36 ET]
Table '3714288064 1' 3-max Seat #2 is the button
Seat 1: IlievskiJ (500 in chips) 
Seat 2: Mahu2021 (520 in chips) 
Seat 3: Nicko Buko (480 in chips) 
Nicko Buko: posts small blind 10
IlievskiJ: posts big blind 20
*** HOLE CARDS ***
Dealt to Mahu2021 [Th Qs]
Mahu2021: raises 20 to 40
Nicko Buko: folds 
IlievskiJ: raises 460 to 500 and is all-in
Mahu2021: folds 
Uncalled bet (460) returned to IlievskiJ
IlievskiJ collected 90 from pot
*** SUMMARY ***
Total pot 90 | Rake 0 
Seat 1: IlievskiJ (big blind) collected (90)
Seat 2: Mahu2021 (button) folded before Flop
Seat 3: Nicko Buko (small blind) folded before Flop



PokerStars Hand #248816832455: Tournament #3714288064, $1.84+$0.16 USD Hold'em No Limit - Level I (10/20) - 2024/02/11 14:11:55 CET [2024/02/11 8:11:55 ET]
Table '3714288064 1' 3-max Seat #3 is the button
Seat 1: IlievskiJ (550 in chips) 
Seat 2: Mahu2021 (480 in chips) 
Seat 3: Nicko Buko (470 in chips) 
IlievskiJ: posts small blind 10
Mahu2021: posts big blind 20
*** HOLE CARDS ***
Dealt to Mahu2021 [8d 4s]
Nicko Buko: folds 
IlievskiJ: raises 26 to 46
Mahu2021: folds 
Uncalled bet (26) returned to IlievskiJ
IlievskiJ collected 40 from pot
*** SUMMARY ***
Total pot 40 | Rake 0 
Seat 1: IlievskiJ (small blind) collected (40)
Seat 2: Mahu2021 (big blind) folded before Flop
Seat 3: Nicko Buko (button) folded before Flop (didn't bet)



PokerStars Hand #248816833827: Tournament #3714288064, $1.84+$0.16 USD Hold'em No Limit - Level I (10/20) - 2024/02/11 14:12:01 CET [2024/02/11 8:12:01 ET]
Table '3714288064 1' 3-max Seat #1 is the button
Seat 1: IlievskiJ (570 in chips) 
Seat 2: Mahu2021 (460 in chips) 
Seat 3: Nicko Buko (470 in chips) 
Mahu2021: posts small blind 10
Nicko Buko: posts big blind 20
*** HOLE CARDS ***
Dealt to Mahu2021 [9s Kd]
IlievskiJ: folds 
Mahu2021: raises 20 to 40
Nicko Buko: folds 
Uncalled bet (20) returned to Mahu2021
Mahu2021 collected 40 from pot
Mahu2021: doesn't show hand 
*** SUMMARY ***
Total pot 40 | Rake 0 
Seat 1: IlievskiJ (button) folded before Flop (didn't bet)
Seat 2: Mahu2021 (small blind) collected (40)
Seat 3: Nicko Buko (big blind) folded before Flop



PokerStars Hand #248816836657: Tournament #3714288064, $1.84+$0.16 USD Hold'em No Limit - Level I (10/20) - 2024/02/11 14:12:14 CET [2024/02/11 8:12:14 ET]
Table '3714288064 1' 3-max Seat #2 is the button
Seat 1: IlievskiJ (570 in chips) 
Seat 2: Mahu2021 (480 in chips) 
Seat 3: Nicko Buko (450 in chips) 
Nicko Buko: posts small blind 10
IlievskiJ: posts big blind 20
*** HOLE CARDS ***
Dealt to Mahu2021 [Qc 4d]
Mahu2021: folds 
Nicko Buko: folds 
Uncalled bet (10) returned to IlievskiJ
IlievskiJ collected 20 from pot
*** SUMMARY ***
Total pot 20 | Rake 0 
Seat 1: IlievskiJ (big blind) collected (20)
Seat 2: Mahu2021 (button) folded before Flop (didn't bet)
Seat 3: Nicko Buko (small blind) folded before Flop



PokerStars Hand #248816838180: Tournament #3714288064, $1.84+$0.16 USD Hold'em No Limit - Level I (10/20) - 2024/02/11 14:12:21 CET [2024/02/11 8:12:21 ET]
Table '3714288064 1' 3-max Seat #3 is the button
Seat 1: IlievskiJ (580 in chips) 
Seat 2: Mahu2021 (480 in chips) 
Seat 3: Nicko Buko (440 in chips) 
IlievskiJ: posts small blind 10
Mahu2021: posts big blind 20
*** HOLE CARDS ***
Dealt to Mahu2021 [6h 5c]
Nicko Buko: folds 
IlievskiJ: folds 
Uncalled bet (10) returned to Mahu2021
Mahu2021 collected 20 from pot
Mahu2021: doesn't show hand 
*** SUMMARY ***
Total pot 20 | Rake 0 
Seat 1: IlievskiJ (small blind) folded before Flop
Seat 2: Mahu2021 (big blind) collected (20)
Seat 3: Nicko Buko (button) folded before Flop (didn't bet)



PokerStars Hand #248816843343: Tournament #3714288064, $1.84+$0.16 USD Hold'em No Limit - Level I (10/20) - 2024/02/11 14:12:45 CET [2024/02/11 8:12:45 ET]
Table '3714288064 1' 3-max Seat #1 is the button
Seat 1: IlievskiJ (570 in chips) 
Seat 2: Mahu2021 (490 in chips) 
Seat 3: Nicko Buko (440 in chips) 
Mahu2021: posts small blind 10
Nicko Buko: posts big blind 20
*** HOLE CARDS ***
Dealt to Mahu2021 [2d 2s]
IlievskiJ: folds 
Mahu2021: raises 20 to 40
Nicko Buko: raises 400 to 440 and is all-in
Mahu2021: folds 
Uncalled bet (400) returned to Nicko Buko
Nicko Buko collected 80 from pot
Nicko Buko: doesn't show hand 
*** SUMMARY ***
Total pot 80 | Rake 0 
Seat 1: IlievskiJ (button) folded before Flop (didn't bet)
Seat 2: Mahu2021 (small blind) folded before Flop
Seat 3: Nicko Buko (big blind) collected (80)



PokerStars Hand #248816847280: Tournament #3714288064, $1.84+$0.16 USD Hold'em No Limit - Level I (10/20) - 2024/02/11 14:13:03 CET [2024/02/11 8:13:03 ET]
Table '3714288064 1' 3-max Seat #2 is the button
Seat 1: IlievskiJ (570 in chips) 
Seat 2: Mahu2021 (450 in chips) 
Seat 3: Nicko Buko (480 in chips) 
Nicko Buko: posts small blind 10
IlievskiJ: posts big blind 20
*** HOLE CARDS ***
Dealt to Mahu2021 [3d 8h]
Mahu2021: folds 
Nicko Buko: raises 40 to 60
IlievskiJ: raises 510 to 570 and is all-in
Nicko Buko: folds 
Uncalled bet (510) returned to IlievskiJ
IlievskiJ collected 120 from pot
*** SUMMARY ***
Total pot 120 | Rake 0 
Seat 1: IlievskiJ (big blind) collected (120)
Seat 2: Mahu2021 (button) folded before Flop (didn't bet)
Seat 3: Nicko Buko (small blind) folded before Flop



PokerStars Hand #248816850730: Tournament #3714288064, $1.84+$0.16 USD Hold'em No Limit - Level I (10/20) - 2024/02/11 14:13:20 CET [2024/02/11 8:13:20 ET]
Table '3714288064 1' 3-max Seat #3 is the button
Seat 1: IlievskiJ (630 in chips) 
Seat 2: Mahu2021 (450 in chips) 
Seat 3: Nicko Buko (420 in chips) 
IlievskiJ: posts small blind 10
Mahu2021: posts big blind 20
*** HOLE CARDS ***
Dealt to Mahu2021 [Ad 7c]
Nicko Buko: folds 
IlievskiJ: folds 
Uncalled bet (10) returned to Mahu2021
Mahu2021 collected 20 from pot
Mahu2021: doesn't show hand 
*** SUMMARY ***
Total pot 20 | Rake 0 
Seat 1: IlievskiJ (small blind) folded before Flop
Seat 2: Mahu2021 (big blind) collected (20)
Seat 3: Nicko Buko (button) folded before Flop (didn't bet)



PokerStars Hand #248816851894: Tournament #3714288064, $1.84+$0.16 USD Hold'em No Limit - Level I (10/20) - 2024/02/11 14:13:25 CET [2024/02/11 8:13:25 ET]
Table '3714288064 1' 3-max Seat #1 is the button
Seat 1: IlievskiJ (620 in chips) 
Seat 2: Mahu2021 (460 in chips) 
Seat 3: Nicko Buko (420 in chips) 
Mahu2021: posts small blind 10
Nicko Buko: posts big blind 20
*** HOLE CARDS ***
Dealt to Mahu2021 [Ad Js]
IlievskiJ: raises 20 to 40
Mahu2021: raises 420 to 460 and is all-in
Nicko Buko: folds 
IlievskiJ: folds 
Uncalled bet (420) returned to Mahu2021
Mahu2021 collected 100 from pot
Mahu2021: doesn't show hand 
*** SUMMARY ***
Total pot 100 | Rake 0 
Seat 1: IlievskiJ (button) folded before Flop
Seat 2: Mahu2021 (small blind) collected (100)
Seat 3: Nicko Buko (big blind) folded before Flop



PokerStars Hand #248816853710: Tournament #3714288064, $1.84+$0.16 USD Hold'em No Limit - Level I (10/20) - 2024/02/11 14:13:34 CET [2024/02/11 8:13:34 ET]
Table '3714288064 1' 3-max Seat #2 is the button
Seat 1: IlievskiJ (580 in chips) 
Seat 2: Mahu2021 (520 in chips) 
Seat 3: Nicko Buko (400 in chips) 
Nicko Buko: posts small blind 10
IlievskiJ: posts big blind 20
*** HOLE CARDS ***
Dealt to Mahu2021 [Ks 4c]
Mahu2021: folds 
Nicko Buko: folds 
Uncalled bet (10) returned to IlievskiJ
IlievskiJ collected 20 from pot
*** SUMMARY ***
Total pot 20 | Rake 0 
Seat 1: IlievskiJ (big blind) collected (20)
Seat 2: Mahu2021 (button) folded before Flop (didn't bet)
Seat 3: Nicko Buko (small blind) folded before Flop



PokerStars Hand #248816855066: Tournament #3714288064, $1.84+$0.16 USD Hold'em No Limit - Level I (10/20) - 2024/02/11 14:13:40 CET [2024/02/11 8:13:40 ET]
Table '3714288064 1' 3-max Seat #3 is the button
Seat 1: IlievskiJ (590 in chips) 
Seat 2: Mahu2021 (520 in chips) 
Seat 3: Nicko Buko (390 in chips) 
IlievskiJ: posts small blind 10
Mahu2021: posts big blind 20
*** HOLE CARDS ***
Dealt to Mahu2021 [Kc Ah]
Nicko Buko: folds 
IlievskiJ: folds 
Uncalled bet (10) returned to Mahu2021
Mahu2021 collected 20 from pot
Mahu2021: doesn't show hand 
*** SUMMARY ***
Total pot 20 | Rake 0 
Seat 1: IlievskiJ (small blind) folded before Flop
Seat 2: Mahu2021 (big blind) collected (20)
Seat 3: Nicko Buko (button) folded before Flop (didn't bet)



PokerStars Hand #248816856694: Tournament #3714288064, $1.84+$0.16 USD Hold'em No Limit - Level I (10/20) - 2024/02/11 14:13:48 CET [2024/02/11 8:13:48 ET]
Table '3714288064 1' 3-max Seat #1 is the button
Seat 1: IlievskiJ (580 in chips) 
Seat 2: Mahu2021 (530 in chips) 
Seat 3: Nicko Buko (390 in chips) 
Mahu2021: posts small blind 10
Nicko Buko: posts big blind 20
*** HOLE CARDS ***
Dealt to Mahu2021 [Ks Jd]
IlievskiJ: folds 
Mahu2021: raises 20 to 40
Nicko Buko: calls 20
*** FLOP *** [4d 5h 8s]
Mahu2021: checks 
Nicko Buko: bets 20
Mahu2021: calls 20
*** TURN *** [4d 5h 8s] [Qh]
Mahu2021: checks 
Nicko Buko: bets 90
Mahu2021: folds 
Uncalled bet (90) returned to Nicko Buko
Nicko Buko collected 120 from pot
Nicko Buko: doesn't show hand 
*** SUMMARY ***
Total pot 120 | Rake 0 
Board [4d 5h 8s Qh]
Seat 1: IlievskiJ (button) folded before Flop (didn't bet)
Seat 2: Mahu2021 (small blind) folded on the Turn
Seat 3: Nicko Buko (big blind) collected (120)



PokerStars Hand #248816864202: Tournament #3714288064, $1.84+$0.16 USD Hold'em No Limit - Level I (10/20) - 2024/02/11 14:14:23 CET [2024/02/11 8:14:23 ET]
Table '3714288064 1' 3-max Seat #2 is the button
Seat 1: IlievskiJ (580 in chips) 
Seat 2: Mahu2021 (470 in chips) 
Seat 3: Nicko Buko (450 in chips) 
Nicko Buko: posts small blind 10
IlievskiJ: posts big blind 20
*** HOLE CARDS ***
Dealt to Mahu2021 [Js Ac]
Mahu2021: raises 20 to 40
Nicko Buko: folds 
IlievskiJ: calls 20
*** FLOP *** [5h Jc 3h]
IlievskiJ: checks 
Mahu2021: bets 90
IlievskiJ: folds 
Uncalled bet (90) returned to Mahu2021
Mahu2021 collected 90 from pot
Mahu2021: doesn't show hand 
*** SUMMARY ***
Total pot 90 | Rake 0 
Board [5h Jc 3h]
Seat 1: IlievskiJ (big blind) folded on the Flop
Seat 2: Mahu2021 (button) collected (90)
Seat 3: Nicko Buko (small blind) folded before Flop



PokerStars Hand #248816870389: Tournament #3714288064, $1.84+$0.16 USD Hold'em No Limit - Level II (15/30) - 2024/02/11 14:14:51 CET [2024/02/11 8:14:51 ET]
Table '3714288064 1' 3-max Seat #3 is the button
Seat 1: IlievskiJ (540 in chips) 
Seat 2: Mahu2021 (520 in chips) 
Seat 3: Nicko Buko (440 in chips) 
IlievskiJ: posts small blind 15
Mahu2021: posts big blind 30
*** HOLE CARDS ***
Dealt to Mahu2021 [7c Td]
Nicko Buko: folds 
IlievskiJ: folds 
Uncalled bet (15) returned to Mahu2021
Mahu2021 collected 30 from pot
Mahu2021: doesn't show hand 
*** SUMMARY ***
Total pot 30 | Rake 0 
Seat 1: IlievskiJ (small blind) folded before Flop
Seat 2: Mahu2021 (big blind) collected (30)
Seat 3: Nicko Buko (button) folded before Flop (didn't bet)



PokerStars Hand #248816871810: Tournament #3714288064, $1.84+$0.16 USD Hold'em No Limit - Level II (15/30) - 2024/02/11 14:14:58 CET [2024/02/11 8:14:58 ET]
Table '3714288064 1' 3-max Seat #1 is the button
Seat 1: IlievskiJ (525 in chips) 
Seat 2: Mahu2021 (535 in chips) 
Seat 3: Nicko Buko (440 in chips) 
Mahu2021: posts small blind 15
Nicko Buko: posts big blind 30
*** HOLE CARDS ***
Dealt to Mahu2021 [Td 9c]
IlievskiJ: folds 
Mahu2021: calls 15
Nicko Buko: raises 410 to 440 and is all-in
Mahu2021: folds 
Uncalled bet (410) returned to Nicko Buko
Nicko Buko collected 60 from pot
Nicko Buko: doesn't show hand 
*** SUMMARY ***
Total pot 60 | Rake 0 
Seat 1: IlievskiJ (button) folded before Flop (didn't bet)
Seat 2: Mahu2021 (small blind) folded before Flop
Seat 3: Nicko Buko (big blind) collected (60)



PokerStars Hand #248816873978: Tournament #3714288064, $1.84+$0.16 USD Hold'em No Limit - Level II (15/30) - 2024/02/11 14:15:08 CET [2024/02/11 8:15:08 ET]
Table '3714288064 1' 3-max Seat #2 is the button
Seat 1: IlievskiJ (525 in chips) 
Seat 2: Mahu2021 (505 in chips) 
Seat 3: Nicko Buko (470 in chips) 
Nicko Buko: posts small blind 15
IlievskiJ: posts big blind 30
*** HOLE CARDS ***
Dealt to Mahu2021 [6c 3s]
Mahu2021: folds 
Nicko Buko: raises 440 to 470 and is all-in
IlievskiJ: folds 
Uncalled bet (440) returned to Nicko Buko
Nicko Buko collected 60 from pot
Nicko Buko: doesn't show hand 
*** SUMMARY ***
Total pot 60 | Rake 0 
Seat 1: IlievskiJ (big blind) folded before Flop
Seat 2: Mahu2021 (button) folded before Flop (didn't bet)
Seat 3: Nicko Buko (small blind) collected (60)



PokerStars Hand #248816876724: Tournament #3714288064, $1.84+$0.16 USD Hold'em No Limit - Level II (15/30) - 2024/02/11 14:15:21 CET [2024/02/11 8:15:21 ET]
Table '3714288064 1' 3-max Seat #3 is the button
Seat 1: IlievskiJ (495 in chips) 
Seat 2: Mahu2021 (505 in chips) 
Seat 3: Nicko Buko (500 in chips) 
IlievskiJ: posts small blind 15
Mahu2021: posts big blind 30
*** HOLE CARDS ***
Dealt to Mahu2021 [4d 2d]
Nicko Buko: raises 30 to 60
IlievskiJ: calls 45
Mahu2021: calls 30
*** FLOP *** [Ts Jh 7h]
IlievskiJ: checks 
Mahu2021: checks 
Nicko Buko: checks 
*** TURN *** [Ts Jh 7h] [2h]
IlievskiJ: checks 
Mahu2021: bets 60
Nicko Buko: folds 
IlievskiJ: folds 
Uncalled bet (60) returned to Mahu2021
Mahu2021 collected 180 from pot
Mahu2021: doesn't show hand 
*** SUMMARY ***
Total pot 180 | Rake 0 
Board [Ts Jh 7h 2h]
Seat 1: IlievskiJ (small blind) folded on the Turn
Seat 2: Mahu2021 (big blind) collected (180)
Seat 3: Nicko Buko (button) folded on the Turn



PokerStars Hand #248816881702: Tournament #3714288064, $1.84+$0.16 USD Hold'em No Limit - Level II (15/30) - 2024/02/11 14:15:44 CET [2024/02/11 8:15:44 ET]
Table '3714288064 1' 3-max Seat #1 is the button
Seat 1: IlievskiJ (435 in chips) 
Seat 2: Mahu2021 (625 in chips) 
Seat 3: Nicko Buko (440 in chips) 
Mahu2021: posts small blind 15
Nicko Buko: posts big blind 30
*** HOLE CARDS ***
Dealt to Mahu2021 [3h 6h]
IlievskiJ: raises 30 to 60
Mahu2021: calls 45
Nicko Buko: folds 
*** FLOP *** [Td Ks 4s]
Mahu2021: checks 
IlievskiJ: bets 30
Mahu2021: folds 
Uncalled bet (30) returned to IlievskiJ
IlievskiJ collected 150 from pot
*** SUMMARY ***
Total pot 150 | Rake 0 
Board [Td Ks 4s]
Seat 1: IlievskiJ (button) collected (150)
Seat 2: Mahu2021 (small blind) folded on the Flop
Seat 3: Nicko Buko (big blind) folded before Flop



PokerStars Hand #248816886591: Tournament #3714288064, $1.84+$0.16 USD Hold'em No Limit - Level II (15/30) - 2024/02/11 14:16:07 CET [2024/02/11 8:16:07 ET]
Table '3714288064 1' 3-max Seat #2 is the button
Seat 1: IlievskiJ (525 in chips) 
Seat 2: Mahu2021 (565 in chips) 
Seat 3: Nicko Buko (410 in chips) 
Nicko Buko: posts small blind 15
IlievskiJ: posts big blind 30
*** HOLE CARDS ***
Dealt to Mahu2021 [Ac 2h]
Mahu2021: folds 
Nicko Buko: folds 
Uncalled bet (15) returned to IlievskiJ
IlievskiJ collected 30 from pot
*** SUMMARY ***
Total pot 30 | Rake 0 
Seat 1: IlievskiJ (big blind) collected (30)
Seat 2: Mahu2021 (button) folded before Flop (didn't bet)
Seat 3: Nicko Buko (small blind) folded before Flop



PokerStars Hand #248816888636: Tournament #3714288064, $1.84+$0.16 USD Hold'em No Limit - Level II (15/30) - 2024/02/11 14:16:16 CET [2024/02/11 8:16:16 ET]
Table '3714288064 1' 3-max Seat #3 is the button
Seat 1: IlievskiJ (540 in chips) 
Seat 2: Mahu2021 (565 in chips) 
Seat 3: Nicko Buko (395 in chips) 
IlievskiJ: posts small blind 15
Mahu2021: posts big blind 30
*** HOLE CARDS ***
Dealt to Mahu2021 [Kd Kc]
Nicko Buko: folds 
IlievskiJ: raises 30 to 60
Mahu2021: raises 505 to 565 and is all-in
IlievskiJ: folds 
Uncalled bet (505) returned to Mahu2021
Mahu2021 collected 120 from pot
Mahu2021: doesn't show hand 
*** SUMMARY ***
Total pot 120 | Rake 0 
Seat 1: IlievskiJ (small blind) folded before Flop
Seat 2: Mahu2021 (big blind) collected (120)
Seat 3: Nicko Buko (button) folded before Flop (didn't bet)



PokerStars Hand #248816891457: Tournament #3714288064, $1.84+$0.16 USD Hold'em No Limit - Level II (15/30) - 2024/02/11 14:16:29 CET [2024/02/11 8:16:29 ET]
Table '3714288064 1' 3-max Seat #1 is the button
Seat 1: IlievskiJ (480 in chips) 
Seat 2: Mahu2021 (625 in chips) 
Seat 3: Nicko Buko (395 in chips) 
Mahu2021: posts small blind 15
Nicko Buko: posts big blind 30
*** HOLE CARDS ***
Dealt to Mahu2021 [Jc 3d]
IlievskiJ: raises 30 to 60
Mahu2021: folds 
Nicko Buko: folds 
Uncalled bet (30) returned to IlievskiJ
IlievskiJ collected 75 from pot
*** SUMMARY ***
Total pot 75 | Rake 0 
Seat 1: IlievskiJ (button) collected (75)
Seat 2: Mahu2021 (small blind) folded before Flop
Seat 3: Nicko Buko (big blind) folded before Flop



PokerStars Hand #248816893467: Tournament #3714288064, $1.84+$0.16 USD Hold'em No Limit - Level II (15/30) - 2024/02/11 14:16:38 CET [2024/02/11 8:16:38 ET]
Table '3714288064 1' 3-max Seat #2 is the button
Seat 1: IlievskiJ (525 in chips) 
Seat 2: Mahu2021 (610 in chips) 
Seat 3: Nicko Buko (365 in chips) 
Nicko Buko: posts small blind 15
IlievskiJ: posts big blind 30
*** HOLE CARDS ***
Dealt to Mahu2021 [9h Ah]
Mahu2021: raises 30 to 60
Nicko Buko: raises 305 to 365 and is all-in
IlievskiJ: folds 
Mahu2021: calls 305
*** FLOP *** [Qh 6h Qc]
*** TURN *** [Qh 6h Qc] [9s]
*** RIVER *** [Qh 6h Qc 9s] [3s]
*** SHOW DOWN ***
Nicko Buko: shows [Js Ad] (a pair of Queens)
Mahu2021: shows [9h Ah] (two pair, Queens and Nines)
Mahu2021 collected 760 from pot
Nicko Buko finished the tournament in 3rd place
*** SUMMARY ***
Total pot 760 | Rake 0 
Board [Qh 6h Qc 9s 3s]
Seat 1: IlievskiJ (big blind) folded before Flop
Seat 2: Mahu2021 (button) showed [9h Ah] and won (760) with two pair, Queens and Nines
Seat 3: Nicko Buko (small blind) showed [Js Ad] and lost with a pair of Queens



PokerStars Hand #248816898090: Tournament #3714288064, $1.84+$0.16 USD Hold'em No Limit - Level II (15/30) - 2024/02/11 14:17:00 CET [2024/02/11 8:17:00 ET]
Table '3714288064 1' 3-max Seat #1 is the button
Seat 1: IlievskiJ (495 in chips) 
Seat 2: Mahu2021 (1005 in chips) 
IlievskiJ: posts small blind 15
Mahu2021: posts big blind 30
*** HOLE CARDS ***
Dealt to Mahu2021 [Ac Jh]
IlievskiJ: calls 15
Mahu2021: raises 60 to 90
IlievskiJ: calls 60
*** FLOP *** [Jd 3h Kh]
Mahu2021: checks 
IlievskiJ: checks 
*** TURN *** [Jd 3h Kh] [2h]
Mahu2021: checks 
IlievskiJ: checks 
*** RIVER *** [Jd 3h Kh 2h] [5c]
Mahu2021: bets 60
IlievskiJ: calls 60
*** SHOW DOWN ***
Mahu2021: shows [Ac Jh] (a pair of Jacks)
IlievskiJ: mucks hand 
Mahu2021 collected 300 from pot
*** SUMMARY ***
Total pot 300 | Rake 0 
Board [Jd 3h Kh 2h 5c]
Seat 1: IlievskiJ (button) (small blind) mucked [2c Qc]
Seat 2: Mahu2021 (big blind) showed [Ac Jh] and won (300) with a pair of Jacks



PokerStars Hand #248816902681: Tournament #3714288064, $1.84+$0.16 USD Hold'em No Limit - Level II (15/30) - 2024/02/11 14:17:21 CET [2024/02/11 8:17:21 ET]
Table '3714288064 1' 3-max Seat #2 is the button
Seat 1: IlievskiJ (345 in chips) 
Seat 2: Mahu2021 (1155 in chips) 
Mahu2021: posts small blind 15
IlievskiJ: posts big blind 30
*** HOLE CARDS ***
Dealt to Mahu2021 [9h Ac]
Mahu2021: raises 60 to 90
IlievskiJ: folds 
Uncalled bet (60) returned to Mahu2021
Mahu2021 collected 60 from pot
Mahu2021: doesn't show hand 
*** SUMMARY ***
Total pot 60 | Rake 0 
Seat 1: IlievskiJ (big blind) folded before Flop
Seat 2: Mahu2021 (button) (small blind) collected (60)



PokerStars Hand #248816904649: Tournament #3714288064, $1.84+$0.16 USD Hold'em No Limit - Level III (20/40) - 2024/02/11 14:17:30 CET [2024/02/11 8:17:30 ET]
Table '3714288064 1' 3-max Seat #1 is the button
Seat 1: IlievskiJ (315 in chips) 
Seat 2: Mahu2021 (1185 in chips) 
IlievskiJ: posts small blind 20
Mahu2021: posts big blind 40
*** HOLE CARDS ***
Dealt to Mahu2021 [Qh 8s]
IlievskiJ: raises 275 to 315 and is all-in
Mahu2021: calls 275
*** FLOP *** [Qc 4h 6d]
*** TURN *** [Qc 4h 6d] [2s]
*** RIVER *** [Qc 4h 6d 2s] [5d]
*** SHOW DOWN ***
Mahu2021: shows [Qh 8s] (a pair of Queens)
IlievskiJ: shows [9s As] (high card Ace)
Mahu2021 collected 630 from pot
IlievskiJ finished the tournament in 2nd place
Mahu2021 wins the tournament and receives $8.00 - congratulations!
*** SUMMARY ***
Total pot 630 | Rake 0 
Board [Qc 4h 6d 2s 5d]
Seat 1: IlievskiJ (button) (small blind) showed [9s As] and lost with high card Ace
Seat 2: Mahu2021 (big blind) showed [Qh 8s] and won (630) with a pair of Queens



