PokerStars Hand #253430494871: Tournament #3824168757, $1.84+$0.16 USD Hold'em No Limit - Level I (10/20) - 2024/11/16 17:45:14 CET [2024/11/16 11:45:14 ET]
Table '3824168757 1' 3-max Seat #1 is the button
Seat 1: Showcolate2 (500 in chips) is sitting out
Seat 2: anastasiad77 (500 in chips) 
Seat 3: Mahu2021 (500 in chips) 
anastasiad77: posts small blind 10
Mahu2021: posts big blind 20
*** HOLE CARDS ***
Dealt to Mahu2021 [2h Jc]
Showcolate2: folds 
Showcolate2 has returned
anastasiad77: folds 
Uncalled bet (10) returned to Mahu2021
Mahu2021 collected 20 from pot
Mahu2021: doesn't show hand 
*** SUMMARY ***
Total pot 20 | Rake 0 
Seat 1: Showcolate2 (button) folded before Flop (didn't bet)
Seat 2: anastasiad77 (small blind) folded before Flop
Seat 3: Mahu2021 (big blind) collected (20)



PokerStars Hand #253430495940: Tournament #3824168757, $1.84+$0.16 USD Hold'em No Limit - Level I (10/20) - 2024/11/16 17:45:18 CET [2024/11/16 11:45:18 ET]
Table '3824168757 1' 3-max Seat #2 is the button
Seat 1: Showcolate2 (500 in chips) 
Seat 2: anastasiad77 (490 in chips) 
Seat 3: Mahu2021 (510 in chips) 
Mahu2021: posts small blind 10
Showcolate2: posts big blind 20
*** HOLE CARDS ***
Dealt to Mahu2021 [9d 8c]
anastasiad77: raises 20 to 40
Mahu2021: calls 30
Showcolate2: folds 
*** FLOP *** [5s Tc 4h]
Mahu2021: checks 
anastasiad77: bets 50
Mahu2021: folds 
Uncalled bet (50) returned to anastasiad77
anastasiad77 collected 100 from pot
*** SUMMARY ***
Total pot 100 | Rake 0 
Board [5s Tc 4h]
Seat 1: Showcolate2 (big blind) folded before Flop
Seat 2: anastasiad77 (button) collected (100)
Seat 3: Mahu2021 (small blind) folded on the Flop



PokerStars Hand #253430502983: Tournament #3824168757, $1.84+$0.16 USD Hold'em No Limit - Level I (10/20) - 2024/11/16 17:45:47 CET [2024/11/16 11:45:47 ET]
Table '3824168757 1' 3-max Seat #3 is the button
Seat 1: Showcolate2 (480 in chips) 
Seat 2: anastasiad77 (550 in chips) 
Seat 3: Mahu2021 (470 in chips) 
Showcolate2: posts small blind 10
anastasiad77: posts big blind 20
*** HOLE CARDS ***
Dealt to Mahu2021 [9s 4s]
Mahu2021: folds 
Showcolate2: folds 
Uncalled bet (10) returned to anastasiad77
anastasiad77 collected 20 from pot
*** SUMMARY ***
Total pot 20 | Rake 0 
Seat 1: Showcolate2 (small blind) folded before Flop
Seat 2: anastasiad77 (big blind) collected (20)
Seat 3: Mahu2021 (button) folded before Flop (didn't bet)



PokerStars Hand #253430504408: Tournament #3824168757, $1.84+$0.16 USD Hold'em No Limit - Level I (10/20) - 2024/11/16 17:45:53 CET [2024/11/16 11:45:53 ET]
Table '3824168757 1' 3-max Seat #1 is the button
Seat 1: Showcolate2 (470 in chips) 
Seat 2: anastasiad77 (560 in chips) 
Seat 3: Mahu2021 (470 in chips) 
anastasiad77: posts small blind 10
Mahu2021: posts big blind 20
*** HOLE CARDS ***
Dealt to Mahu2021 [Qc Qh]
Showcolate2: folds 
anastasiad77: calls 10
Mahu2021: raises 450 to 470 and is all-in
anastasiad77: folds 
Uncalled bet (450) returned to Mahu2021
Mahu2021 collected 40 from pot
Mahu2021: doesn't show hand 
*** SUMMARY ***
Total pot 40 | Rake 0 
Seat 1: Showcolate2 (button) folded before Flop (didn't bet)
Seat 2: anastasiad77 (small blind) folded before Flop
Seat 3: Mahu2021 (big blind) collected (40)



PokerStars Hand #253430508361: Tournament #3824168757, $1.84+$0.16 USD Hold'em No Limit - Level I (10/20) - 2024/11/16 17:46:10 CET [2024/11/16 11:46:10 ET]
Table '3824168757 1' 3-max Seat #2 is the button
Seat 1: Showcolate2 (470 in chips) 
Seat 2: anastasiad77 (540 in chips) 
Seat 3: Mahu2021 (490 in chips) 
Mahu2021: posts small blind 10
Showcolate2: posts big blind 20
*** HOLE CARDS ***
Dealt to Mahu2021 [9s 9d]
anastasiad77: raises 20 to 40
Mahu2021: calls 30
Showcolate2: folds 
*** FLOP *** [2h Qc 2s]
Mahu2021: checks 
anastasiad77: checks 
*** TURN *** [2h Qc 2s] [Qs]
Mahu2021: bets 40
anastasiad77: calls 40
*** RIVER *** [2h Qc 2s Qs] [7d]
Mahu2021: bets 40
anastasiad77: calls 40
*** SHOW DOWN ***
Mahu2021: shows [9s 9d] (two pair, Queens and Nines)
anastasiad77: mucks hand 
Mahu2021 collected 260 from pot
*** SUMMARY ***
Total pot 260 | Rake 0 
Board [2h Qc 2s Qs 7d]
Seat 1: Showcolate2 (big blind) folded before Flop
Seat 2: anastasiad77 (button) mucked [5h Ad]
Seat 3: Mahu2021 (small blind) showed [9s 9d] and won (260) with two pair, Queens and Nines



PokerStars Hand #253430517293: Tournament #3824168757, $1.84+$0.16 USD Hold'em No Limit - Level I (10/20) - 2024/11/16 17:46:47 CET [2024/11/16 11:46:47 ET]
Table '3824168757 1' 3-max Seat #3 is the button
Seat 1: Showcolate2 (450 in chips) 
Seat 2: anastasiad77 (420 in chips) 
Seat 3: Mahu2021 (630 in chips) 
Showcolate2: posts small blind 10
anastasiad77: posts big blind 20
*** HOLE CARDS ***
Dealt to Mahu2021 [As Kh]
Mahu2021: calls 20
Showcolate2: calls 10
anastasiad77: checks 
*** FLOP *** [8h 4h Qc]
Showcolate2: checks 
anastasiad77: checks 
Mahu2021: checks 
*** TURN *** [8h 4h Qc] [Qh]
Showcolate2: checks 
anastasiad77: checks 
Mahu2021: checks 
*** RIVER *** [8h 4h Qc Qh] [Ts]
Showcolate2: bets 40
anastasiad77: folds 
Mahu2021: folds 
Uncalled bet (40) returned to Showcolate2
Showcolate2 collected 60 from pot
Showcolate2: doesn't show hand 
*** SUMMARY ***
Total pot 60 | Rake 0 
Board [8h 4h Qc Qh Ts]
Seat 1: Showcolate2 (small blind) collected (60)
Seat 2: anastasiad77 (big blind) folded on the River
Seat 3: Mahu2021 (button) folded on the River



PokerStars Hand #253430525803: Tournament #3824168757, $1.84+$0.16 USD Hold'em No Limit - Level II (15/30) - 2024/11/16 17:47:22 CET [2024/11/16 11:47:22 ET]
Table '3824168757 1' 3-max Seat #1 is the button
Seat 1: Showcolate2 (490 in chips) 
Seat 2: anastasiad77 (400 in chips) 
Seat 3: Mahu2021 (610 in chips) 
anastasiad77: posts small blind 15
Mahu2021: posts big blind 30
*** HOLE CARDS ***
Dealt to Mahu2021 [3c 5c]
Showcolate2: raises 30 to 60
anastasiad77: calls 45
Mahu2021: calls 30
*** FLOP *** [Tc Ac 4d]
anastasiad77: checks 
Mahu2021: bets 180
Showcolate2: calls 180
anastasiad77: folds 
*** TURN *** [Tc Ac 4d] [5h]
Mahu2021: bets 370 and is all-in
Showcolate2: calls 250 and is all-in
Uncalled bet (120) returned to Mahu2021
*** RIVER *** [Tc Ac 4d 5h] [8d]
*** SHOW DOWN ***
Mahu2021: shows [3c 5c] (a pair of Fives)
Showcolate2: shows [4c As] (two pair, Aces and Fours)
Showcolate2 collected 1040 from pot
*** SUMMARY ***
Total pot 1040 | Rake 0 
Board [Tc Ac 4d 5h 8d]
Seat 1: Showcolate2 (button) showed [4c As] and won (1040) with two pair, Aces and Fours
Seat 2: anastasiad77 (small blind) folded on the Flop
Seat 3: Mahu2021 (big blind) showed [3c 5c] and lost with a pair of Fives



PokerStars Hand #253430533015: Tournament #3824168757, $1.84+$0.16 USD Hold'em No Limit - Level II (15/30) - 2024/11/16 17:47:52 CET [2024/11/16 11:47:52 ET]
Table '3824168757 1' 3-max Seat #2 is the button
Seat 1: Showcolate2 (1040 in chips) 
Seat 2: anastasiad77 (340 in chips) 
Seat 3: Mahu2021 (120 in chips) 
Mahu2021: posts small blind 15
Showcolate2: posts big blind 30
*** HOLE CARDS ***
Dealt to Mahu2021 [Kh Kc]
anastasiad77: folds 
Mahu2021: raises 90 to 120 and is all-in
Showcolate2: folds 
Uncalled bet (90) returned to Mahu2021
Mahu2021 collected 60 from pot
Mahu2021: doesn't show hand 
*** SUMMARY ***
Total pot 60 | Rake 0 
Seat 1: Showcolate2 (big blind) folded before Flop
Seat 2: anastasiad77 (button) folded before Flop (didn't bet)
Seat 3: Mahu2021 (small blind) collected (60)



PokerStars Hand #253430535108: Tournament #3824168757, $1.84+$0.16 USD Hold'em No Limit - Level II (15/30) - 2024/11/16 17:48:00 CET [2024/11/16 11:48:00 ET]
Table '3824168757 1' 3-max Seat #3 is the button
Seat 1: Showcolate2 (1010 in chips) 
Seat 2: anastasiad77 (340 in chips) 
Seat 3: Mahu2021 (150 in chips) 
Showcolate2: posts small blind 15
anastasiad77: posts big blind 30
*** HOLE CARDS ***
Dealt to Mahu2021 [Qh Qc]
Mahu2021: raises 120 to 150 and is all-in
Showcolate2: folds 
anastasiad77: folds 
Uncalled bet (120) returned to Mahu2021
Mahu2021 collected 75 from pot
Mahu2021: doesn't show hand 
*** SUMMARY ***
Total pot 75 | Rake 0 
Seat 1: Showcolate2 (small blind) folded before Flop
Seat 2: anastasiad77 (big blind) folded before Flop
Seat 3: Mahu2021 (button) collected (75)



PokerStars Hand #253430537785: Tournament #3824168757, $1.84+$0.16 USD Hold'em No Limit - Level II (15/30) - 2024/11/16 17:48:12 CET [2024/11/16 11:48:12 ET]
Table '3824168757 1' 3-max Seat #1 is the button
Seat 1: Showcolate2 (995 in chips) 
Seat 2: anastasiad77 (310 in chips) 
Seat 3: Mahu2021 (195 in chips) 
anastasiad77: posts small blind 15
Mahu2021: posts big blind 30
*** HOLE CARDS ***
Dealt to Mahu2021 [7c 5d]
Showcolate2: folds 
anastasiad77: calls 15
Mahu2021: checks 
*** FLOP *** [Ah 8c As]
anastasiad77: checks 
Mahu2021: checks 
*** TURN *** [Ah 8c As] [8d]
anastasiad77: checks 
Mahu2021: checks 
*** RIVER *** [Ah 8c As 8d] [Ac]
anastasiad77: bets 60
Mahu2021: calls 60
*** SHOW DOWN ***
anastasiad77: shows [Ad 8s] (four of a kind, Aces)
Mahu2021: mucks hand 
anastasiad77 collected 180 from pot
*** SUMMARY ***
Total pot 180 | Rake 0 
Board [Ah 8c As 8d Ac]
Seat 1: Showcolate2 (button) folded before Flop (didn't bet)
Seat 2: anastasiad77 (small blind) showed [Ad 8s] and won (180) with four of a kind, Aces
Seat 3: Mahu2021 (big blind) mucked [7c 5d]



PokerStars Hand #253430541583: Tournament #3824168757, $1.84+$0.16 USD Hold'em No Limit - Level II (15/30) - 2024/11/16 17:48:28 CET [2024/11/16 11:48:28 ET]
Table '3824168757 1' 3-max Seat #2 is the button
Seat 1: Showcolate2 (995 in chips) 
Seat 2: anastasiad77 (400 in chips) 
Seat 3: Mahu2021 (105 in chips) 
Mahu2021: posts small blind 15
Showcolate2: posts big blind 30
*** HOLE CARDS ***
Dealt to Mahu2021 [7d 4c]
anastasiad77: calls 30
Mahu2021: folds 
Showcolate2: raises 60 to 90
anastasiad77: calls 60
*** FLOP *** [Jd 9s Th]
Showcolate2: bets 98
anastasiad77: calls 98
*** TURN *** [Jd 9s Th] [7h]
Showcolate2: bets 120
anastasiad77: raises 92 to 212 and is all-in
Showcolate2: calls 92
*** RIVER *** [Jd 9s Th 7h] [5d]
*** SHOW DOWN ***
Showcolate2: shows [Ad Qd] (high card Ace)
anastasiad77: shows [8c 6c] (a straight, Seven to Jack)
anastasiad77 collected 815 from pot
*** SUMMARY ***
Total pot 815 | Rake 0 
Board [Jd 9s Th 7h 5d]
Seat 1: Showcolate2 (big blind) showed [Ad Qd] and lost with high card Ace
Seat 2: anastasiad77 (button) showed [8c 6c] and won (815) with a straight, Seven to Jack
Seat 3: Mahu2021 (small blind) folded before Flop



PokerStars Hand #253430548172: Tournament #3824168757, $1.84+$0.16 USD Hold'em No Limit - Level II (15/30) - 2024/11/16 17:48:55 CET [2024/11/16 11:48:55 ET]
Table '3824168757 1' 3-max Seat #3 is the button
Seat 1: Showcolate2 (595 in chips) 
Seat 2: anastasiad77 (815 in chips) 
Seat 3: Mahu2021 (90 in chips) 
Showcolate2: posts small blind 15
anastasiad77: posts big blind 30
*** HOLE CARDS ***
Dealt to Mahu2021 [5h Ah]
Mahu2021: raises 60 to 90 and is all-in
Showcolate2: calls 75
anastasiad77: folds 
*** FLOP *** [5c 5s 3c]
*** TURN *** [5c 5s 3c] [2h]
*** RIVER *** [5c 5s 3c 2h] [7h]
*** SHOW DOWN ***
Showcolate2: shows [4h 6h] (a straight, Three to Seven)
Mahu2021: shows [5h Ah] (three of a kind, Fives)
Showcolate2 collected 210 from pot
Mahu2021 finished the tournament in 3rd place
*** SUMMARY ***
Total pot 210 | Rake 0 
Board [5c 5s 3c 2h 7h]
Seat 1: Showcolate2 (small blind) showed [4h 6h] and won (210) with a straight, Three to Seven
Seat 2: anastasiad77 (big blind) folded before Flop
Seat 3: Mahu2021 (button) showed [5h Ah] and lost with three of a kind, Fives



