PokerStars Hand #245696635985: Tournament #3638650068, $0.88+$0.12 USD Hold'em No Limit - Level I (10/20) - 2023/08/31 20:18:17 CET [2023/08/31 14:18:17 ET]
Table '3638650068 1' 9-max Seat #1 is the button
Seat 1: jan_mag_poker (1500 in chips) 
Seat 2: MatheusSV99 (1500 in chips) 
Seat 3: Forza1935 (1500 in chips) 
Seat 4: Theoo15 (1500 in chips) 
Seat 5: Número 3 (1500 in chips) 
Seat 6: Mahu2021 (1500 in chips) 
Seat 7: fernandotouu (1500 in chips) 
Seat 8: DCams105 (1500 in chips) 
Seat 9: stranska3004 (1500 in chips) 
jan_mag_poker: posts the ante 3
MatheusSV99: posts the ante 3
Forza1935: posts the ante 3
Theoo15: posts the ante 3
Número 3: posts the ante 3
Mahu2021: posts the ante 3
fernandotouu: posts the ante 3
DCams105: posts the ante 3
stranska3004: posts the ante 3
MatheusSV99: posts small blind 10
Forza1935: posts big blind 20
*** HOLE CARDS ***
Dealt to Mahu2021 [5h 7h]
Theoo15: folds 
Número 3: folds 
Mahu2021: folds 
fernandotouu: raises 20 to 40
DCams105: folds 
stranska3004: folds 
jan_mag_poker: raises 100 to 140
MatheusSV99: folds 
Forza1935: folds 
fernandotouu: calls 100
*** FLOP *** [4h 7d 4c]
fernandotouu: checks 
jan_mag_poker: checks 
*** TURN *** [4h 7d 4c] [Qd]
fernandotouu: checks 
jan_mag_poker: checks 
*** RIVER *** [4h 7d 4c Qd] [4d]
fernandotouu: bets 253
jan_mag_poker: folds 
Uncalled bet (253) returned to fernandotouu
fernandotouu collected 337 from pot
fernandotouu: doesn't show hand 
*** SUMMARY ***
Total pot 337 | Rake 0 
Board [4h 7d 4c Qd 4d]
Seat 1: jan_mag_poker (button) folded on the River
Seat 2: MatheusSV99 (small blind) folded before Flop
Seat 3: Forza1935 (big blind) folded before Flop
Seat 4: Theoo15 folded before Flop (didn't bet)
Seat 5: Número 3 folded before Flop (didn't bet)
Seat 6: Mahu2021 folded before Flop (didn't bet)
Seat 7: fernandotouu collected (337)
Seat 8: DCams105 folded before Flop (didn't bet)
Seat 9: stranska3004 folded before Flop (didn't bet)



PokerStars Hand #245696660211: Tournament #3638650068, $0.88+$0.12 USD Hold'em No Limit - Level I (10/20) - 2023/08/31 20:19:35 CET [2023/08/31 14:19:35 ET]
Table '3638650068 1' 9-max Seat #2 is the button
Seat 1: jan_mag_poker (1357 in chips) 
Seat 2: MatheusSV99 (1487 in chips) 
Seat 3: Forza1935 (1477 in chips) 
Seat 4: Theoo15 (1497 in chips) 
Seat 5: Número 3 (1497 in chips) 
Seat 6: Mahu2021 (1497 in chips) 
Seat 7: fernandotouu (1694 in chips) 
Seat 8: DCams105 (1497 in chips) 
Seat 9: stranska3004 (1497 in chips) 
jan_mag_poker: posts the ante 3
MatheusSV99: posts the ante 3
Forza1935: posts the ante 3
Theoo15: posts the ante 3
Número 3: posts the ante 3
Mahu2021: posts the ante 3
fernandotouu: posts the ante 3
DCams105: posts the ante 3
stranska3004: posts the ante 3
Forza1935: posts small blind 10
Theoo15: posts big blind 20
*** HOLE CARDS ***
Dealt to Mahu2021 [8d 8c]
Número 3: raises 20 to 40
Mahu2021: calls 40
fernandotouu: raises 110 to 150
DCams105: folds 
stranska3004: folds 
jan_mag_poker: folds 
MatheusSV99: folds 
Forza1935: calls 140
Theoo15: folds 
Número 3: folds 
Mahu2021: folds 
*** FLOP *** [3s 7h 8h]
Forza1935: bets 214
fernandotouu: calls 214
*** TURN *** [3s 7h 8h] [5c]
Forza1935: checks 
fernandotouu: bets 564
Forza1935: calls 564
*** RIVER *** [3s 7h 8h 5c] [9c]
Forza1935: checks 
fernandotouu: checks 
*** SHOW DOWN ***
Forza1935: shows [Kh Qh] (high card King)
fernandotouu: shows [Kd Ks] (a pair of Kings)
fernandotouu collected 1983 from pot
*** SUMMARY ***
Total pot 1983 | Rake 0 
Board [3s 7h 8h 5c 9c]
Seat 1: jan_mag_poker folded before Flop (didn't bet)
Seat 2: MatheusSV99 (button) folded before Flop (didn't bet)
Seat 3: Forza1935 (small blind) showed [Kh Qh] and lost with high card King
Seat 4: Theoo15 (big blind) folded before Flop
Seat 5: Número 3 folded before Flop
Seat 6: Mahu2021 folded before Flop
Seat 7: fernandotouu showed [Kd Ks] and won (1983) with a pair of Kings
Seat 8: DCams105 folded before Flop (didn't bet)
Seat 9: stranska3004 folded before Flop (didn't bet)



PokerStars Hand #245696688776: Tournament #3638650068, $0.88+$0.12 USD Hold'em No Limit - Level I (10/20) - 2023/08/31 20:21:07 CET [2023/08/31 14:21:07 ET]
Table '3638650068 1' 9-max Seat #3 is the button
Seat 1: jan_mag_poker (1354 in chips) 
Seat 2: MatheusSV99 (1484 in chips) 
Seat 3: Forza1935 (546 in chips) 
Seat 4: Theoo15 (1474 in chips) 
Seat 5: Número 3 (1454 in chips) 
Seat 6: Mahu2021 (1454 in chips) 
Seat 7: fernandotouu (2746 in chips) 
Seat 8: DCams105 (1494 in chips) 
Seat 9: stranska3004 (1494 in chips) 
jan_mag_poker: posts the ante 3
MatheusSV99: posts the ante 3
Forza1935: posts the ante 3
Theoo15: posts the ante 3
Número 3: posts the ante 3
Mahu2021: posts the ante 3
fernandotouu: posts the ante 3
DCams105: posts the ante 3
stranska3004: posts the ante 3
Theoo15: posts small blind 10
Número 3: posts big blind 20
*** HOLE CARDS ***
Dealt to Mahu2021 [Qc 8d]
Mahu2021: folds 
fernandotouu: folds 
DCams105: calls 20
stranska3004: raises 20 to 40
jan_mag_poker: calls 40
MatheusSV99: folds 
Forza1935: folds 
Theoo15: folds 
Número 3: folds 
DCams105: calls 20
*** FLOP *** [Qd 7d 5c]
DCams105: checks 
stranska3004: checks 
jan_mag_poker: checks 
*** TURN *** [Qd 7d 5c] [Td]
DCams105: checks 
stranska3004: checks 
jan_mag_poker: checks 
*** RIVER *** [Qd 7d 5c Td] [4s]
DCams105: bets 257
stranska3004: folds 
jan_mag_poker: folds 
Uncalled bet (257) returned to DCams105
DCams105 collected 177 from pot
*** SUMMARY ***
Total pot 177 | Rake 0 
Board [Qd 7d 5c Td 4s]
Seat 1: jan_mag_poker folded on the River
Seat 2: MatheusSV99 folded before Flop (didn't bet)
Seat 3: Forza1935 (button) folded before Flop (didn't bet)
Seat 4: Theoo15 (small blind) folded before Flop
Seat 5: Número 3 (big blind) folded before Flop
Seat 6: Mahu2021 folded before Flop (didn't bet)
Seat 7: fernandotouu folded before Flop (didn't bet)
Seat 8: DCams105 collected (177)
Seat 9: stranska3004 folded on the River



PokerStars Hand #245696716634: Tournament #3638650068, $0.88+$0.12 USD Hold'em No Limit - Level I (10/20) - 2023/08/31 20:22:37 CET [2023/08/31 14:22:37 ET]
Table '3638650068 1' 9-max Seat #4 is the button
Seat 1: jan_mag_poker (1311 in chips) 
Seat 2: MatheusSV99 (1481 in chips) 
Seat 3: Forza1935 (543 in chips) 
Seat 4: Theoo15 (1461 in chips) 
Seat 5: Número 3 (1431 in chips) 
Seat 6: Mahu2021 (1451 in chips) 
Seat 7: fernandotouu (2743 in chips) 
Seat 8: DCams105 (1628 in chips) 
Seat 9: stranska3004 (1451 in chips) 
jan_mag_poker: posts the ante 3
MatheusSV99: posts the ante 3
Forza1935: posts the ante 3
Theoo15: posts the ante 3
Número 3: posts the ante 3
Mahu2021: posts the ante 3
fernandotouu: posts the ante 3
DCams105: posts the ante 3
stranska3004: posts the ante 3
Número 3: posts small blind 10
Mahu2021: posts big blind 20
*** HOLE CARDS ***
Dealt to Mahu2021 [2h Ts]
fernandotouu: folds 
DCams105: folds 
stranska3004: folds 
jan_mag_poker: folds 
MatheusSV99: folds 
Forza1935: raises 20 to 40
Theoo15: calls 40
Número 3: calls 30
Mahu2021: folds 
*** FLOP *** [8h Qc Td]
Número 3: checks 
Forza1935: bets 40
Theoo15: calls 40
Número 3: folds 
*** TURN *** [8h Qc Td] [8c]
Forza1935: checks 
Theoo15: bets 80
Forza1935: calls 80
*** RIVER *** [8h Qc Td 8c] [5h]
Forza1935: checks 
Theoo15: bets 160
Forza1935: folds 
Uncalled bet (160) returned to Theoo15
Theoo15 collected 407 from pot
Theoo15: doesn't show hand 
*** SUMMARY ***
Total pot 407 | Rake 0 
Board [8h Qc Td 8c 5h]
Seat 1: jan_mag_poker folded before Flop (didn't bet)
Seat 2: MatheusSV99 folded before Flop (didn't bet)
Seat 3: Forza1935 folded on the River
Seat 4: Theoo15 (button) collected (407)
Seat 5: Número 3 (small blind) folded on the Flop
Seat 6: Mahu2021 (big blind) folded before Flop
Seat 7: fernandotouu folded before Flop (didn't bet)
Seat 8: DCams105 folded before Flop (didn't bet)
Seat 9: stranska3004 folded before Flop (didn't bet)



PokerStars Hand #245696738242: Tournament #3638650068, $0.88+$0.12 USD Hold'em No Limit - Level II (15/30) - 2023/08/31 20:23:46 CET [2023/08/31 14:23:46 ET]
Table '3638650068 1' 9-max Seat #5 is the button
Seat 1: jan_mag_poker (1308 in chips) 
Seat 2: MatheusSV99 (1478 in chips) 
Seat 3: Forza1935 (380 in chips) 
Seat 4: Theoo15 (1705 in chips) 
Seat 5: Número 3 (1388 in chips) 
Seat 6: Mahu2021 (1428 in chips) 
Seat 7: fernandotouu (2740 in chips) 
Seat 8: DCams105 (1625 in chips) 
Seat 9: stranska3004 (1448 in chips) 
jan_mag_poker: posts the ante 4
MatheusSV99: posts the ante 4
Forza1935: posts the ante 4
Theoo15: posts the ante 4
Número 3: posts the ante 4
Mahu2021: posts the ante 4
fernandotouu: posts the ante 4
DCams105: posts the ante 4
stranska3004: posts the ante 4
Mahu2021: posts small blind 15
fernandotouu: posts big blind 30
*** HOLE CARDS ***
Dealt to Mahu2021 [Ad 4h]
DCams105: raises 30 to 60
stranska3004: folds 
jan_mag_poker: folds 
MatheusSV99: folds 
Forza1935: raises 316 to 376 and is all-in
Theoo15: folds 
Número 3: folds 
Mahu2021: folds 
fernandotouu: folds 
DCams105: calls 316
*** FLOP *** [Th 2d Tc]
*** TURN *** [Th 2d Tc] [7h]
*** RIVER *** [Th 2d Tc 7h] [Kh]
*** SHOW DOWN ***
DCams105: shows [3s 3h] (two pair, Tens and Threes)
Forza1935: shows [9s 9d] (two pair, Tens and Nines)
Forza1935 collected 833 from pot
*** SUMMARY ***
Total pot 833 | Rake 0 
Board [Th 2d Tc 7h Kh]
Seat 1: jan_mag_poker folded before Flop (didn't bet)
Seat 2: MatheusSV99 folded before Flop (didn't bet)
Seat 3: Forza1935 showed [9s 9d] and won (833) with two pair, Tens and Nines
Seat 4: Theoo15 folded before Flop (didn't bet)
Seat 5: Número 3 (button) folded before Flop (didn't bet)
Seat 6: Mahu2021 (small blind) folded before Flop
Seat 7: fernandotouu (big blind) folded before Flop
Seat 8: DCams105 showed [3s 3h] and lost with two pair, Tens and Threes
Seat 9: stranska3004 folded before Flop (didn't bet)



PokerStars Hand #245696750872: Tournament #3638650068, $0.88+$0.12 USD Hold'em No Limit - Level II (15/30) - 2023/08/31 20:24:27 CET [2023/08/31 14:24:27 ET]
Table '3638650068 1' 9-max Seat #6 is the button
Seat 1: jan_mag_poker (1304 in chips) 
Seat 2: MatheusSV99 (1474 in chips) 
Seat 3: Forza1935 (833 in chips) 
Seat 4: Theoo15 (1701 in chips) 
Seat 5: Número 3 (1384 in chips) 
Seat 6: Mahu2021 (1409 in chips) 
Seat 7: fernandotouu (2706 in chips) 
Seat 8: DCams105 (1245 in chips) 
Seat 9: stranska3004 (1444 in chips) 
jan_mag_poker: posts the ante 4
MatheusSV99: posts the ante 4
Forza1935: posts the ante 4
Theoo15: posts the ante 4
Número 3: posts the ante 4
Mahu2021: posts the ante 4
fernandotouu: posts the ante 4
DCams105: posts the ante 4
stranska3004: posts the ante 4
fernandotouu: posts small blind 15
DCams105: posts big blind 30
*** HOLE CARDS ***
Dealt to Mahu2021 [6h 5c]
stranska3004: calls 30
jan_mag_poker: folds 
MatheusSV99: folds 
Forza1935: folds 
Theoo15: raises 90 to 120
Número 3: folds 
Mahu2021: folds 
fernandotouu: folds 
DCams105: folds 
stranska3004: calls 90
*** FLOP *** [Tc 4h 8c]
stranska3004: checks 
Theoo15: bets 108
stranska3004: calls 108
*** TURN *** [Tc 4h 8c] [7c]
stranska3004: checks 
Theoo15: bets 180
stranska3004: calls 180
*** RIVER *** [Tc 4h 8c 7c] [3h]
stranska3004: checks 
Theoo15: checks 
*** SHOW DOWN ***
stranska3004: shows [Jc 9c] (a straight flush, Seven to Jack)
Theoo15: mucks hand 
stranska3004 collected 897 from pot
*** SUMMARY ***
Total pot 897 | Rake 0 
Board [Tc 4h 8c 7c 3h]
Seat 1: jan_mag_poker folded before Flop (didn't bet)
Seat 2: MatheusSV99 folded before Flop (didn't bet)
Seat 3: Forza1935 folded before Flop (didn't bet)
Seat 4: Theoo15 mucked [Ah Qc]
Seat 5: Número 3 folded before Flop (didn't bet)
Seat 6: Mahu2021 (button) folded before Flop (didn't bet)
Seat 7: fernandotouu (small blind) folded before Flop
Seat 8: DCams105 (big blind) folded before Flop
Seat 9: stranska3004 showed [Jc 9c] and won (897) with a straight flush, Seven to Jack



PokerStars Hand #245696784797: Tournament #3638650068, $0.88+$0.12 USD Hold'em No Limit - Level II (15/30) - 2023/08/31 20:26:16 CET [2023/08/31 14:26:16 ET]
Table '3638650068 1' 9-max Seat #7 is the button
Seat 1: jan_mag_poker (1300 in chips) 
Seat 2: MatheusSV99 (1470 in chips) 
Seat 3: Forza1935 (829 in chips) 
Seat 4: Theoo15 (1289 in chips) 
Seat 5: Número 3 (1380 in chips) 
Seat 6: Mahu2021 (1405 in chips) 
Seat 7: fernandotouu (2687 in chips) 
Seat 8: DCams105 (1211 in chips) 
Seat 9: stranska3004 (1929 in chips) 
jan_mag_poker: posts the ante 4
MatheusSV99: posts the ante 4
Forza1935: posts the ante 4
Theoo15: posts the ante 4
Número 3: posts the ante 4
Mahu2021: posts the ante 4
fernandotouu: posts the ante 4
DCams105: posts the ante 4
stranska3004: posts the ante 4
DCams105: posts small blind 15
stranska3004: posts big blind 30
*** HOLE CARDS ***
Dealt to Mahu2021 [4d Ts]
jan_mag_poker: folds 
MatheusSV99: folds 
Forza1935: raises 60 to 90
Theoo15: folds 
Número 3: folds 
Mahu2021: folds 
fernandotouu: folds 
DCams105: calls 75
stranska3004: folds 
*** FLOP *** [Kd 8h 4c]
DCams105: bets 120
Forza1935: calls 120
*** TURN *** [Kd 8h 4c] [Kc]
DCams105: bets 60
Forza1935: raises 60 to 120
DCams105: calls 60
*** RIVER *** [Kd 8h 4c Kc] [6h]
DCams105: bets 60
Forza1935: calls 60
*** SHOW DOWN ***
DCams105: shows [As Kh] (three of a kind, Kings)
Forza1935: mucks hand 
DCams105 collected 846 from pot
*** SUMMARY ***
Total pot 846 | Rake 0 
Board [Kd 8h 4c Kc 6h]
Seat 1: jan_mag_poker folded before Flop (didn't bet)
Seat 2: MatheusSV99 folded before Flop (didn't bet)
Seat 3: Forza1935 mucked [Ad Td]
Seat 4: Theoo15 folded before Flop (didn't bet)
Seat 5: Número 3 folded before Flop (didn't bet)
Seat 6: Mahu2021 folded before Flop (didn't bet)
Seat 7: fernandotouu (button) folded before Flop (didn't bet)
Seat 8: DCams105 (small blind) showed [As Kh] and won (846) with three of a kind, Kings
Seat 9: stranska3004 (big blind) folded before Flop



PokerStars Hand #245696804626: Tournament #3638650068, $0.88+$0.12 USD Hold'em No Limit - Level II (15/30) - 2023/08/31 20:27:20 CET [2023/08/31 14:27:20 ET]
Table '3638650068 1' 9-max Seat #8 is the button
Seat 1: jan_mag_poker (1296 in chips) 
Seat 2: MatheusSV99 (1466 in chips) 
Seat 3: Forza1935 (435 in chips) 
Seat 4: Theoo15 (1285 in chips) 
Seat 5: Número 3 (1376 in chips) 
Seat 6: Mahu2021 (1401 in chips) 
Seat 7: fernandotouu (2683 in chips) 
Seat 8: DCams105 (1663 in chips) 
Seat 9: stranska3004 (1895 in chips) 
jan_mag_poker: posts the ante 4
MatheusSV99: posts the ante 4
Forza1935: posts the ante 4
Theoo15: posts the ante 4
Número 3: posts the ante 4
Mahu2021: posts the ante 4
fernandotouu: posts the ante 4
DCams105: posts the ante 4
stranska3004: posts the ante 4
stranska3004: posts small blind 15
jan_mag_poker: posts big blind 30
*** HOLE CARDS ***
Dealt to Mahu2021 [3s Qd]
MatheusSV99: folds 
Forza1935: raises 401 to 431 and is all-in
Theoo15: folds 
Número 3: folds 
Mahu2021: folds 
fernandotouu: folds 
DCams105: folds 
stranska3004: calls 416
jan_mag_poker: folds 
*** FLOP *** [9c 6d Kh]
*** TURN *** [9c 6d Kh] [Td]
*** RIVER *** [9c 6d Kh Td] [8h]
*** SHOW DOWN ***
stranska3004: shows [Tc Ts] (three of a kind, Tens)
Forza1935: shows [Jd Ah] (high card Ace)
stranska3004 collected 928 from pot
Forza1935 finished the tournament in 9th place
*** SUMMARY ***
Total pot 928 | Rake 0 
Board [9c 6d Kh Td 8h]
Seat 1: jan_mag_poker (big blind) folded before Flop
Seat 2: MatheusSV99 folded before Flop (didn't bet)
Seat 3: Forza1935 showed [Jd Ah] and lost with high card Ace
Seat 4: Theoo15 folded before Flop (didn't bet)
Seat 5: Número 3 folded before Flop (didn't bet)
Seat 6: Mahu2021 folded before Flop (didn't bet)
Seat 7: fernandotouu folded before Flop (didn't bet)
Seat 8: DCams105 (button) folded before Flop (didn't bet)
Seat 9: stranska3004 (small blind) showed [Tc Ts] and won (928) with three of a kind, Tens



PokerStars Hand #245696819163: Tournament #3638650068, $0.88+$0.12 USD Hold'em No Limit - Level II (15/30) - 2023/08/31 20:28:07 CET [2023/08/31 14:28:07 ET]
Table '3638650068 1' 9-max Seat #9 is the button
Seat 1: jan_mag_poker (1262 in chips) 
Seat 2: MatheusSV99 (1462 in chips) 
Seat 4: Theoo15 (1281 in chips) 
Seat 5: Número 3 (1372 in chips) 
Seat 6: Mahu2021 (1397 in chips) 
Seat 7: fernandotouu (2679 in chips) 
Seat 8: DCams105 (1659 in chips) 
Seat 9: stranska3004 (2388 in chips) 
jan_mag_poker: posts the ante 4
MatheusSV99: posts the ante 4
Theoo15: posts the ante 4
Número 3: posts the ante 4
Mahu2021: posts the ante 4
fernandotouu: posts the ante 4
DCams105: posts the ante 4
stranska3004: posts the ante 4
jan_mag_poker: posts small blind 15
MatheusSV99: posts big blind 30
*** HOLE CARDS ***
Dealt to Mahu2021 [8h 3s]
Theoo15: raises 78 to 108
Número 3: folds 
Mahu2021: folds 
fernandotouu: calls 108
DCams105: calls 108
stranska3004: folds 
jan_mag_poker: folds 
MatheusSV99: folds 
*** FLOP *** [5s Tc 9h]
Theoo15: checks 
fernandotouu: bets 100
DCams105: calls 100
Theoo15: calls 100
*** TURN *** [5s Tc 9h] [Qs]
Theoo15: checks 
fernandotouu: checks 
DCams105: checks 
*** RIVER *** [5s Tc 9h Qs] [7d]
Theoo15: checks 
fernandotouu: checks 
DCams105: checks 
*** SHOW DOWN ***
Theoo15: shows [As Jd] (high card Ace)
fernandotouu: shows [Td Ad] (a pair of Tens)
DCams105: mucks hand 
fernandotouu collected 701 from pot
*** SUMMARY ***
Total pot 701 | Rake 0 
Board [5s Tc 9h Qs 7d]
Seat 1: jan_mag_poker (small blind) folded before Flop
Seat 2: MatheusSV99 (big blind) folded before Flop
Seat 4: Theoo15 showed [As Jd] and lost with high card Ace
Seat 5: Número 3 folded before Flop (didn't bet)
Seat 6: Mahu2021 folded before Flop (didn't bet)
Seat 7: fernandotouu showed [Td Ad] and won (701) with a pair of Tens
Seat 8: DCams105 mucked [Jh 6c]
Seat 9: stranska3004 (button) folded before Flop (didn't bet)



PokerStars Hand #245696844534: Tournament #3638650068, $0.88+$0.12 USD Hold'em No Limit - Level III (25/50) - 2023/08/31 20:29:30 CET [2023/08/31 14:29:30 ET]
Table '3638650068 1' 9-max Seat #1 is the button
Seat 1: jan_mag_poker (1243 in chips) 
Seat 2: MatheusSV99 (1428 in chips) 
Seat 4: Theoo15 (1069 in chips) 
Seat 5: Número 3 (1368 in chips) 
Seat 6: Mahu2021 (1393 in chips) 
Seat 7: fernandotouu (3168 in chips) 
Seat 8: DCams105 (1447 in chips) 
Seat 9: stranska3004 (2384 in chips) 
jan_mag_poker: posts the ante 6
MatheusSV99: posts the ante 6
Theoo15: posts the ante 6
Número 3: posts the ante 6
Mahu2021: posts the ante 6
fernandotouu: posts the ante 6
DCams105: posts the ante 6
stranska3004: posts the ante 6
MatheusSV99: posts small blind 25
Theoo15: posts big blind 50
*** HOLE CARDS ***
Dealt to Mahu2021 [5d 4c]
Número 3: raises 50 to 100
Mahu2021: folds 
fernandotouu: calls 100
DCams105: folds 
stranska3004: folds 
jan_mag_poker: folds 
MatheusSV99: folds 
Theoo15: calls 50
*** FLOP *** [Td 7h 6c]
Theoo15: checks 
Número 3: checks 
fernandotouu: checks 
*** TURN *** [Td 7h 6c] [Ad]
Theoo15: checks 
Número 3: checks 
fernandotouu: bets 123
Theoo15: folds 
Número 3: calls 123
*** RIVER *** [Td 7h 6c Ad] [2s]
Número 3: checks 
fernandotouu: bets 204
Número 3: folds 
Uncalled bet (204) returned to fernandotouu
fernandotouu collected 619 from pot
fernandotouu: doesn't show hand 
*** SUMMARY ***
Total pot 619 | Rake 0 
Board [Td 7h 6c Ad 2s]
Seat 1: jan_mag_poker (button) folded before Flop (didn't bet)
Seat 2: MatheusSV99 (small blind) folded before Flop
Seat 4: Theoo15 (big blind) folded on the Turn
Seat 5: Número 3 folded on the River
Seat 6: Mahu2021 folded before Flop (didn't bet)
Seat 7: fernandotouu collected (619)
Seat 8: DCams105 folded before Flop (didn't bet)
Seat 9: stranska3004 folded before Flop (didn't bet)



PokerStars Hand #245696876835: Tournament #3638650068, $0.88+$0.12 USD Hold'em No Limit - Level III (25/50) - 2023/08/31 20:31:14 CET [2023/08/31 14:31:14 ET]
Table '3638650068 1' 9-max Seat #2 is the button
Seat 1: jan_mag_poker (1237 in chips) 
Seat 2: MatheusSV99 (1397 in chips) 
Seat 4: Theoo15 (963 in chips) 
Seat 5: Número 3 (1139 in chips) 
Seat 6: Mahu2021 (1387 in chips) 
Seat 7: fernandotouu (3558 in chips) 
Seat 8: DCams105 (1441 in chips) 
Seat 9: stranska3004 (2378 in chips) 
jan_mag_poker: posts the ante 6
MatheusSV99: posts the ante 6
Theoo15: posts the ante 6
Número 3: posts the ante 6
Mahu2021: posts the ante 6
fernandotouu: posts the ante 6
DCams105: posts the ante 6
stranska3004: posts the ante 6
Theoo15: posts small blind 25
Número 3: posts big blind 50
*** HOLE CARDS ***
Dealt to Mahu2021 [2h Jh]
Mahu2021: folds 
fernandotouu: folds 
DCams105: calls 50
stranska3004: folds 
jan_mag_poker: calls 50
MatheusSV99: raises 150 to 200
Theoo15: folds 
Número 3: folds 
DCams105: folds 
jan_mag_poker: calls 150
*** FLOP *** [As Jc 5h]
jan_mag_poker: checks 
MatheusSV99: bets 175
jan_mag_poker: folds 
Uncalled bet (175) returned to MatheusSV99
MatheusSV99 collected 573 from pot
MatheusSV99: doesn't show hand 
*** SUMMARY ***
Total pot 573 | Rake 0 
Board [As Jc 5h]
Seat 1: jan_mag_poker folded on the Flop
Seat 2: MatheusSV99 (button) collected (573)
Seat 4: Theoo15 (small blind) folded before Flop
Seat 5: Número 3 (big blind) folded before Flop
Seat 6: Mahu2021 folded before Flop (didn't bet)
Seat 7: fernandotouu folded before Flop (didn't bet)
Seat 8: DCams105 folded before Flop
Seat 9: stranska3004 folded before Flop (didn't bet)



PokerStars Hand #245696897048: Tournament #3638650068, $0.88+$0.12 USD Hold'em No Limit - Level III (25/50) - 2023/08/31 20:32:19 CET [2023/08/31 14:32:19 ET]
Table '3638650068 1' 9-max Seat #4 is the button
Seat 1: jan_mag_poker (1031 in chips) 
Seat 2: MatheusSV99 (1764 in chips) 
Seat 4: Theoo15 (932 in chips) 
Seat 5: Número 3 (1083 in chips) 
Seat 6: Mahu2021 (1381 in chips) 
Seat 7: fernandotouu (3552 in chips) 
Seat 8: DCams105 (1385 in chips) 
Seat 9: stranska3004 (2372 in chips) 
jan_mag_poker: posts the ante 6
MatheusSV99: posts the ante 6
Theoo15: posts the ante 6
Número 3: posts the ante 6
Mahu2021: posts the ante 6
fernandotouu: posts the ante 6
DCams105: posts the ante 6
stranska3004: posts the ante 6
Número 3: posts small blind 25
Mahu2021: posts big blind 50
*** HOLE CARDS ***
Dealt to Mahu2021 [Qc 7d]
fernandotouu: folds 
DCams105: folds 
stranska3004: folds 
jan_mag_poker: folds 
MatheusSV99: folds 
Theoo15: folds 
Número 3: raises 75 to 125
Mahu2021: folds 
Uncalled bet (75) returned to Número 3
Número 3 collected 148 from pot
Número 3: doesn't show hand 
*** SUMMARY ***
Total pot 148 | Rake 0 
Seat 1: jan_mag_poker folded before Flop (didn't bet)
Seat 2: MatheusSV99 folded before Flop (didn't bet)
Seat 4: Theoo15 (button) folded before Flop (didn't bet)
Seat 5: Número 3 (small blind) collected (148)
Seat 6: Mahu2021 (big blind) folded before Flop
Seat 7: fernandotouu folded before Flop (didn't bet)
Seat 8: DCams105 folded before Flop (didn't bet)
Seat 9: stranska3004 folded before Flop (didn't bet)



PokerStars Hand #245696907105: Tournament #3638650068, $0.88+$0.12 USD Hold'em No Limit - Level III (25/50) - 2023/08/31 20:32:51 CET [2023/08/31 14:32:51 ET]
Table '3638650068 1' 9-max Seat #5 is the button
Seat 1: jan_mag_poker (1025 in chips) 
Seat 2: MatheusSV99 (1758 in chips) 
Seat 4: Theoo15 (926 in chips) 
Seat 5: Número 3 (1175 in chips) 
Seat 6: Mahu2021 (1325 in chips) 
Seat 7: fernandotouu (3546 in chips) 
Seat 8: DCams105 (1379 in chips) 
Seat 9: stranska3004 (2366 in chips) 
jan_mag_poker: posts the ante 6
MatheusSV99: posts the ante 6
Theoo15: posts the ante 6
Número 3: posts the ante 6
Mahu2021: posts the ante 6
fernandotouu: posts the ante 6
DCams105: posts the ante 6
stranska3004: posts the ante 6
Mahu2021: posts small blind 25
fernandotouu: posts big blind 50
*** HOLE CARDS ***
Dealt to Mahu2021 [Js 9d]
DCams105: calls 50
stranska3004: folds 
jan_mag_poker: folds 
MatheusSV99: folds 
Theoo15: raises 120 to 170
Número 3: folds 
Mahu2021: folds 
fernandotouu: folds 
DCams105: folds 
Uncalled bet (120) returned to Theoo15
Theoo15 collected 223 from pot
Theoo15: doesn't show hand 
*** SUMMARY ***
Total pot 223 | Rake 0 
Seat 1: jan_mag_poker folded before Flop (didn't bet)
Seat 2: MatheusSV99 folded before Flop (didn't bet)
Seat 4: Theoo15 collected (223)
Seat 5: Número 3 (button) folded before Flop (didn't bet)
Seat 6: Mahu2021 (small blind) folded before Flop
Seat 7: fernandotouu (big blind) folded before Flop
Seat 8: DCams105 folded before Flop
Seat 9: stranska3004 folded before Flop (didn't bet)



PokerStars Hand #245696916752: Tournament #3638650068, $0.88+$0.12 USD Hold'em No Limit - Level IV (40/80) - 2023/08/31 20:33:22 CET [2023/08/31 14:33:22 ET]
Table '3638650068 1' 9-max Seat #6 is the button
Seat 1: jan_mag_poker (1019 in chips) 
Seat 2: MatheusSV99 (1752 in chips) 
Seat 4: Theoo15 (1093 in chips) 
Seat 5: Número 3 (1169 in chips) 
Seat 6: Mahu2021 (1294 in chips) 
Seat 7: fernandotouu (3490 in chips) 
Seat 8: DCams105 (1323 in chips) 
Seat 9: stranska3004 (2360 in chips) 
jan_mag_poker: posts the ante 10
MatheusSV99: posts the ante 10
Theoo15: posts the ante 10
Número 3: posts the ante 10
Mahu2021: posts the ante 10
fernandotouu: posts the ante 10
DCams105: posts the ante 10
stranska3004: posts the ante 10
fernandotouu: posts small blind 40
DCams105: posts big blind 80
*** HOLE CARDS ***
Dealt to Mahu2021 [Td 2h]
stranska3004: folds 
jan_mag_poker: folds 
MatheusSV99: folds 
Theoo15: folds 
Número 3: folds 
Mahu2021: folds 
fernandotouu: folds 
Uncalled bet (40) returned to DCams105
DCams105 collected 160 from pot
*** SUMMARY ***
Total pot 160 | Rake 0 
Seat 1: jan_mag_poker folded before Flop (didn't bet)
Seat 2: MatheusSV99 folded before Flop (didn't bet)
Seat 4: Theoo15 folded before Flop (didn't bet)
Seat 5: Número 3 folded before Flop (didn't bet)
Seat 6: Mahu2021 (button) folded before Flop (didn't bet)
Seat 7: fernandotouu (small blind) folded before Flop
Seat 8: DCams105 (big blind) collected (160)
Seat 9: stranska3004 folded before Flop (didn't bet)



PokerStars Hand #245696926619: Tournament #3638650068, $0.88+$0.12 USD Hold'em No Limit - Level IV (40/80) - 2023/08/31 20:33:54 CET [2023/08/31 14:33:54 ET]
Table '3638650068 1' 9-max Seat #7 is the button
Seat 1: jan_mag_poker (1009 in chips) 
Seat 2: MatheusSV99 (1742 in chips) 
Seat 4: Theoo15 (1083 in chips) 
Seat 5: Número 3 (1159 in chips) 
Seat 6: Mahu2021 (1284 in chips) 
Seat 7: fernandotouu (3440 in chips) 
Seat 8: DCams105 (1433 in chips) 
Seat 9: stranska3004 (2350 in chips) 
jan_mag_poker: posts the ante 10
MatheusSV99: posts the ante 10
Theoo15: posts the ante 10
Número 3: posts the ante 10
Mahu2021: posts the ante 10
fernandotouu: posts the ante 10
DCams105: posts the ante 10
stranska3004: posts the ante 10
DCams105: posts small blind 40
stranska3004: posts big blind 80
*** HOLE CARDS ***
Dealt to Mahu2021 [Td 8d]
jan_mag_poker: folds 
MatheusSV99: folds 
Theoo15: raises 192 to 272
Número 3: folds 
Mahu2021: folds 
fernandotouu: folds 
DCams105: calls 232
stranska3004: folds 
*** FLOP *** [8c 9c 7s]
DCams105: bets 160
Theoo15: raises 641 to 801 and is all-in
DCams105: calls 641
*** TURN *** [8c 9c 7s] [2d]
*** RIVER *** [8c 9c 7s 2d] [4d]
*** SHOW DOWN ***
DCams105: shows [9s Ks] (a pair of Nines)
Theoo15: shows [As Kh] (high card Ace)
DCams105 collected 2306 from pot
Theoo15 finished the tournament in 8th place
*** SUMMARY ***
Total pot 2306 | Rake 0 
Board [8c 9c 7s 2d 4d]
Seat 1: jan_mag_poker folded before Flop (didn't bet)
Seat 2: MatheusSV99 folded before Flop (didn't bet)
Seat 4: Theoo15 showed [As Kh] and lost with high card Ace
Seat 5: Número 3 folded before Flop (didn't bet)
Seat 6: Mahu2021 folded before Flop (didn't bet)
Seat 7: fernandotouu (button) folded before Flop (didn't bet)
Seat 8: DCams105 (small blind) showed [9s Ks] and won (2306) with a pair of Nines
Seat 9: stranska3004 (big blind) folded before Flop



PokerStars Hand #245696943319: Tournament #3638650068, $0.88+$0.12 USD Hold'em No Limit - Level IV (40/80) - 2023/08/31 20:34:47 CET [2023/08/31 14:34:47 ET]
Table '3638650068 1' 9-max Seat #8 is the button
Seat 1: jan_mag_poker (999 in chips) 
Seat 2: MatheusSV99 (1732 in chips) 
Seat 5: Número 3 (1149 in chips) 
Seat 6: Mahu2021 (1274 in chips) 
Seat 7: fernandotouu (3430 in chips) 
Seat 8: DCams105 (2656 in chips) 
Seat 9: stranska3004 (2260 in chips) 
jan_mag_poker: posts the ante 10
MatheusSV99: posts the ante 10
Número 3: posts the ante 10
Mahu2021: posts the ante 10
fernandotouu: posts the ante 10
DCams105: posts the ante 10
stranska3004: posts the ante 10
stranska3004: posts small blind 40
jan_mag_poker: posts big blind 80
*** HOLE CARDS ***
Dealt to Mahu2021 [Kc Jc]
MatheusSV99: folds 
Número 3: folds 
Mahu2021: raises 160 to 240
fernandotouu: raises 560 to 800
DCams105: folds 
stranska3004: folds 
jan_mag_poker: folds 
Mahu2021: raises 464 to 1264 and is all-in
fernandotouu: calls 464
*** FLOP *** [7c 2c As]
*** TURN *** [7c 2c As] [9d]
*** RIVER *** [7c 2c As 9d] [Qd]
*** SHOW DOWN ***
Mahu2021: shows [Kc Jc] (high card Ace)
fernandotouu: shows [Ad Qh] (two pair, Aces and Queens)
fernandotouu collected 2718 from pot
Mahu2021 finished the tournament in 7th place
*** SUMMARY ***
Total pot 2718 | Rake 0 
Board [7c 2c As 9d Qd]
Seat 1: jan_mag_poker (big blind) folded before Flop
Seat 2: MatheusSV99 folded before Flop (didn't bet)
Seat 5: Número 3 folded before Flop (didn't bet)
Seat 6: Mahu2021 showed [Kc Jc] and lost with high card Ace
Seat 7: fernandotouu showed [Ad Qh] and won (2718) with two pair, Aces and Queens
Seat 8: DCams105 (button) folded before Flop (didn't bet)
Seat 9: stranska3004 (small blind) folded before Flop



