PokerStars Hand #253188146158: Tournament #3818490996, $1.84+$0.16 USD Hold'em No Limit - Level I (10/20) - 2024/10/31 17:39:25 CET [2024/10/31 12:39:25 ET]
Table '3818490996 1' 3-max Seat #1 is the button
Seat 1: Mahu2021 (500 in chips) 
Seat 2: bigianmac (500 in chips) 
Seat 3: LUPIN_09_91 (500 in chips) 
bigianmac: posts small blind 10
LUPIN_09_91: posts big blind 20
*** HOLE CARDS ***
Dealt to Mahu2021 [Kc 2d]
Mahu2021: folds 
bigianmac: calls 10
LUPIN_09_91: checks 
*** FLOP *** [2c Js Qd]
bigianmac: bets 20
LUPIN_09_91: calls 20
*** TURN *** [2c Js Qd] [3h]
bigianmac: checks 
LUPIN_09_91: checks 
*** RIVER *** [2c Js Qd 3h] [5d]
bigianmac: checks 
LUPIN_09_91: checks 
*** SHOW DOWN ***
bigianmac: shows [9c 8s] (high card Queen)
LUPIN_09_91: shows [Tc 2h] (a pair of Deuces)
LUPIN_09_91 collected 80 from pot
*** SUMMARY ***
Total pot 80 | Rake 0 
Board [2c Js Qd 3h 5d]
Seat 1: Mahu2021 (button) folded before Flop (didn't bet)
Seat 2: bigianmac (small blind) showed [9c 8s] and lost with high card Queen
Seat 3: LUPIN_09_91 (big blind) showed [Tc 2h] and won (80) with a pair of Deuces



PokerStars Hand #253188150509: Tournament #3818490996, $1.84+$0.16 USD Hold'em No Limit - Level I (10/20) - 2024/10/31 17:39:44 CET [2024/10/31 12:39:44 ET]
Table '3818490996 1' 3-max Seat #2 is the button
Seat 1: Mahu2021 (500 in chips) 
Seat 2: bigianmac (460 in chips) 
Seat 3: LUPIN_09_91 (540 in chips) 
LUPIN_09_91: posts small blind 10
Mahu2021: posts big blind 20
*** HOLE CARDS ***
Dealt to Mahu2021 [2s 6h]
bigianmac: folds 
LUPIN_09_91: raises 40 to 60
Mahu2021: folds 
Uncalled bet (40) returned to LUPIN_09_91
LUPIN_09_91 collected 40 from pot
LUPIN_09_91: doesn't show hand 
*** SUMMARY ***
Total pot 40 | Rake 0 
Seat 1: Mahu2021 (big blind) folded before Flop
Seat 2: bigianmac (button) folded before Flop (didn't bet)
Seat 3: LUPIN_09_91 (small blind) collected (40)



PokerStars Hand #253188153457: Tournament #3818490996, $1.84+$0.16 USD Hold'em No Limit - Level I (10/20) - 2024/10/31 17:39:57 CET [2024/10/31 12:39:57 ET]
Table '3818490996 1' 3-max Seat #3 is the button
Seat 1: Mahu2021 (480 in chips) 
Seat 2: bigianmac (460 in chips) 
Seat 3: LUPIN_09_91 (560 in chips) 
Mahu2021: posts small blind 10
bigianmac: posts big blind 20
*** HOLE CARDS ***
Dealt to Mahu2021 [Jc 4s]
LUPIN_09_91: folds 
Mahu2021: raises 20 to 40
bigianmac: folds 
Uncalled bet (20) returned to Mahu2021
Mahu2021 collected 40 from pot
Mahu2021: doesn't show hand 
*** SUMMARY ***
Total pot 40 | Rake 0 
Seat 1: Mahu2021 (small blind) collected (40)
Seat 2: bigianmac (big blind) folded before Flop
Seat 3: LUPIN_09_91 (button) folded before Flop (didn't bet)



PokerStars Hand #253188154772: Tournament #3818490996, $1.84+$0.16 USD Hold'em No Limit - Level I (10/20) - 2024/10/31 17:40:03 CET [2024/10/31 12:40:03 ET]
Table '3818490996 1' 3-max Seat #1 is the button
Seat 1: Mahu2021 (500 in chips) 
Seat 2: bigianmac (440 in chips) 
Seat 3: LUPIN_09_91 (560 in chips) 
bigianmac: posts small blind 10
LUPIN_09_91: posts big blind 20
*** HOLE CARDS ***
Dealt to Mahu2021 [2s 5s]
Mahu2021: folds 
bigianmac: folds 
Uncalled bet (10) returned to LUPIN_09_91
LUPIN_09_91 collected 20 from pot
LUPIN_09_91: doesn't show hand 
*** SUMMARY ***
Total pot 20 | Rake 0 
Seat 1: Mahu2021 (button) folded before Flop (didn't bet)
Seat 2: bigianmac (small blind) folded before Flop
Seat 3: LUPIN_09_91 (big blind) collected (20)



PokerStars Hand #253188156013: Tournament #3818490996, $1.84+$0.16 USD Hold'em No Limit - Level I (10/20) - 2024/10/31 17:40:09 CET [2024/10/31 12:40:09 ET]
Table '3818490996 1' 3-max Seat #2 is the button
Seat 1: Mahu2021 (500 in chips) 
Seat 2: bigianmac (430 in chips) 
Seat 3: LUPIN_09_91 (570 in chips) 
LUPIN_09_91: posts small blind 10
Mahu2021: posts big blind 20
*** HOLE CARDS ***
Dealt to Mahu2021 [6d Tc]
bigianmac: folds 
LUPIN_09_91: calls 10
Mahu2021: checks 
*** FLOP *** [Ks 7c 4s]
LUPIN_09_91: bets 20
Mahu2021: folds 
Uncalled bet (20) returned to LUPIN_09_91
LUPIN_09_91 collected 40 from pot
LUPIN_09_91: doesn't show hand 
*** SUMMARY ***
Total pot 40 | Rake 0 
Board [Ks 7c 4s]
Seat 1: Mahu2021 (big blind) folded on the Flop
Seat 2: bigianmac (button) folded before Flop (didn't bet)
Seat 3: LUPIN_09_91 (small blind) collected (40)



PokerStars Hand #253188159099: Tournament #3818490996, $1.84+$0.16 USD Hold'em No Limit - Level I (10/20) - 2024/10/31 17:40:23 CET [2024/10/31 12:40:23 ET]
Table '3818490996 1' 3-max Seat #3 is the button
Seat 1: Mahu2021 (480 in chips) 
Seat 2: bigianmac (430 in chips) 
Seat 3: LUPIN_09_91 (590 in chips) 
Mahu2021: posts small blind 10
bigianmac: posts big blind 20
*** HOLE CARDS ***
Dealt to Mahu2021 [Qc 9h]
LUPIN_09_91: folds 
Mahu2021: raises 20 to 40
bigianmac: folds 
Uncalled bet (20) returned to Mahu2021
Mahu2021 collected 40 from pot
Mahu2021: doesn't show hand 
*** SUMMARY ***
Total pot 40 | Rake 0 
Seat 1: Mahu2021 (small blind) collected (40)
Seat 2: bigianmac (big blind) folded before Flop
Seat 3: LUPIN_09_91 (button) folded before Flop (didn't bet)



PokerStars Hand #253188160459: Tournament #3818490996, $1.84+$0.16 USD Hold'em No Limit - Level I (10/20) - 2024/10/31 17:40:30 CET [2024/10/31 12:40:30 ET]
Table '3818490996 1' 3-max Seat #1 is the button
Seat 1: Mahu2021 (500 in chips) 
Seat 2: bigianmac (410 in chips) 
Seat 3: LUPIN_09_91 (590 in chips) 
bigianmac: posts small blind 10
LUPIN_09_91: posts big blind 20
*** HOLE CARDS ***
Dealt to Mahu2021 [9h 8d]
Mahu2021: folds 
bigianmac: raises 20 to 40
LUPIN_09_91: raises 550 to 590 and is all-in
bigianmac: calls 370 and is all-in
Uncalled bet (180) returned to LUPIN_09_91
*** FLOP *** [5s 3c 8s]
*** TURN *** [5s 3c 8s] [8c]
*** RIVER *** [5s 3c 8s 8c] [9s]
*** SHOW DOWN ***
bigianmac: shows [7d 7s] (two pair, Eights and Sevens)
LUPIN_09_91: shows [9d As] (two pair, Nines and Eights)
LUPIN_09_91 collected 820 from pot
bigianmac finished the tournament in 3rd place
*** SUMMARY ***
Total pot 820 | Rake 0 
Board [5s 3c 8s 8c 9s]
Seat 1: Mahu2021 (button) folded before Flop (didn't bet)
Seat 2: bigianmac (small blind) showed [7d 7s] and lost with two pair, Eights and Sevens
Seat 3: LUPIN_09_91 (big blind) showed [9d As] and won (820) with two pair, Nines and Eights



PokerStars Hand #253188166545: Tournament #3818490996, $1.84+$0.16 USD Hold'em No Limit - Level I (10/20) - 2024/10/31 17:40:58 CET [2024/10/31 12:40:58 ET]
Table '3818490996 1' 3-max Seat #3 is the button
Seat 1: Mahu2021 (500 in chips) 
Seat 3: LUPIN_09_91 (1000 in chips) 
LUPIN_09_91: posts small blind 10
Mahu2021: posts big blind 20
*** HOLE CARDS ***
Dealt to Mahu2021 [8c Tc]
LUPIN_09_91: raises 20 to 40
Mahu2021: calls 20
*** FLOP *** [6s Th 3c]
Mahu2021: bets 40
LUPIN_09_91: raises 120 to 160
Mahu2021: raises 300 to 460 and is all-in
LUPIN_09_91: calls 300
*** TURN *** [6s Th 3c] [7c]
*** RIVER *** [6s Th 3c 7c] [Jd]
*** SHOW DOWN ***
Mahu2021: shows [8c Tc] (a pair of Tens)
LUPIN_09_91: shows [Js Jc] (three of a kind, Jacks)
LUPIN_09_91 collected 1000 from pot
Mahu2021 finished the tournament in 2nd place
LUPIN_09_91 wins the tournament and receives $8.00 - congratulations!
*** SUMMARY ***
Total pot 1000 | Rake 0 
Board [6s Th 3c 7c Jd]
Seat 1: Mahu2021 (big blind) showed [8c Tc] and lost with a pair of Tens
Seat 3: LUPIN_09_91 (button) (small blind) showed [Js Jc] and won (1000) with three of a kind, Jacks



