PokerStars Hand #253869574983: Tournament #3833129460, $10.27+$0.73 USD Hold'em No Limit - Level I (40/80) - 2024/12/15 20:14:54 CET [2024/12/15 14:14:54 ET]
Table '3833129460 26' 8-max Seat #1 is the button
Seat 1: ratchet3 (10000 in chips) 
Seat 2: D3j4nuts (10000 in chips) 
Seat 3: Mahu2021 (10000 in chips) 
Seat 4: SwissPro61 (10000 in chips) 
Seat 5: fränkiboy (10000 in chips) 
Seat 6: bobi82 (10000 in chips) 
Seat 7: Lenuta1 (10000 in chips) 
Seat 8: AlexandrS333 (10000 in chips) 
ratchet3: posts the ante 8
D3j4nuts: posts the ante 8
Mahu2021: posts the ante 8
SwissPro61: posts the ante 8
fränkiboy: posts the ante 8
bobi82: posts the ante 8
Lenuta1: posts the ante 8
AlexandrS333: posts the ante 8
D3j4nuts: posts small blind 40
Mahu2021: posts big blind 80
*** HOLE CARDS ***
Dealt to Mahu2021 [3d 8c]
SwissPro61: folds 
fränkiboy: folds 
bobi82: folds 
Lenuta1: folds 
AlexandrS333: raises 9912 to 9992 and is all-in
ratchet3: folds 
D3j4nuts: folds 
Mahu2021: folds 
Uncalled bet (9912) returned to AlexandrS333
AlexandrS333 collected 264 from pot
AlexandrS333: doesn't show hand 
*** SUMMARY ***
Total pot 264 | Rake 0 
Seat 1: ratchet3 (button) folded before Flop (didn't bet)
Seat 2: D3j4nuts (small blind) folded before Flop
Seat 3: Mahu2021 (big blind) folded before Flop
Seat 4: SwissPro61 folded before Flop (didn't bet)
Seat 5: fränkiboy folded before Flop (didn't bet)
Seat 6: bobi82 folded before Flop (didn't bet)
Seat 7: Lenuta1 folded before Flop (didn't bet)
Seat 8: AlexandrS333 collected (264)



PokerStars Hand #253869587860: Tournament #3833129460, $10.27+$0.73 USD Hold'em No Limit - Level I (40/80) - 2024/12/15 20:15:32 CET [2024/12/15 14:15:32 ET]
Table '3833129460 26' 8-max Seat #2 is the button
Seat 1: ratchet3 (9992 in chips) 
Seat 2: D3j4nuts (9952 in chips) 
Seat 3: Mahu2021 (9912 in chips) 
Seat 4: SwissPro61 (9992 in chips) 
Seat 5: fränkiboy (9992 in chips) 
Seat 6: bobi82 (9992 in chips) 
Seat 7: Lenuta1 (9992 in chips) 
Seat 8: AlexandrS333 (10176 in chips) 
ratchet3: posts the ante 8
D3j4nuts: posts the ante 8
Mahu2021: posts the ante 8
SwissPro61: posts the ante 8
fränkiboy: posts the ante 8
bobi82: posts the ante 8
Lenuta1: posts the ante 8
AlexandrS333: posts the ante 8
Mahu2021: posts small blind 40
SwissPro61: posts big blind 80
*** HOLE CARDS ***
Dealt to Mahu2021 [6s 5c]
fränkiboy: folds 
bobi82: folds 
Lenuta1: folds 
AlexandrS333: folds 
ratchet3: folds 
D3j4nuts: folds 
Mahu2021: raises 80 to 160
SwissPro61: calls 80
*** FLOP *** [Ts 8s 4h]
Mahu2021: bets 160
SwissPro61: calls 160
*** TURN *** [Ts 8s 4h] [5h]
Mahu2021: bets 160
SwissPro61: calls 160
*** RIVER *** [Ts 8s 4h 5h] [Ac]
Mahu2021: bets 160
SwissPro61: calls 160
*** SHOW DOWN ***
Mahu2021: shows [6s 5c] (a pair of Fives)
SwissPro61: shows [Ks 8c] (a pair of Eights)
SwissPro61 collected 1344 from pot
*** SUMMARY ***
Total pot 1344 | Rake 0 
Board [Ts 8s 4h 5h Ac]
Seat 1: ratchet3 folded before Flop (didn't bet)
Seat 2: D3j4nuts (button) folded before Flop (didn't bet)
Seat 3: Mahu2021 (small blind) showed [6s 5c] and lost with a pair of Fives
Seat 4: SwissPro61 (big blind) showed [Ks 8c] and won (1344) with a pair of Eights
Seat 5: fränkiboy folded before Flop (didn't bet)
Seat 6: bobi82 folded before Flop (didn't bet)
Seat 7: Lenuta1 folded before Flop (didn't bet)
Seat 8: AlexandrS333 folded before Flop (didn't bet)



PokerStars Hand #253869603154: Tournament #3833129460, $10.27+$0.73 USD Hold'em No Limit - Level I (40/80) - 2024/12/15 20:16:17 CET [2024/12/15 14:16:17 ET]
Table '3833129460 26' 8-max Seat #3 is the button
Seat 1: ratchet3 (9984 in chips) 
Seat 2: D3j4nuts (9944 in chips) 
Seat 3: Mahu2021 (9264 in chips) 
Seat 4: SwissPro61 (10688 in chips) 
Seat 5: fränkiboy (9984 in chips) 
Seat 6: bobi82 (9984 in chips) 
Seat 7: Lenuta1 (9984 in chips) 
Seat 8: AlexandrS333 (10168 in chips) 
ratchet3: posts the ante 8
D3j4nuts: posts the ante 8
Mahu2021: posts the ante 8
SwissPro61: posts the ante 8
fränkiboy: posts the ante 8
bobi82: posts the ante 8
Lenuta1: posts the ante 8
AlexandrS333: posts the ante 8
SwissPro61: posts small blind 40
fränkiboy: posts big blind 80
*** HOLE CARDS ***
Dealt to Mahu2021 [4h Th]
bobi82: folds 
Lenuta1: folds 
AlexandrS333: raises 264 to 344
ratchet3: folds 
D3j4nuts: folds 
Mahu2021: folds 
SwissPro61: folds 
fränkiboy: folds 
Uncalled bet (264) returned to AlexandrS333
AlexandrS333 collected 264 from pot
AlexandrS333: doesn't show hand 
*** SUMMARY ***
Total pot 264 | Rake 0 
Seat 1: ratchet3 folded before Flop (didn't bet)
Seat 2: D3j4nuts folded before Flop (didn't bet)
Seat 3: Mahu2021 (button) folded before Flop (didn't bet)
Seat 4: SwissPro61 (small blind) folded before Flop
Seat 5: fränkiboy (big blind) folded before Flop
Seat 6: bobi82 folded before Flop (didn't bet)
Seat 7: Lenuta1 folded before Flop (didn't bet)
Seat 8: AlexandrS333 collected (264)



PokerStars Hand #253869613986: Tournament #3833129460, $10.27+$0.73 USD Hold'em No Limit - Level I (40/80) - 2024/12/15 20:16:48 CET [2024/12/15 14:16:48 ET]
Table '3833129460 26' 8-max Seat #4 is the button
Seat 1: ratchet3 (9976 in chips) 
Seat 2: D3j4nuts (9936 in chips) 
Seat 3: Mahu2021 (9256 in chips) 
Seat 4: SwissPro61 (10640 in chips) 
Seat 5: fränkiboy (9896 in chips) 
Seat 6: bobi82 (9976 in chips) 
Seat 7: Lenuta1 (9976 in chips) 
Seat 8: AlexandrS333 (10344 in chips) 
ratchet3: posts the ante 8
D3j4nuts: posts the ante 8
Mahu2021: posts the ante 8
SwissPro61: posts the ante 8
fränkiboy: posts the ante 8
bobi82: posts the ante 8
Lenuta1: posts the ante 8
AlexandrS333: posts the ante 8
fränkiboy: posts small blind 40
bobi82: posts big blind 80
*** HOLE CARDS ***
Dealt to Mahu2021 [7s 4c]
Lenuta1: folds 
AlexandrS333: folds 
ratchet3: folds 
D3j4nuts: folds 
Mahu2021: folds 
SwissPro61: folds 
fränkiboy: calls 40
bobi82: raises 240 to 320
fränkiboy: folds 
Uncalled bet (240) returned to bobi82
bobi82 collected 224 from pot
bobi82: doesn't show hand 
*** SUMMARY ***
Total pot 224 | Rake 0 
Seat 1: ratchet3 folded before Flop (didn't bet)
Seat 2: D3j4nuts folded before Flop (didn't bet)
Seat 3: Mahu2021 folded before Flop (didn't bet)
Seat 4: SwissPro61 (button) folded before Flop (didn't bet)
Seat 5: fränkiboy (small blind) folded before Flop
Seat 6: bobi82 (big blind) collected (224)
Seat 7: Lenuta1 folded before Flop (didn't bet)
Seat 8: AlexandrS333 folded before Flop (didn't bet)



PokerStars Hand #253869629007: Tournament #3833129460, $10.27+$0.73 USD Hold'em No Limit - Level I (40/80) - 2024/12/15 20:17:32 CET [2024/12/15 14:17:32 ET]
Table '3833129460 26' 8-max Seat #5 is the button
Seat 1: ratchet3 (9968 in chips) 
Seat 2: D3j4nuts (9928 in chips) 
Seat 3: Mahu2021 (9248 in chips) 
Seat 4: SwissPro61 (10632 in chips) 
Seat 5: fränkiboy (9808 in chips) 
Seat 6: bobi82 (10112 in chips) 
Seat 8: AlexandrS333 (10336 in chips) 
ratchet3: posts the ante 8
D3j4nuts: posts the ante 8
Mahu2021: posts the ante 8
SwissPro61: posts the ante 8
fränkiboy: posts the ante 8
bobi82: posts the ante 8
AlexandrS333: posts the ante 8
bobi82: posts small blind 40
AlexandrS333: posts big blind 80
*** HOLE CARDS ***
Dealt to Mahu2021 [3s Td]
ratchet3: calls 80
D3j4nuts: folds 
Mahu2021: folds 
SwissPro61: folds 
fränkiboy: calls 80
bobi82: folds 
AlexandrS333: raises 10248 to 10328 and is all-in
ratchet3: folds 
fränkiboy: folds 
Uncalled bet (10248) returned to AlexandrS333
AlexandrS333 collected 336 from pot
AlexandrS333: doesn't show hand 
*** SUMMARY ***
Total pot 336 | Rake 0 
Seat 1: ratchet3 folded before Flop
Seat 2: D3j4nuts folded before Flop (didn't bet)
Seat 3: Mahu2021 folded before Flop (didn't bet)
Seat 4: SwissPro61 folded before Flop (didn't bet)
Seat 5: fränkiboy (button) folded before Flop
Seat 6: bobi82 (small blind) folded before Flop
Seat 8: AlexandrS333 (big blind) collected (336)



PokerStars Hand #253869636493: Tournament #3833129460, $10.27+$0.73 USD Hold'em No Limit - Level I (40/80) - 2024/12/15 20:17:54 CET [2024/12/15 14:17:54 ET]
Table '3833129460 26' 8-max Seat #6 is the button
Seat 1: ratchet3 (9880 in chips) 
Seat 2: D3j4nuts (9920 in chips) 
Seat 3: Mahu2021 (9240 in chips) 
Seat 4: SwissPro61 (10624 in chips) 
Seat 5: fränkiboy (9720 in chips) 
Seat 6: bobi82 (10064 in chips) 
Seat 7: jcordeeo (10000 in chips) out of hand (moved from another table into small blind)
Seat 8: AlexandrS333 (10584 in chips) 
jcordeeo will be allowed to play after the button
ratchet3: posts the ante 8
D3j4nuts: posts the ante 8
Mahu2021: posts the ante 8
SwissPro61: posts the ante 8
fränkiboy: posts the ante 8
bobi82: posts the ante 8
AlexandrS333: posts the ante 8
AlexandrS333: posts small blind 40
ratchet3: posts big blind 80
*** HOLE CARDS ***
Dealt to Mahu2021 [8s Ad]
D3j4nuts: folds 
Mahu2021: folds 
SwissPro61: folds 
fränkiboy: folds 
bobi82: raises 80 to 160
AlexandrS333: folds 
ratchet3: folds 
Uncalled bet (80) returned to bobi82
bobi82 collected 256 from pot
bobi82: doesn't show hand 
*** SUMMARY ***
Total pot 256 | Rake 0 
Seat 1: ratchet3 (big blind) folded before Flop
Seat 2: D3j4nuts folded before Flop (didn't bet)
Seat 3: Mahu2021 folded before Flop (didn't bet)
Seat 4: SwissPro61 folded before Flop (didn't bet)
Seat 5: fränkiboy folded before Flop (didn't bet)
Seat 6: bobi82 (button) collected (256)
Seat 8: AlexandrS333 (small blind) folded before Flop



PokerStars Hand #253869643728: Tournament #3833129460, $10.27+$0.73 USD Hold'em No Limit - Level I (40/80) - 2024/12/15 20:18:15 CET [2024/12/15 14:18:15 ET]
Table '3833129460 26' 8-max Seat #8 is the button
Seat 1: ratchet3 (9792 in chips) 
Seat 2: D3j4nuts (9912 in chips) 
Seat 3: Mahu2021 (9232 in chips) 
Seat 4: SwissPro61 (10616 in chips) 
Seat 5: fränkiboy (9712 in chips) 
Seat 6: bobi82 (10232 in chips) 
Seat 7: jcordeeo (10000 in chips) 
Seat 8: AlexandrS333 (10536 in chips) 
ratchet3: posts the ante 8
D3j4nuts: posts the ante 8
Mahu2021: posts the ante 8
SwissPro61: posts the ante 8
fränkiboy: posts the ante 8
bobi82: posts the ante 8
jcordeeo: posts the ante 8
AlexandrS333: posts the ante 8
ratchet3: posts small blind 40
D3j4nuts: posts big blind 80
*** HOLE CARDS ***
Dealt to Mahu2021 [5h 3c]
Mahu2021: folds 
SwissPro61: calls 80
fränkiboy: folds 
bobi82: folds 
jcordeeo: calls 80
AlexandrS333: folds 
ratchet3: calls 40
D3j4nuts: checks 
*** FLOP *** [8d Ad 4s]
ratchet3: checks 
D3j4nuts: checks 
SwissPro61: bets 320
jcordeeo: folds 
ratchet3: folds 
D3j4nuts: folds 
Uncalled bet (320) returned to SwissPro61
SwissPro61 collected 384 from pot
SwissPro61: doesn't show hand 
*** SUMMARY ***
Total pot 384 | Rake 0 
Board [8d Ad 4s]
Seat 1: ratchet3 (small blind) folded on the Flop
Seat 2: D3j4nuts (big blind) folded on the Flop
Seat 3: Mahu2021 folded before Flop (didn't bet)
Seat 4: SwissPro61 collected (384)
Seat 5: fränkiboy folded before Flop (didn't bet)
Seat 6: bobi82 folded before Flop (didn't bet)
Seat 7: jcordeeo folded on the Flop
Seat 8: AlexandrS333 (button) folded before Flop (didn't bet)



PokerStars Hand #253869659787: Tournament #3833129460, $10.27+$0.73 USD Hold'em No Limit - Level II (50/100) - 2024/12/15 20:19:02 CET [2024/12/15 14:19:02 ET]
Table '3833129460 26' 8-max Seat #1 is the button
Seat 1: ratchet3 (9704 in chips) 
Seat 2: D3j4nuts (9824 in chips) 
Seat 3: Mahu2021 (9224 in chips) 
Seat 4: SwissPro61 (10912 in chips) 
Seat 5: fränkiboy (9704 in chips) 
Seat 6: bobi82 (10224 in chips) 
Seat 7: jcordeeo (9912 in chips) 
Seat 8: AlexandrS333 (10528 in chips) 
ratchet3: posts the ante 10
D3j4nuts: posts the ante 10
Mahu2021: posts the ante 10
SwissPro61: posts the ante 10
fränkiboy: posts the ante 10
bobi82: posts the ante 10
jcordeeo: posts the ante 10
AlexandrS333: posts the ante 10
D3j4nuts: posts small blind 50
Mahu2021: posts big blind 100
*** HOLE CARDS ***
Dealt to Mahu2021 [Qc 9c]
SwissPro61: folds 
fränkiboy: folds 
bobi82: folds 
jcordeeo: folds 
AlexandrS333: folds 
ratchet3: folds 
D3j4nuts: folds 
Uncalled bet (50) returned to Mahu2021
Mahu2021 collected 180 from pot
Mahu2021: doesn't show hand 
*** SUMMARY ***
Total pot 180 | Rake 0 
Seat 1: ratchet3 (button) folded before Flop (didn't bet)
Seat 2: D3j4nuts (small blind) folded before Flop
Seat 3: Mahu2021 (big blind) collected (180)
Seat 4: SwissPro61 folded before Flop (didn't bet)
Seat 5: fränkiboy folded before Flop (didn't bet)
Seat 6: bobi82 folded before Flop (didn't bet)
Seat 7: jcordeeo folded before Flop (didn't bet)
Seat 8: AlexandrS333 folded before Flop (didn't bet)



PokerStars Hand #253869668276: Tournament #3833129460, $10.27+$0.73 USD Hold'em No Limit - Level II (50/100) - 2024/12/15 20:19:26 CET [2024/12/15 14:19:26 ET]
Table '3833129460 26' 8-max Seat #2 is the button
Seat 1: ratchet3 (9694 in chips) 
Seat 2: D3j4nuts (9764 in chips) 
Seat 3: Mahu2021 (9344 in chips) 
Seat 4: SwissPro61 (10902 in chips) 
Seat 5: fränkiboy (9694 in chips) 
Seat 6: bobi82 (10214 in chips) 
Seat 7: jcordeeo (9902 in chips) 
Seat 8: AlexandrS333 (10518 in chips) 
ratchet3: posts the ante 10
D3j4nuts: posts the ante 10
Mahu2021: posts the ante 10
SwissPro61: posts the ante 10
fränkiboy: posts the ante 10
bobi82: posts the ante 10
jcordeeo: posts the ante 10
AlexandrS333: posts the ante 10
Mahu2021: posts small blind 50
SwissPro61: posts big blind 100
*** HOLE CARDS ***
Dealt to Mahu2021 [8c Ac]
fränkiboy: folds 
bobi82: folds 
jcordeeo: calls 100
AlexandrS333: folds 
ratchet3: folds 
D3j4nuts: folds 
Mahu2021: raises 200 to 300
SwissPro61: raises 200 to 500
jcordeeo: folds 
Mahu2021: calls 200
*** FLOP *** [6c 6h Jd]
Mahu2021: checks 
SwissPro61: checks 
*** TURN *** [6c 6h Jd] [7s]
Mahu2021: checks 
SwissPro61: bets 590
Mahu2021: calls 590
*** RIVER *** [6c 6h Jd 7s] [3h]
Mahu2021: checks 
SwissPro61: checks 
*** SHOW DOWN ***
Mahu2021: shows [8c Ac] (a pair of Sixes)
SwissPro61: shows [As Js] (two pair, Jacks and Sixes)
SwissPro61 collected 2360 from pot
*** SUMMARY ***
Total pot 2360 | Rake 0 
Board [6c 6h Jd 7s 3h]
Seat 1: ratchet3 folded before Flop (didn't bet)
Seat 2: D3j4nuts (button) folded before Flop (didn't bet)
Seat 3: Mahu2021 (small blind) showed [8c Ac] and lost with a pair of Sixes
Seat 4: SwissPro61 (big blind) showed [As Js] and won (2360) with two pair, Jacks and Sixes
Seat 5: fränkiboy folded before Flop (didn't bet)
Seat 6: bobi82 folded before Flop (didn't bet)
Seat 7: jcordeeo folded before Flop
Seat 8: AlexandrS333 folded before Flop (didn't bet)



PokerStars Hand #253869687838: Tournament #3833129460, $10.27+$0.73 USD Hold'em No Limit - Level II (50/100) - 2024/12/15 20:20:23 CET [2024/12/15 14:20:23 ET]
Table '3833129460 26' 8-max Seat #3 is the button
Seat 1: ratchet3 (9684 in chips) 
Seat 2: D3j4nuts (9754 in chips) 
Seat 3: Mahu2021 (8244 in chips) 
Seat 4: SwissPro61 (12162 in chips) 
Seat 5: fränkiboy (9684 in chips) 
Seat 6: bobi82 (10204 in chips) 
Seat 7: jcordeeo (9792 in chips) 
Seat 8: AlexandrS333 (10508 in chips) 
ratchet3: posts the ante 10
D3j4nuts: posts the ante 10
Mahu2021: posts the ante 10
SwissPro61: posts the ante 10
fränkiboy: posts the ante 10
bobi82: posts the ante 10
jcordeeo: posts the ante 10
AlexandrS333: posts the ante 10
SwissPro61: posts small blind 50
fränkiboy: posts big blind 100
*** HOLE CARDS ***
Dealt to Mahu2021 [Tc 2d]
bobi82: folds 
jcordeeo: calls 100
AlexandrS333: folds 
ratchet3: folds 
D3j4nuts: raises 400 to 500
Mahu2021: folds 
SwissPro61: folds 
fränkiboy: folds 
jcordeeo: calls 400
*** FLOP *** [3d 4c Ts]
jcordeeo: bets 615
D3j4nuts: calls 615
*** TURN *** [3d 4c Ts] [8d]
jcordeeo: checks 
D3j4nuts: bets 1624
jcordeeo: calls 1624
*** RIVER *** [3d 4c Ts 8d] [2s]
jcordeeo: checks 
D3j4nuts: bets 7005 and is all-in
jcordeeo: folds 
Uncalled bet (7005) returned to D3j4nuts
D3j4nuts collected 5708 from pot
*** SUMMARY ***
Total pot 5708 | Rake 0 
Board [3d 4c Ts 8d 2s]
Seat 1: ratchet3 folded before Flop (didn't bet)
Seat 2: D3j4nuts collected (5708)
Seat 3: Mahu2021 (button) folded before Flop (didn't bet)
Seat 4: SwissPro61 (small blind) folded before Flop
Seat 5: fränkiboy (big blind) folded before Flop
Seat 6: bobi82 folded before Flop (didn't bet)
Seat 7: jcordeeo folded on the River
Seat 8: AlexandrS333 folded before Flop (didn't bet)



PokerStars Hand #253869714335: Tournament #3833129460, $10.27+$0.73 USD Hold'em No Limit - Level II (50/100) - 2024/12/15 20:21:41 CET [2024/12/15 14:21:41 ET]
Table '3833129460 26' 8-max Seat #4 is the button
Seat 1: ratchet3 (9674 in chips) 
Seat 2: D3j4nuts (12713 in chips) 
Seat 3: Mahu2021 (8234 in chips) 
Seat 4: SwissPro61 (12102 in chips) 
Seat 5: fränkiboy (9574 in chips) 
Seat 6: bobi82 (10194 in chips) 
Seat 7: jcordeeo (7043 in chips) 
Seat 8: AlexandrS333 (10498 in chips) 
ratchet3: posts the ante 10
D3j4nuts: posts the ante 10
Mahu2021: posts the ante 10
SwissPro61: posts the ante 10
fränkiboy: posts the ante 10
bobi82: posts the ante 10
jcordeeo: posts the ante 10
AlexandrS333: posts the ante 10
fränkiboy: posts small blind 50
bobi82: posts big blind 100
*** HOLE CARDS ***
Dealt to Mahu2021 [7d 6h]
jcordeeo: folds 
AlexandrS333: raises 200 to 300
ratchet3: folds 
D3j4nuts: folds 
Mahu2021: folds 
SwissPro61: calls 300
fränkiboy: calls 250
bobi82: folds 
*** FLOP *** [7c 8d Kh]
fränkiboy: checks 
AlexandrS333: bets 540
SwissPro61: folds 
fränkiboy: calls 540
*** TURN *** [7c 8d Kh] [5d]
fränkiboy: checks 
AlexandrS333: checks 
*** RIVER *** [7c 8d Kh 5d] [As]
fränkiboy: checks 
AlexandrS333: bets 2160
fränkiboy: calls 2160
*** SHOW DOWN ***
AlexandrS333: shows [Jh Qh] (high card Ace)
fränkiboy: shows [9c Kc] (a pair of Kings)
fränkiboy collected 6480 from pot
*** SUMMARY ***
Total pot 6480 | Rake 0 
Board [7c 8d Kh 5d As]
Seat 1: ratchet3 folded before Flop (didn't bet)
Seat 2: D3j4nuts folded before Flop (didn't bet)
Seat 3: Mahu2021 folded before Flop (didn't bet)
Seat 4: SwissPro61 (button) folded on the Flop
Seat 5: fränkiboy (small blind) showed [9c Kc] and won (6480) with a pair of Kings
Seat 6: bobi82 (big blind) folded before Flop
Seat 7: jcordeeo folded before Flop (didn't bet)
Seat 8: AlexandrS333 showed [Jh Qh] and lost with high card Ace



PokerStars Hand #253869727144: Tournament #3833129460, $10.27+$0.73 USD Hold'em No Limit - Level II (50/100) - 2024/12/15 20:22:19 CET [2024/12/15 14:22:19 ET]
Table '3833129460 26' 8-max Seat #5 is the button
Seat 1: ratchet3 (9664 in chips) 
Seat 2: D3j4nuts (12703 in chips) 
Seat 3: Mahu2021 (8224 in chips) 
Seat 4: SwissPro61 (11792 in chips) 
Seat 5: fränkiboy (13044 in chips) 
Seat 6: bobi82 (10084 in chips) 
Seat 7: jcordeeo (7033 in chips) 
Seat 8: AlexandrS333 (7488 in chips) 
ratchet3: posts the ante 10
D3j4nuts: posts the ante 10
Mahu2021: posts the ante 10
SwissPro61: posts the ante 10
fränkiboy: posts the ante 10
bobi82: posts the ante 10
jcordeeo: posts the ante 10
AlexandrS333: posts the ante 10
bobi82: posts small blind 50
jcordeeo: posts big blind 100
*** HOLE CARDS ***
Dealt to Mahu2021 [2d 8d]
AlexandrS333: folds 
ratchet3: folds 
D3j4nuts: folds 
Mahu2021: folds 
SwissPro61: raises 200 to 300
fränkiboy: folds 
bobi82: calls 250
jcordeeo: folds 
*** FLOP *** [7d 3s Ts]
bobi82: checks 
SwissPro61: checks 
*** TURN *** [7d 3s Ts] [Jd]
bobi82: bets 390
SwissPro61: raises 490 to 880
bobi82: folds 
Uncalled bet (490) returned to SwissPro61
SwissPro61 collected 1560 from pot
SwissPro61: doesn't show hand 
*** SUMMARY ***
Total pot 1560 | Rake 0 
Board [7d 3s Ts Jd]
Seat 1: ratchet3 folded before Flop (didn't bet)
Seat 2: D3j4nuts folded before Flop (didn't bet)
Seat 3: Mahu2021 folded before Flop (didn't bet)
Seat 4: SwissPro61 collected (1560)
Seat 5: fränkiboy (button) folded before Flop (didn't bet)
Seat 6: bobi82 (small blind) folded on the Turn
Seat 7: jcordeeo (big blind) folded before Flop
Seat 8: AlexandrS333 folded before Flop (didn't bet)



PokerStars Hand #253869746348: Tournament #3833129460, $10.27+$0.73 USD Hold'em No Limit - Level III (75/150) - 2024/12/15 20:23:16 CET [2024/12/15 14:23:16 ET]
Table '3833129460 26' 8-max Seat #6 is the button
Seat 1: ratchet3 (9654 in chips) 
Seat 3: Mahu2021 (8214 in chips) 
Seat 4: SwissPro61 (12652 in chips) 
Seat 5: fränkiboy (13034 in chips) 
Seat 6: bobi82 (9384 in chips) 
Seat 7: jcordeeo (6923 in chips) 
Seat 8: AlexandrS333 (7478 in chips) 
ratchet3: posts the ante 15
Mahu2021: posts the ante 15
SwissPro61: posts the ante 15
fränkiboy: posts the ante 15
bobi82: posts the ante 15
jcordeeo: posts the ante 15
AlexandrS333: posts the ante 15
jcordeeo: posts small blind 75
AlexandrS333: posts big blind 150
*** HOLE CARDS ***
Dealt to Mahu2021 [Ac 9s]
ratchet3: folds 
Mahu2021: raises 300 to 450
SwissPro61: folds 
fränkiboy: folds 
bobi82: calls 450
jcordeeo: folds 
AlexandrS333: calls 300
*** FLOP *** [8h 5d 9d]
AlexandrS333: checks 
Mahu2021: bets 7749 and is all-in
bobi82: folds 
AlexandrS333: calls 7013 and is all-in
Uncalled bet (736) returned to Mahu2021
*** TURN *** [8h 5d 9d] [2d]
*** RIVER *** [8h 5d 9d 2d] [Qh]
*** SHOW DOWN ***
AlexandrS333: shows [Js Td] (a straight, Eight to Queen)
Mahu2021: shows [Ac 9s] (a pair of Nines)
AlexandrS333 collected 15556 from pot
*** SUMMARY ***
Total pot 15556 | Rake 0 
Board [8h 5d 9d 2d Qh]
Seat 1: ratchet3 folded before Flop (didn't bet)
Seat 3: Mahu2021 showed [Ac 9s] and lost with a pair of Nines
Seat 4: SwissPro61 folded before Flop (didn't bet)
Seat 5: fränkiboy folded before Flop (didn't bet)
Seat 6: bobi82 (button) folded on the Flop
Seat 7: jcordeeo (small blind) folded before Flop
Seat 8: AlexandrS333 (big blind) showed [Js Td] and won (15556) with a straight, Eight to Queen



PokerStars Hand #253869757164: Tournament #3833129460, $10.27+$0.73 USD Hold'em No Limit - Level III (75/150) - 2024/12/15 20:23:47 CET [2024/12/15 14:23:47 ET]
Table '3833129460 26' 8-max Seat #7 is the button
Seat 1: ratchet3 (9639 in chips) 
Seat 3: Mahu2021 (736 in chips) 
Seat 4: SwissPro61 (12637 in chips) 
Seat 5: fränkiboy (13019 in chips) 
Seat 6: bobi82 (8919 in chips) 
Seat 7: jcordeeo (6833 in chips) 
Seat 8: AlexandrS333 (15556 in chips) 
ratchet3: posts the ante 15
Mahu2021: posts the ante 15
SwissPro61: posts the ante 15
fränkiboy: posts the ante 15
bobi82: posts the ante 15
jcordeeo: posts the ante 15
AlexandrS333: posts the ante 15
AlexandrS333: posts small blind 75
ratchet3: posts big blind 150
*** HOLE CARDS ***
Dealt to Mahu2021 [Jd 8c]
Mahu2021: raises 571 to 721 and is all-in
SwissPro61: folds 
fränkiboy: folds 
bobi82: calls 721
jcordeeo: folds 
AlexandrS333: folds 
ratchet3: calls 571
*** FLOP *** [Qh 7c Qd]
ratchet3: checks 
bobi82: bets 600
ratchet3: folds 
Uncalled bet (600) returned to bobi82
*** TURN *** [Qh 7c Qd] [Ac]
*** RIVER *** [Qh 7c Qd Ac] [8s]
*** SHOW DOWN ***
Mahu2021: shows [Jd 8c] (two pair, Queens and Eights)
bobi82: shows [Ah 6h] (two pair, Aces and Queens)
bobi82 collected 2343 from pot
Mahu2021 finished the tournament
*** SUMMARY ***
Total pot 2343 | Rake 0 
Board [Qh 7c Qd Ac 8s]
Seat 1: ratchet3 (big blind) folded on the Flop
Seat 3: Mahu2021 showed [Jd 8c] and lost with two pair, Queens and Eights
Seat 4: SwissPro61 folded before Flop (didn't bet)
Seat 5: fränkiboy folded before Flop (didn't bet)
Seat 6: bobi82 showed [Ah 6h] and won (2343) with two pair, Aces and Queens
Seat 7: jcordeeo (button) folded before Flop (didn't bet)
Seat 8: AlexandrS333 (small blind) folded before Flop



