PokerStars Hand #244636533914: Tournament #3612858236, $0.92+$0.08 USD Hold'em No Limit - Level I (10/20) - 2023/07/05 10:41:34 CET [2023/07/05 4:41:34 ET]
Table '3612858236 1' 3-max Seat #1 is the button
Seat 1: Mahu2021 (500 in chips) 
Seat 2: Mdpfelipe (500 in chips) 
Seat 3: Blin4ik8 (500 in chips) 
Mdpfelipe: posts small blind 10
Blin4ik8: posts big blind 20
*** HOLE CARDS ***
Dealt to Mahu2021 [Kd 2h]
Mahu2021: folds 
Mdpfelipe: calls 10
Blin4ik8: raises 40 to 60
Mdpfelipe: calls 40
*** FLOP *** [4d 8c 5s]
Mdpfelipe: checks 
Blin4ik8: bets 80
Mdpfelipe: raises 360 to 440 and is all-in
Blin4ik8: calls 360 and is all-in
*** TURN *** [4d 8c 5s] [4h]
*** RIVER *** [4d 8c 5s 4h] [3d]
*** SHOW DOWN ***
Mdpfelipe: shows [5h Qh] (two pair, Fives and Fours)
Blin4ik8: shows [As Ah] (two pair, Aces and Fours)
Blin4ik8 collected 1000 from pot
Mdpfelipe finished the tournament in 3rd place
*** SUMMARY ***
Total pot 1000 | Rake 0 
Board [4d 8c 5s 4h 3d]
Seat 1: Mahu2021 (button) folded before Flop (didn't bet)
Seat 2: Mdpfelipe (small blind) showed [5h Qh] and lost with two pair, Fives and Fours
Seat 3: Blin4ik8 (big blind) showed [As Ah] and won (1000) with two pair, Aces and Fours



PokerStars Hand #244636537347: Tournament #3612858236, $0.92+$0.08 USD Hold'em No Limit - Level I (10/20) - 2023/07/05 10:42:03 CET [2023/07/05 4:42:03 ET]
Table '3612858236 1' 3-max Seat #3 is the button
Seat 1: Mahu2021 (500 in chips) 
Seat 3: Blin4ik8 (1000 in chips) 
Blin4ik8: posts small blind 10
Mahu2021: posts big blind 20
*** HOLE CARDS ***
Dealt to Mahu2021 [9c 4c]
Blin4ik8: raises 20 to 40
Mahu2021: folds 
Uncalled bet (20) returned to Blin4ik8
Blin4ik8 collected 40 from pot
Blin4ik8: doesn't show hand 
*** SUMMARY ***
Total pot 40 | Rake 0 
Seat 1: Mahu2021 (big blind) folded before Flop
Seat 3: Blin4ik8 (button) (small blind) collected (40)



PokerStars Hand #244636538171: Tournament #3612858236, $0.92+$0.08 USD Hold'em No Limit - Level I (10/20) - 2023/07/05 10:42:10 CET [2023/07/05 4:42:10 ET]
Table '3612858236 1' 3-max Seat #1 is the button
Seat 1: Mahu2021 (480 in chips) 
Seat 3: Blin4ik8 (1020 in chips) 
Mahu2021: posts small blind 10
Blin4ik8: posts big blind 20
*** HOLE CARDS ***
Dealt to Mahu2021 [6h 9d]
Mahu2021: folds 
Uncalled bet (10) returned to Blin4ik8
Blin4ik8 collected 20 from pot
Blin4ik8: doesn't show hand 
*** SUMMARY ***
Total pot 20 | Rake 0 
Seat 1: Mahu2021 (button) (small blind) folded before Flop
Seat 3: Blin4ik8 (big blind) collected (20)



PokerStars Hand #244636538663: Tournament #3612858236, $0.92+$0.08 USD Hold'em No Limit - Level I (10/20) - 2023/07/05 10:42:14 CET [2023/07/05 4:42:14 ET]
Table '3612858236 1' 3-max Seat #3 is the button
Seat 1: Mahu2021 (470 in chips) 
Seat 3: Blin4ik8 (1030 in chips) 
Blin4ik8: posts small blind 10
Mahu2021: posts big blind 20
*** HOLE CARDS ***
Dealt to Mahu2021 [Jd Kh]
Blin4ik8: raises 20 to 40
Mahu2021: calls 20
*** FLOP *** [2c 8c Qc]
Mahu2021: checks 
Blin4ik8: bets 20
Mahu2021: folds 
Uncalled bet (20) returned to Blin4ik8
Blin4ik8 collected 80 from pot
Blin4ik8: doesn't show hand 
*** SUMMARY ***
Total pot 80 | Rake 0 
Board [2c 8c Qc]
Seat 1: Mahu2021 (big blind) folded on the Flop
Seat 3: Blin4ik8 (button) (small blind) collected (80)



PokerStars Hand #244636540031: Tournament #3612858236, $0.92+$0.08 USD Hold'em No Limit - Level I (10/20) - 2023/07/05 10:42:26 CET [2023/07/05 4:42:26 ET]
Table '3612858236 1' 3-max Seat #1 is the button
Seat 1: Mahu2021 (430 in chips) 
Seat 3: Blin4ik8 (1070 in chips) 
Mahu2021: posts small blind 10
Blin4ik8: posts big blind 20
*** HOLE CARDS ***
Dealt to Mahu2021 [7h 4d]
Mahu2021: folds 
Uncalled bet (10) returned to Blin4ik8
Blin4ik8 collected 20 from pot
*** SUMMARY ***
Total pot 20 | Rake 0 
Seat 1: Mahu2021 (button) (small blind) folded before Flop
Seat 3: Blin4ik8 (big blind) collected (20)



PokerStars Hand #244636540559: Tournament #3612858236, $0.92+$0.08 USD Hold'em No Limit - Level I (10/20) - 2023/07/05 10:42:30 CET [2023/07/05 4:42:30 ET]
Table '3612858236 1' 3-max Seat #3 is the button
Seat 1: Mahu2021 (420 in chips) 
Seat 3: Blin4ik8 (1080 in chips) 
Blin4ik8: posts small blind 10
Mahu2021: posts big blind 20
*** HOLE CARDS ***
Dealt to Mahu2021 [3c Qc]
Blin4ik8: raises 20 to 40
Mahu2021: calls 20
*** FLOP *** [3h 7c 2c]
Mahu2021: bets 380 and is all-in
Blin4ik8: calls 380
*** TURN *** [3h 7c 2c] [3d]
*** RIVER *** [3h 7c 2c 3d] [Ks]
*** SHOW DOWN ***
Mahu2021: shows [3c Qc] (three of a kind, Threes)
Blin4ik8: shows [Kh Kd] (a full house, Kings full of Threes)
Blin4ik8 collected 840 from pot
Mahu2021 finished the tournament in 2nd place
Blin4ik8 wins the tournament and receives $2.00 - congratulations!
*** SUMMARY ***
Total pot 840 | Rake 0 
Board [3h 7c 2c 3d Ks]
Seat 1: Mahu2021 (big blind) showed [3c Qc] and lost with three of a kind, Threes
Seat 3: Blin4ik8 (button) (small blind) showed [Kh Kd] and won (840) with a full house, Kings full of Threes



