PokerStars Hand #247786500724: Tournament #3689492963, $1.84+$0.16 USD Hold'em No Limit - Level I (10/20) - 2023/12/21 17:43:02 CET [2023/12/21 11:43:02 ET]
Table '3689492963 1' 3-max Seat #1 is the button
Seat 1: Mahu2021 (500 in chips) 
Seat 2: marean69 (500 in chips) 
Seat 3: pela.170494 (500 in chips) 
marean69: posts small blind 10
pela.170494: posts big blind 20
*** HOLE CARDS ***
Dealt to Mahu2021 [5s 6h]
Mahu2021: folds 
marean69: folds 
Uncalled bet (10) returned to pela.170494
pela.170494 collected 20 from pot
pela.170494: doesn't show hand 
*** SUMMARY ***
Total pot 20 | Rake 0 
Seat 1: Mahu2021 (button) folded before Flop (didn't bet)
Seat 2: marean69 (small blind) folded before Flop
Seat 3: pela.170494 (big blind) collected (20)



PokerStars Hand #247786502235: Tournament #3689492963, $1.84+$0.16 USD Hold'em No Limit - Level I (10/20) - 2023/12/21 17:43:08 CET [2023/12/21 11:43:08 ET]
Table '3689492963 1' 3-max Seat #2 is the button
Seat 1: Mahu2021 (500 in chips) 
Seat 2: marean69 (490 in chips) 
Seat 3: pela.170494 (510 in chips) 
pela.170494: posts small blind 10
Mahu2021: posts big blind 20
*** HOLE CARDS ***
Dealt to Mahu2021 [5d 9s]
marean69: folds 
pela.170494: raises 20 to 40
Mahu2021: folds 
Uncalled bet (20) returned to pela.170494
pela.170494 collected 40 from pot
pela.170494: doesn't show hand 
*** SUMMARY ***
Total pot 40 | Rake 0 
Seat 1: Mahu2021 (big blind) folded before Flop
Seat 2: marean69 (button) folded before Flop (didn't bet)
Seat 3: pela.170494 (small blind) collected (40)



PokerStars Hand #247786504036: Tournament #3689492963, $1.84+$0.16 USD Hold'em No Limit - Level I (10/20) - 2023/12/21 17:43:15 CET [2023/12/21 11:43:15 ET]
Table '3689492963 1' 3-max Seat #3 is the button
Seat 1: Mahu2021 (480 in chips) 
Seat 2: marean69 (490 in chips) 
Seat 3: pela.170494 (530 in chips) 
Mahu2021: posts small blind 10
marean69: posts big blind 20
*** HOLE CARDS ***
Dealt to Mahu2021 [5s 2c]
pela.170494: raises 20 to 40
Mahu2021: folds 
marean69: folds 
Uncalled bet (20) returned to pela.170494
pela.170494 collected 50 from pot
pela.170494: doesn't show hand 
*** SUMMARY ***
Total pot 50 | Rake 0 
Seat 1: Mahu2021 (small blind) folded before Flop
Seat 2: marean69 (big blind) folded before Flop
Seat 3: pela.170494 (button) collected (50)



PokerStars Hand #247786505808: Tournament #3689492963, $1.84+$0.16 USD Hold'em No Limit - Level I (10/20) - 2023/12/21 17:43:22 CET [2023/12/21 11:43:22 ET]
Table '3689492963 1' 3-max Seat #1 is the button
Seat 1: Mahu2021 (470 in chips) 
Seat 2: marean69 (470 in chips) 
Seat 3: pela.170494 (560 in chips) 
marean69: posts small blind 10
pela.170494: posts big blind 20
*** HOLE CARDS ***
Dealt to Mahu2021 [Kc Qc]
Mahu2021: raises 20 to 40
marean69: calls 30
pela.170494: folds 
*** FLOP *** [Ac 8s 3h]
marean69: checks 
Mahu2021: checks 
*** TURN *** [Ac 8s 3h] [9s]
marean69: bets 40
Mahu2021: folds 
Uncalled bet (40) returned to marean69
marean69 collected 100 from pot
*** SUMMARY ***
Total pot 100 | Rake 0 
Board [Ac 8s 3h 9s]
Seat 1: Mahu2021 (button) folded on the Turn
Seat 2: marean69 (small blind) collected (100)
Seat 3: pela.170494 (big blind) folded before Flop



PokerStars Hand #247786509467: Tournament #3689492963, $1.84+$0.16 USD Hold'em No Limit - Level I (10/20) - 2023/12/21 17:43:35 CET [2023/12/21 11:43:35 ET]
Table '3689492963 1' 3-max Seat #2 is the button
Seat 1: Mahu2021 (430 in chips) 
Seat 2: marean69 (530 in chips) 
Seat 3: pela.170494 (540 in chips) 
pela.170494: posts small blind 10
Mahu2021: posts big blind 20
*** HOLE CARDS ***
Dealt to Mahu2021 [Jd 4h]
marean69: calls 20
pela.170494: folds 
Mahu2021: checks 
*** FLOP *** [6c Ah 8h]
Mahu2021: checks 
marean69: bets 20
Mahu2021: folds 
Uncalled bet (20) returned to marean69
marean69 collected 50 from pot
*** SUMMARY ***
Total pot 50 | Rake 0 
Board [6c Ah 8h]
Seat 1: Mahu2021 (big blind) folded on the Flop
Seat 2: marean69 (button) collected (50)
Seat 3: pela.170494 (small blind) folded before Flop



PokerStars Hand #247786512166: Tournament #3689492963, $1.84+$0.16 USD Hold'em No Limit - Level I (10/20) - 2023/12/21 17:43:46 CET [2023/12/21 11:43:46 ET]
Table '3689492963 1' 3-max Seat #3 is the button
Seat 1: Mahu2021 (410 in chips) 
Seat 2: marean69 (560 in chips) 
Seat 3: pela.170494 (530 in chips) 
Mahu2021: posts small blind 10
marean69: posts big blind 20
*** HOLE CARDS ***
Dealt to Mahu2021 [5s 8s]
pela.170494: folds 
Mahu2021: raises 20 to 40
marean69: calls 20
*** FLOP *** [5h Td 2d]
Mahu2021: bets 40
marean69: calls 40
*** TURN *** [5h Td 2d] [3h]
Mahu2021: bets 330 and is all-in
marean69: calls 330
*** RIVER *** [5h Td 2d 3h] [4h]
*** SHOW DOWN ***
Mahu2021: shows [5s 8s] (a pair of Fives)
marean69: shows [3d 6s] (a straight, Deuce to Six)
marean69 collected 820 from pot
Mahu2021 finished the tournament in 3rd place
*** SUMMARY ***
Total pot 820 | Rake 0 
Board [5h Td 2d 3h 4h]
Seat 1: Mahu2021 (small blind) showed [5s 8s] and lost with a pair of Fives
Seat 2: marean69 (big blind) showed [3d 6s] and won (820) with a straight, Deuce to Six
Seat 3: pela.170494 (button) folded before Flop (didn't bet)



