PokerStars Hand #253431359133: Tournament #3824188489, $1.84+$0.16 USD Hold'em No Limit - Level I (10/20) - 2024/11/16 18:44:03 CET [2024/11/16 12:44:03 ET]
Table '3824188489 1' 3-max Seat #1 is the button
Seat 1: Kak.man11 (500 in chips) 
Seat 2: trioratata (500 in chips) 
Seat 3: Mahu2021 (500 in chips) 
trioratata: posts small blind 10
Mahu2021: posts big blind 20
*** HOLE CARDS ***
Dealt to Mahu2021 [Kc 5h]
Kak.man11: raises 22 to 42
trioratata: folds 
Mahu2021: calls 22
*** FLOP *** [6c 2d 7d]
Mahu2021: checks 
Kak.man11: checks 
*** TURN *** [6c 2d 7d] [Qh]
Mahu2021: checks 
Kak.man11: checks 
*** RIVER *** [6c 2d 7d Qh] [Qd]
Mahu2021: checks 
Kak.man11: bets 20
Mahu2021: folds 
Uncalled bet (20) returned to Kak.man11
Kak.man11 collected 94 from pot
Kak.man11: doesn't show hand 
*** SUMMARY ***
Total pot 94 | Rake 0 
Board [6c 2d 7d Qh Qd]
Seat 1: Kak.man11 (button) collected (94)
Seat 2: trioratata (small blind) folded before Flop
Seat 3: Mahu2021 (big blind) folded on the River



PokerStars Hand #253431367485: Tournament #3824188489, $1.84+$0.16 USD Hold'em No Limit - Level I (10/20) - 2024/11/16 18:44:36 CET [2024/11/16 12:44:36 ET]
Table '3824188489 1' 3-max Seat #2 is the button
Seat 1: Kak.man11 (552 in chips) 
Seat 2: trioratata (490 in chips) 
Seat 3: Mahu2021 (458 in chips) 
Mahu2021: posts small blind 10
Kak.man11: posts big blind 20
*** HOLE CARDS ***
Dealt to Mahu2021 [3s Jd]
trioratata: folds 
Mahu2021: folds 
Uncalled bet (10) returned to Kak.man11
Kak.man11 collected 20 from pot
Kak.man11: doesn't show hand 
*** SUMMARY ***
Total pot 20 | Rake 0 
Seat 1: Kak.man11 (big blind) collected (20)
Seat 2: trioratata (button) folded before Flop (didn't bet)
Seat 3: Mahu2021 (small blind) folded before Flop



PokerStars Hand #253431369307: Tournament #3824188489, $1.84+$0.16 USD Hold'em No Limit - Level I (10/20) - 2024/11/16 18:44:43 CET [2024/11/16 12:44:43 ET]
Table '3824188489 1' 3-max Seat #3 is the button
Seat 1: Kak.man11 (562 in chips) 
Seat 2: trioratata (490 in chips) 
Seat 3: Mahu2021 (448 in chips) 
Kak.man11: posts small blind 10
trioratata: posts big blind 20
*** HOLE CARDS ***
Dealt to Mahu2021 [Qh 5c]
Mahu2021: folds 
Kak.man11: raises 22 to 42
trioratata: calls 22
*** FLOP *** [6s Jh Ad]
Kak.man11: bets 20
trioratata: calls 20
*** TURN *** [6s Jh Ad] [4d]
Kak.man11: bets 60
trioratata: calls 60
*** RIVER *** [6s Jh Ad 4d] [Js]
Kak.man11: checks 
trioratata: bets 40
Kak.man11: calls 40
*** SHOW DOWN ***
trioratata: shows [Tc 8s] (a pair of Jacks)
Kak.man11: shows [Ac 4c] (two pair, Aces and Jacks)
Kak.man11 collected 324 from pot
*** SUMMARY ***
Total pot 324 | Rake 0 
Board [6s Jh Ad 4d Js]
Seat 1: Kak.man11 (small blind) showed [Ac 4c] and won (324) with two pair, Aces and Jacks
Seat 2: trioratata (big blind) showed [Tc 8s] and lost with a pair of Jacks
Seat 3: Mahu2021 (button) folded before Flop (didn't bet)



PokerStars Hand #253431379848: Tournament #3824188489, $1.84+$0.16 USD Hold'em No Limit - Level I (10/20) - 2024/11/16 18:45:23 CET [2024/11/16 12:45:23 ET]
Table '3824188489 1' 3-max Seat #1 is the button
Seat 1: Kak.man11 (724 in chips) 
Seat 2: trioratata (328 in chips) 
Seat 3: Mahu2021 (448 in chips) 
trioratata: posts small blind 10
Mahu2021: posts big blind 20
*** HOLE CARDS ***
Dealt to Mahu2021 [Kc 8c]
Kak.man11: folds 
trioratata: raises 308 to 328 and is all-in
Mahu2021: folds 
Uncalled bet (308) returned to trioratata
trioratata collected 40 from pot
*** SUMMARY ***
Total pot 40 | Rake 0 
Seat 1: Kak.man11 (button) folded before Flop (didn't bet)
Seat 2: trioratata (small blind) collected (40)
Seat 3: Mahu2021 (big blind) folded before Flop



PokerStars Hand #253431383189: Tournament #3824188489, $1.84+$0.16 USD Hold'em No Limit - Level I (10/20) - 2024/11/16 18:45:36 CET [2024/11/16 12:45:36 ET]
Table '3824188489 1' 3-max Seat #2 is the button
Seat 1: Kak.man11 (724 in chips) 
Seat 2: trioratata (348 in chips) 
Seat 3: Mahu2021 (428 in chips) 
Mahu2021: posts small blind 10
Kak.man11: posts big blind 20
*** HOLE CARDS ***
Dealt to Mahu2021 [Kh 8h]
trioratata: folds 
Mahu2021: raises 40 to 60
Kak.man11: calls 40
*** FLOP *** [2d 6s Jc]
Mahu2021: checks 
Kak.man11: checks 
*** TURN *** [2d 6s Jc] [5s]
Mahu2021: checks 
Kak.man11: checks 
*** RIVER *** [2d 6s Jc 5s] [Ks]
Mahu2021: bets 120
Kak.man11: calls 120
*** SHOW DOWN ***
Mahu2021: shows [Kh 8h] (a pair of Kings)
Kak.man11: mucks hand 
Mahu2021 collected 360 from pot
*** SUMMARY ***
Total pot 360 | Rake 0 
Board [2d 6s Jc 5s Ks]
Seat 1: Kak.man11 (big blind) mucked [5c As]
Seat 2: trioratata (button) folded before Flop (didn't bet)
Seat 3: Mahu2021 (small blind) showed [Kh 8h] and won (360) with a pair of Kings



PokerStars Hand #253431390990: Tournament #3824188489, $1.84+$0.16 USD Hold'em No Limit - Level I (10/20) - 2024/11/16 18:46:06 CET [2024/11/16 12:46:06 ET]
Table '3824188489 1' 3-max Seat #3 is the button
Seat 1: Kak.man11 (544 in chips) 
Seat 2: trioratata (348 in chips) 
Seat 3: Mahu2021 (608 in chips) 
Kak.man11: posts small blind 10
trioratata: posts big blind 20
*** HOLE CARDS ***
Dealt to Mahu2021 [Tc Qd]
Mahu2021: raises 20 to 40
Kak.man11: folds 
trioratata: calls 20
*** FLOP *** [8h 6s Ts]
trioratata: checks 
Mahu2021: bets 90
trioratata: calls 90
*** TURN *** [8h 6s Ts] [7s]
trioratata: checks 
Mahu2021: bets 80
trioratata: calls 80
*** RIVER *** [8h 6s Ts 7s] [Qs]
trioratata: bets 20
Mahu2021: calls 20
*** SHOW DOWN ***
trioratata: shows [8c Kh] (a pair of Eights)
Mahu2021: shows [Tc Qd] (two pair, Queens and Tens)
Mahu2021 collected 470 from pot
*** SUMMARY ***
Total pot 470 | Rake 0 
Board [8h 6s Ts 7s Qs]
Seat 1: Kak.man11 (small blind) folded before Flop
Seat 2: trioratata (big blind) showed [8c Kh] and lost with a pair of Eights
Seat 3: Mahu2021 (button) showed [Tc Qd] and won (470) with two pair, Queens and Tens



PokerStars Hand #253431399852: Tournament #3824188489, $1.84+$0.16 USD Hold'em No Limit - Level I (10/20) - 2024/11/16 18:46:40 CET [2024/11/16 12:46:40 ET]
Table '3824188489 1' 3-max Seat #1 is the button
Seat 1: Kak.man11 (534 in chips) 
Seat 2: trioratata (118 in chips) 
Seat 3: Mahu2021 (848 in chips) 
trioratata: posts small blind 10
Mahu2021: posts big blind 20
*** HOLE CARDS ***
Dealt to Mahu2021 [Ac Ts]
Kak.man11: raises 22 to 42
trioratata: raises 76 to 118 and is all-in
Mahu2021: calls 98
Kak.man11: raises 416 to 534 and is all-in
Mahu2021: calls 416
*** FLOP *** [5h 6d 5s]
*** TURN *** [5h 6d 5s] [Qd]
*** RIVER *** [5h 6d 5s Qd] [5c]
*** SHOW DOWN ***
Mahu2021: shows [Ac Ts] (three of a kind, Fives)
Kak.man11: shows [Qs Kd] (a full house, Fives full of Queens)
Kak.man11 collected 832 from side pot
trioratata: shows [4s 7d] (three of a kind, Fives)
Kak.man11 collected 354 from main pot
trioratata finished the tournament in 3rd place
*** SUMMARY ***
Total pot 1186 Main pot 354. Side pot 832. | Rake 0 
Board [5h 6d 5s Qd 5c]
Seat 1: Kak.man11 (button) showed [Qs Kd] and won (1186) with a full house, Fives full of Queens
Seat 2: trioratata (small blind) showed [4s 7d] and lost with three of a kind, Fives
Seat 3: Mahu2021 (big blind) showed [Ac Ts] and lost with three of a kind, Fives



PokerStars Hand #253431406572: Tournament #3824188489, $1.84+$0.16 USD Hold'em No Limit - Level I (10/20) - 2024/11/16 18:47:06 CET [2024/11/16 12:47:06 ET]
Table '3824188489 1' 3-max Seat #3 is the button
Seat 1: Kak.man11 (1186 in chips) 
Seat 3: Mahu2021 (314 in chips) 
Mahu2021: posts small blind 10
Kak.man11: posts big blind 20
*** HOLE CARDS ***
Dealt to Mahu2021 [2s 8s]
Mahu2021: folds 
Uncalled bet (10) returned to Kak.man11
Kak.man11 collected 20 from pot
Kak.man11: doesn't show hand 
*** SUMMARY ***
Total pot 20 | Rake 0 
Seat 1: Kak.man11 (big blind) collected (20)
Seat 3: Mahu2021 (button) (small blind) folded before Flop



PokerStars Hand #253431408424: Tournament #3824188489, $1.84+$0.16 USD Hold'em No Limit - Level II (15/30) - 2024/11/16 18:47:13 CET [2024/11/16 12:47:13 ET]
Table '3824188489 1' 3-max Seat #1 is the button
Seat 1: Kak.man11 (1196 in chips) 
Seat 3: Mahu2021 (304 in chips) 
Kak.man11: posts small blind 15
Mahu2021: posts big blind 30
*** HOLE CARDS ***
Dealt to Mahu2021 [Ac 7c]
Kak.man11: calls 15
Mahu2021: raises 274 to 304 and is all-in
Kak.man11: folds 
Uncalled bet (274) returned to Mahu2021
Mahu2021 collected 60 from pot
Mahu2021: doesn't show hand 
*** SUMMARY ***
Total pot 60 | Rake 0 
Seat 1: Kak.man11 (button) (small blind) folded before Flop
Seat 3: Mahu2021 (big blind) collected (60)



PokerStars Hand #253431411298: Tournament #3824188489, $1.84+$0.16 USD Hold'em No Limit - Level II (15/30) - 2024/11/16 18:47:24 CET [2024/11/16 12:47:24 ET]
Table '3824188489 1' 3-max Seat #3 is the button
Seat 1: Kak.man11 (1166 in chips) 
Seat 3: Mahu2021 (334 in chips) 
Mahu2021: posts small blind 15
Kak.man11: posts big blind 30
*** HOLE CARDS ***
Dealt to Mahu2021 [9h Th]
Mahu2021: raises 304 to 334 and is all-in
Kak.man11: folds 
Uncalled bet (304) returned to Mahu2021
Mahu2021 collected 60 from pot
Mahu2021: doesn't show hand 
*** SUMMARY ***
Total pot 60 | Rake 0 
Seat 1: Kak.man11 (big blind) folded before Flop
Seat 3: Mahu2021 (button) (small blind) collected (60)



PokerStars Hand #253431415722: Tournament #3824188489, $1.84+$0.16 USD Hold'em No Limit - Level II (15/30) - 2024/11/16 18:47:41 CET [2024/11/16 12:47:41 ET]
Table '3824188489 1' 3-max Seat #1 is the button
Seat 1: Kak.man11 (1136 in chips) 
Seat 3: Mahu2021 (364 in chips) 
Kak.man11: posts small blind 15
Mahu2021: posts big blind 30
*** HOLE CARDS ***
Dealt to Mahu2021 [As 8h]
Kak.man11: calls 15
Mahu2021: raises 334 to 364 and is all-in
Kak.man11: calls 334
*** FLOP *** [4d 2s Ks]
*** TURN *** [4d 2s Ks] [Ah]
*** RIVER *** [4d 2s Ks Ah] [Js]
*** SHOW DOWN ***
Mahu2021: shows [As 8h] (a pair of Aces)
Kak.man11: shows [6d Qd] (high card Ace)
Mahu2021 collected 728 from pot
*** SUMMARY ***
Total pot 728 | Rake 0 
Board [4d 2s Ks Ah Js]
Seat 1: Kak.man11 (button) (small blind) showed [6d Qd] and lost with high card Ace
Seat 3: Mahu2021 (big blind) showed [As 8h] and won (728) with a pair of Aces



PokerStars Hand #253431421096: Tournament #3824188489, $1.84+$0.16 USD Hold'em No Limit - Level II (15/30) - 2024/11/16 18:48:02 CET [2024/11/16 12:48:02 ET]
Table '3824188489 1' 3-max Seat #3 is the button
Seat 1: Kak.man11 (772 in chips) 
Seat 3: Mahu2021 (728 in chips) 
Mahu2021: posts small blind 15
Kak.man11: posts big blind 30
*** HOLE CARDS ***
Dealt to Mahu2021 [2s Ah]
Mahu2021: raises 698 to 728 and is all-in
Kak.man11: calls 698
*** FLOP *** [6s 7d Qh]
*** TURN *** [6s 7d Qh] [4s]
*** RIVER *** [6s 7d Qh 4s] [5d]
*** SHOW DOWN ***
Kak.man11: shows [8s Kh] (a straight, Four to Eight)
Mahu2021: shows [2s Ah] (high card Ace)
Kak.man11 collected 1456 from pot
Mahu2021 finished the tournament in 2nd place
Kak.man11 wins the tournament and receives $6.00 - congratulations!
*** SUMMARY ***
Total pot 1456 | Rake 0 
Board [6s 7d Qh 4s 5d]
Seat 1: Kak.man11 (big blind) showed [8s Kh] and won (1456) with a straight, Four to Eight
Seat 3: Mahu2021 (button) (small blind) showed [2s Ah] and lost with high card Ace



