PokerStars Hand #252941594455: Tournament #3812275112, $1.84+$0.16 USD Hold'em No Limit - Level I (10/20) - 2024/10/15 19:08:10 CET [2024/10/15 13:08:10 ET]
Table '3812275112 1' 3-max Seat #1 is the button
Seat 1: Mahu2021 (500 in chips) 
Seat 2: chrismold (500 in chips) 
Seat 3: skfrix (500 in chips) 
chrismold: posts small blind 10
skfrix: posts big blind 20
*** HOLE CARDS ***
Dealt to Mahu2021 [Qd Jh]
Mahu2021: raises 20 to 40
chrismold: calls 30
skfrix: calls 20
*** FLOP *** [7c 8c Ad]
chrismold: checks 
skfrix: bets 20
Mahu2021: calls 20
chrismold: calls 20
*** TURN *** [7c 8c Ad] [4h]
chrismold: checks 
skfrix: bets 180
Mahu2021: folds 
chrismold: calls 180
*** RIVER *** [7c 8c Ad 4h] [4c]
chrismold: checks 
skfrix: checks 
*** SHOW DOWN ***
chrismold: shows [Ts 8h] (two pair, Eights and Fours)
skfrix: shows [As 2s] (two pair, Aces and Fours)
skfrix collected 540 from pot
*** SUMMARY ***
Total pot 540 | Rake 0 
Board [7c 8c Ad 4h 4c]
Seat 1: Mahu2021 (button) folded on the Turn
Seat 2: chrismold (small blind) showed [Ts 8h] and lost with two pair, Eights and Fours
Seat 3: skfrix (big blind) showed [As 2s] and won (540) with two pair, Aces and Fours



PokerStars Hand #252941599160: Tournament #3812275112, $1.84+$0.16 USD Hold'em No Limit - Level I (10/20) - 2024/10/15 19:08:28 CET [2024/10/15 13:08:28 ET]
Table '3812275112 1' 3-max Seat #2 is the button
Seat 1: Mahu2021 (440 in chips) 
Seat 2: chrismold (260 in chips) 
Seat 3: skfrix (800 in chips) 
skfrix: posts small blind 10
Mahu2021: posts big blind 20
*** HOLE CARDS ***
Dealt to Mahu2021 [4d Qh]
chrismold: raises 240 to 260 and is all-in
skfrix: folds 
Mahu2021: folds 
Uncalled bet (240) returned to chrismold
chrismold collected 50 from pot
*** SUMMARY ***
Total pot 50 | Rake 0 
Seat 1: Mahu2021 (big blind) folded before Flop
Seat 2: chrismold (button) collected (50)
Seat 3: skfrix (small blind) folded before Flop



PokerStars Hand #252941600984: Tournament #3812275112, $1.84+$0.16 USD Hold'em No Limit - Level I (10/20) - 2024/10/15 19:08:35 CET [2024/10/15 13:08:35 ET]
Table '3812275112 1' 3-max Seat #3 is the button
Seat 1: Mahu2021 (420 in chips) 
Seat 2: chrismold (290 in chips) 
Seat 3: skfrix (790 in chips) 
Mahu2021: posts small blind 10
chrismold: posts big blind 20
*** HOLE CARDS ***
Dealt to Mahu2021 [9d 5c]
skfrix: calls 20
Mahu2021: calls 10
chrismold: checks 
*** FLOP *** [8s 9c 7d]
Mahu2021: bets 20
chrismold: calls 20
skfrix: folds 
*** TURN *** [8s 9c 7d] [4d]
Mahu2021: bets 20
chrismold: calls 20
*** RIVER *** [8s 9c 7d 4d] [Js]
Mahu2021: bets 20
chrismold: raises 210 to 230 and is all-in
Mahu2021: folds 
Uncalled bet (210) returned to chrismold
chrismold collected 180 from pot
*** SUMMARY ***
Total pot 180 | Rake 0 
Board [8s 9c 7d 4d Js]
Seat 1: Mahu2021 (small blind) folded on the River
Seat 2: chrismold (big blind) collected (180)
Seat 3: skfrix (button) folded on the Flop



PokerStars Hand #252941605734: Tournament #3812275112, $1.84+$0.16 USD Hold'em No Limit - Level I (10/20) - 2024/10/15 19:08:54 CET [2024/10/15 13:08:54 ET]
Table '3812275112 1' 3-max Seat #1 is the button
Seat 1: Mahu2021 (340 in chips) 
Seat 2: chrismold (390 in chips) 
Seat 3: skfrix (770 in chips) 
chrismold: posts small blind 10
skfrix: posts big blind 20
*** HOLE CARDS ***
Dealt to Mahu2021 [Js 7c]
Mahu2021: calls 20
chrismold: calls 10
skfrix: checks 
*** FLOP *** [4s As Jh]
chrismold: checks 
skfrix: checks 
Mahu2021: bets 60
chrismold: calls 60
skfrix: folds 
*** TURN *** [4s As Jh] [2s]
chrismold: checks 
Mahu2021: bets 260 and is all-in
chrismold: calls 260
*** RIVER *** [4s As Jh 2s] [3h]
*** SHOW DOWN ***
chrismold: shows [3s 7s] (a flush, Ace high)
Mahu2021: shows [Js 7c] (a pair of Jacks)
chrismold collected 700 from pot
Mahu2021 finished the tournament in 3rd place
*** SUMMARY ***
Total pot 700 | Rake 0 
Board [4s As Jh 2s 3h]
Seat 1: Mahu2021 (button) showed [Js 7c] and lost with a pair of Jacks
Seat 2: chrismold (small blind) showed [3s 7s] and won (700) with a flush, Ace high
Seat 3: skfrix (big blind) folded on the Flop



