PokerStars Hand #244755719653: Tournament #3613779399, $1.44+$1.50+$0.36 USD Hold'em No Limit - Level IV (40/80) - 2023/07/11 20:02:51 CET [2023/07/11 14:02:51 ET]
Table '3613779399 101' 8-max Seat #3 is the button
Seat 1: Mahu2021 (5000 in chips, $1.50 bounty) 
Seat 2: RodYeahBaby (4988 in chips, $1.50 bounty) 
Seat 3: chipymat (5142 in chips, $1.50 bounty) 
Seat 4: ChaqueñoLoto (3856 in chips, $1.50 bounty) 
Seat 5: JGarcia248 (4841 in chips, $1.50 bounty) 
Seat 6: DomCarlos208 (9723 in chips, $1.50 bounty) 
Seat 7: jogejino (1362 in chips, $1.50 bounty) 
Seat 8: kingincarnate (5352 in chips, $1.50 bounty) 
Mahu2021: posts the ante 12
RodYeahBaby: posts the ante 12
chipymat: posts the ante 12
ChaqueñoLoto: posts the ante 12
JGarcia248: posts the ante 12
DomCarlos208: posts the ante 12
jogejino: posts the ante 12
kingincarnate: posts the ante 12
ChaqueñoLoto: posts small blind 40
JGarcia248: posts big blind 80
*** HOLE CARDS ***
Dealt to Mahu2021 [5c Jd]
DomCarlos208: folds 
jogejino: folds 
kingincarnate: folds 
Mahu2021: folds 
RodYeahBaby: raises 80 to 160
chipymat: calls 160
ChaqueñoLoto: folds 
JGarcia248: calls 80
*** FLOP *** [2h 3s 8c]
JGarcia248: checks 
RodYeahBaby: checks 
chipymat: checks 
*** TURN *** [2h 3s 8c] [6s]
JGarcia248: bets 425
RodYeahBaby: folds 
chipymat: folds [6h]
Uncalled bet (425) returned to JGarcia248
JGarcia248 collected 616 from pot
JGarcia248: doesn't show hand 
*** SUMMARY ***
Total pot 616 | Rake 0 
Board [2h 3s 8c 6s]
Seat 1: Mahu2021 folded before Flop (didn't bet)
Seat 2: RodYeahBaby folded on the Turn
Seat 3: chipymat (button) folded on the Turn
Seat 4: ChaqueñoLoto (small blind) folded before Flop
Seat 5: JGarcia248 (big blind) collected (616)
Seat 6: DomCarlos208 folded before Flop (didn't bet)
Seat 7: jogejino folded before Flop (didn't bet)
Seat 8: kingincarnate folded before Flop (didn't bet)



PokerStars Hand #244755738915: Tournament #3613779399, $1.44+$1.50+$0.36 USD Hold'em No Limit - Level IV (40/80) - 2023/07/11 20:03:55 CET [2023/07/11 14:03:55 ET]
Table '3613779399 101' 8-max Seat #4 is the button
Seat 1: Mahu2021 (4988 in chips, $1.50 bounty) 
Seat 2: RodYeahBaby (4816 in chips, $1.50 bounty) 
Seat 3: chipymat (4970 in chips, $1.50 bounty) 
Seat 4: ChaqueñoLoto (3804 in chips, $1.50 bounty) 
Seat 5: JGarcia248 (5285 in chips, $1.50 bounty) 
Seat 6: DomCarlos208 (9711 in chips, $1.50 bounty) 
Seat 7: jogejino (1350 in chips, $1.50 bounty) 
Seat 8: kingincarnate (5340 in chips, $1.50 bounty) 
Mahu2021: posts the ante 12
RodYeahBaby: posts the ante 12
chipymat: posts the ante 12
ChaqueñoLoto: posts the ante 12
JGarcia248: posts the ante 12
DomCarlos208: posts the ante 12
jogejino: posts the ante 12
kingincarnate: posts the ante 12
JGarcia248: posts small blind 40
DomCarlos208: posts big blind 80
*** HOLE CARDS ***
Dealt to Mahu2021 [Td 9h]
jogejino: folds 
kingincarnate: folds 
Mahu2021: folds 
RodYeahBaby: calls 80
chipymat: folds 
ChaqueñoLoto: raises 200 to 280
JGarcia248: folds 
DomCarlos208: folds 
RodYeahBaby: calls 200
*** FLOP *** [5c 8s 9c]
RodYeahBaby: checks 
ChaqueñoLoto: bets 233
RodYeahBaby: calls 233
*** TURN *** [5c 8s 9c] [8h]
RodYeahBaby: checks 
ChaqueñoLoto: bets 683
RodYeahBaby: folds 
Uncalled bet (683) returned to ChaqueñoLoto
ChaqueñoLoto collected 1242 from pot
*** SUMMARY ***
Total pot 1242 | Rake 0 
Board [5c 8s 9c 8h]
Seat 1: Mahu2021 folded before Flop (didn't bet)
Seat 2: RodYeahBaby folded on the Turn
Seat 3: chipymat folded before Flop (didn't bet)
Seat 4: ChaqueñoLoto (button) collected (1242)
Seat 5: JGarcia248 (small blind) folded before Flop
Seat 6: DomCarlos208 (big blind) folded before Flop
Seat 7: jogejino folded before Flop (didn't bet)
Seat 8: kingincarnate folded before Flop (didn't bet)



PokerStars Hand #244755769799: Tournament #3613779399, $1.44+$1.50+$0.36 USD Hold'em No Limit - Level IV (40/80) - 2023/07/11 20:05:34 CET [2023/07/11 14:05:34 ET]
Table '3613779399 101' 8-max Seat #5 is the button
Seat 1: Mahu2021 (4976 in chips, $1.50 bounty) 
Seat 2: RodYeahBaby (4291 in chips, $1.50 bounty) 
Seat 3: chipymat (4958 in chips, $1.50 bounty) 
Seat 4: ChaqueñoLoto (4521 in chips, $1.50 bounty) 
Seat 5: JGarcia248 (5233 in chips, $1.50 bounty) 
Seat 6: DomCarlos208 (9619 in chips, $1.50 bounty) 
Seat 7: jogejino (1338 in chips, $1.50 bounty) 
Seat 8: kingincarnate (5328 in chips, $1.50 bounty) 
Mahu2021: posts the ante 12
RodYeahBaby: posts the ante 12
chipymat: posts the ante 12
ChaqueñoLoto: posts the ante 12
JGarcia248: posts the ante 12
DomCarlos208: posts the ante 12
jogejino: posts the ante 12
kingincarnate: posts the ante 12
DomCarlos208: posts small blind 40
jogejino: posts big blind 80
*** HOLE CARDS ***
Dealt to Mahu2021 [4d 2d]
kingincarnate: folds 
Mahu2021: folds 
RodYeahBaby: raises 80 to 160
chipymat: folds 
ChaqueñoLoto: folds 
JGarcia248: folds 
DomCarlos208: folds 
jogejino: folds 
Uncalled bet (80) returned to RodYeahBaby
RodYeahBaby collected 296 from pot
*** SUMMARY ***
Total pot 296 | Rake 0 
Seat 1: Mahu2021 folded before Flop (didn't bet)
Seat 2: RodYeahBaby collected (296)
Seat 3: chipymat folded before Flop (didn't bet)
Seat 4: ChaqueñoLoto folded before Flop (didn't bet)
Seat 5: JGarcia248 (button) folded before Flop (didn't bet)
Seat 6: DomCarlos208 (small blind) folded before Flop
Seat 7: jogejino (big blind) folded before Flop
Seat 8: kingincarnate folded before Flop (didn't bet)



PokerStars Hand #244755776413: Tournament #3613779399, $1.44+$1.50+$0.36 USD Hold'em No Limit - Level IV (40/80) - 2023/07/11 20:05:54 CET [2023/07/11 14:05:54 ET]
Table '3613779399 101' 8-max Seat #6 is the button
Seat 1: Mahu2021 (4964 in chips, $1.50 bounty) 
Seat 2: RodYeahBaby (4495 in chips, $1.50 bounty) 
Seat 3: chipymat (4946 in chips, $1.50 bounty) 
Seat 4: ChaqueñoLoto (4509 in chips, $1.50 bounty) 
Seat 5: JGarcia248 (5221 in chips, $1.50 bounty) 
Seat 6: DomCarlos208 (9567 in chips, $1.50 bounty) 
Seat 7: jogejino (1246 in chips, $1.50 bounty) 
Seat 8: kingincarnate (5316 in chips, $1.50 bounty) 
Mahu2021: posts the ante 12
RodYeahBaby: posts the ante 12
chipymat: posts the ante 12
ChaqueñoLoto: posts the ante 12
JGarcia248: posts the ante 12
DomCarlos208: posts the ante 12
jogejino: posts the ante 12
kingincarnate: posts the ante 12
jogejino: posts small blind 40
kingincarnate: posts big blind 80
*** HOLE CARDS ***
Dealt to Mahu2021 [3d Kh]
Mahu2021: folds 
RodYeahBaby: calls 80
chipymat: folds 
ChaqueñoLoto: folds 
JGarcia248: folds 
DomCarlos208: calls 80
jogejino: folds 
kingincarnate: checks 
*** FLOP *** [7d 9h 7s]
kingincarnate: checks 
RodYeahBaby: bets 376
DomCarlos208: folds 
kingincarnate: folds 
Uncalled bet (376) returned to RodYeahBaby
RodYeahBaby collected 376 from pot
*** SUMMARY ***
Total pot 376 | Rake 0 
Board [7d 9h 7s]
Seat 1: Mahu2021 folded before Flop (didn't bet)
Seat 2: RodYeahBaby collected (376)
Seat 3: chipymat folded before Flop (didn't bet)
Seat 4: ChaqueñoLoto folded before Flop (didn't bet)
Seat 5: JGarcia248 folded before Flop (didn't bet)
Seat 6: DomCarlos208 (button) folded on the Flop
Seat 7: jogejino (small blind) folded before Flop
Seat 8: kingincarnate (big blind) folded on the Flop



PokerStars Hand #244755788276: Tournament #3613779399, $1.44+$1.50+$0.36 USD Hold'em No Limit - Level IV (40/80) - 2023/07/11 20:06:31 CET [2023/07/11 14:06:31 ET]
Table '3613779399 101' 8-max Seat #7 is the button
Seat 1: Mahu2021 (4952 in chips, $1.50 bounty) 
Seat 2: RodYeahBaby (4779 in chips, $1.50 bounty) 
Seat 3: chipymat (4934 in chips, $1.50 bounty) 
Seat 4: ChaqueñoLoto (4497 in chips, $1.50 bounty) 
Seat 5: JGarcia248 (5209 in chips, $1.50 bounty) 
Seat 6: DomCarlos208 (9475 in chips, $1.50 bounty) 
Seat 7: jogejino (1194 in chips, $1.50 bounty) 
Seat 8: kingincarnate (5224 in chips, $1.50 bounty) 
Mahu2021: posts the ante 12
RodYeahBaby: posts the ante 12
chipymat: posts the ante 12
ChaqueñoLoto: posts the ante 12
JGarcia248: posts the ante 12
DomCarlos208: posts the ante 12
jogejino: posts the ante 12
kingincarnate: posts the ante 12
kingincarnate: posts small blind 40
Mahu2021: posts big blind 80
*** HOLE CARDS ***
Dealt to Mahu2021 [2c 8c]
RodYeahBaby: folds 
chipymat: raises 80 to 160
ChaqueñoLoto: raises 400 to 560
JGarcia248: folds 
DomCarlos208: folds 
jogejino: folds 
kingincarnate: folds 
Mahu2021: folds 
chipymat: calls 400
*** FLOP *** [3c Kc 2d]
chipymat: checks 
ChaqueñoLoto: bets 480
chipymat: folds 
Uncalled bet (480) returned to ChaqueñoLoto
ChaqueñoLoto collected 1336 from pot
*** SUMMARY ***
Total pot 1336 | Rake 0 
Board [3c Kc 2d]
Seat 1: Mahu2021 (big blind) folded before Flop
Seat 2: RodYeahBaby folded before Flop (didn't bet)
Seat 3: chipymat folded on the Flop
Seat 4: ChaqueñoLoto collected (1336)
Seat 5: JGarcia248 folded before Flop (didn't bet)
Seat 6: DomCarlos208 folded before Flop (didn't bet)
Seat 7: jogejino (button) folded before Flop (didn't bet)
Seat 8: kingincarnate (small blind) folded before Flop



PokerStars Hand #244755804489: Tournament #3613779399, $1.44+$1.50+$0.36 USD Hold'em No Limit - Level IV (40/80) - 2023/07/11 20:07:21 CET [2023/07/11 14:07:21 ET]
Table '3613779399 101' 8-max Seat #8 is the button
Seat 1: Mahu2021 (4860 in chips, $1.50 bounty) 
Seat 2: RodYeahBaby (4767 in chips, $1.50 bounty) 
Seat 3: chipymat (4362 in chips, $1.50 bounty) 
Seat 4: ChaqueñoLoto (5261 in chips, $1.50 bounty) 
Seat 5: JGarcia248 (5197 in chips, $1.50 bounty) 
Seat 6: DomCarlos208 (9463 in chips, $1.50 bounty) 
Seat 7: jogejino (1182 in chips, $1.50 bounty) 
Seat 8: kingincarnate (5172 in chips, $1.50 bounty) 
Mahu2021: posts the ante 12
RodYeahBaby: posts the ante 12
chipymat: posts the ante 12
ChaqueñoLoto: posts the ante 12
JGarcia248: posts the ante 12
DomCarlos208: posts the ante 12
jogejino: posts the ante 12
kingincarnate: posts the ante 12
Mahu2021: posts small blind 40
RodYeahBaby: posts big blind 80
*** HOLE CARDS ***
Dealt to Mahu2021 [8s 9c]
chipymat: folds 
ChaqueñoLoto: raises 104 to 184
JGarcia248: folds 
DomCarlos208: folds 
jogejino: folds 
kingincarnate: calls 184
Mahu2021: folds 
RodYeahBaby: calls 104
*** FLOP *** [Td Qs 3h]
RodYeahBaby: checks 
ChaqueñoLoto: bets 206
kingincarnate: calls 206
RodYeahBaby: calls 206
*** TURN *** [Td Qs 3h] [7s]
RodYeahBaby: checks 
ChaqueñoLoto: checks 
kingincarnate: bets 320
RodYeahBaby: calls 320
ChaqueñoLoto: folds 
*** RIVER *** [Td Qs 3h 7s] [6d]
RodYeahBaby: checks 
kingincarnate: checks 
*** SHOW DOWN ***
RodYeahBaby: shows [Ts Ad] (a pair of Tens)
kingincarnate: mucks hand 
RodYeahBaby collected 1946 from pot
*** SUMMARY ***
Total pot 1946 | Rake 0 
Board [Td Qs 3h 7s 6d]
Seat 1: Mahu2021 (small blind) folded before Flop
Seat 2: RodYeahBaby (big blind) showed [Ts Ad] and won (1946) with a pair of Tens
Seat 3: chipymat folded before Flop (didn't bet)
Seat 4: ChaqueñoLoto folded on the Turn
Seat 5: JGarcia248 folded before Flop (didn't bet)
Seat 6: DomCarlos208 folded before Flop (didn't bet)
Seat 7: jogejino folded before Flop (didn't bet)
Seat 8: kingincarnate (button) mucked [Ks 3c]



PokerStars Hand #244755835126: Tournament #3613779399, $1.44+$1.50+$0.36 USD Hold'em No Limit - Level IV (40/80) - 2023/07/11 20:08:55 CET [2023/07/11 14:08:55 ET]
Table '3613779399 101' 8-max Seat #1 is the button
Seat 1: Mahu2021 (4808 in chips, $1.50 bounty) 
Seat 2: RodYeahBaby (5991 in chips, $1.50 bounty) 
Seat 3: chipymat (4350 in chips, $1.50 bounty) 
Seat 4: ChaqueñoLoto (4859 in chips, $1.50 bounty) 
Seat 5: JGarcia248 (5185 in chips, $1.50 bounty) 
Seat 6: DomCarlos208 (9451 in chips, $1.50 bounty) 
Seat 7: jogejino (1170 in chips, $1.50 bounty) 
Seat 8: kingincarnate (4450 in chips, $1.50 bounty) 
Mahu2021: posts the ante 12
RodYeahBaby: posts the ante 12
chipymat: posts the ante 12
ChaqueñoLoto: posts the ante 12
JGarcia248: posts the ante 12
DomCarlos208: posts the ante 12
jogejino: posts the ante 12
kingincarnate: posts the ante 12
RodYeahBaby: posts small blind 40
chipymat: posts big blind 80
*** HOLE CARDS ***
Dealt to Mahu2021 [Kh 3d]
ChaqueñoLoto: folds 
JGarcia248: folds 
DomCarlos208: folds 
jogejino: folds 
kingincarnate: folds 
Mahu2021: raises 80 to 160
RodYeahBaby: folds 
chipymat: raises 240 to 400
Mahu2021: folds 
Uncalled bet (240) returned to chipymat
chipymat collected 456 from pot
*** SUMMARY ***
Total pot 456 | Rake 0 
Seat 1: Mahu2021 (button) folded before Flop
Seat 2: RodYeahBaby (small blind) folded before Flop
Seat 3: chipymat (big blind) collected (456)
Seat 4: ChaqueñoLoto folded before Flop (didn't bet)
Seat 5: JGarcia248 folded before Flop (didn't bet)
Seat 6: DomCarlos208 folded before Flop (didn't bet)
Seat 7: jogejino folded before Flop (didn't bet)
Seat 8: kingincarnate folded before Flop (didn't bet)



PokerStars Hand #244755844156: Tournament #3613779399, $1.44+$1.50+$0.36 USD Hold'em No Limit - Level V (45/90) - 2023/07/11 20:09:22 CET [2023/07/11 14:09:22 ET]
Table '3613779399 101' 8-max Seat #2 is the button
Seat 1: Mahu2021 (4636 in chips, $1.50 bounty) 
Seat 2: RodYeahBaby (5939 in chips, $1.50 bounty) 
Seat 3: chipymat (4634 in chips, $1.50 bounty) 
Seat 4: ChaqueñoLoto (4847 in chips, $1.50 bounty) 
Seat 5: JGarcia248 (5173 in chips, $1.50 bounty) 
Seat 6: DomCarlos208 (9439 in chips, $1.50 bounty) 
Seat 7: jogejino (1158 in chips, $1.50 bounty) 
Seat 8: kingincarnate (4438 in chips, $1.50 bounty) 
Mahu2021: posts the ante 14
RodYeahBaby: posts the ante 14
chipymat: posts the ante 14
ChaqueñoLoto: posts the ante 14
JGarcia248: posts the ante 14
DomCarlos208: posts the ante 14
jogejino: posts the ante 14
kingincarnate: posts the ante 14
chipymat: posts small blind 45
ChaqueñoLoto: posts big blind 90
*** HOLE CARDS ***
Dealt to Mahu2021 [Jd 2h]
JGarcia248: folds 
DomCarlos208: raises 90 to 180
jogejino: folds 
kingincarnate: folds 
Mahu2021: folds 
RodYeahBaby: folds 
chipymat: folds 
ChaqueñoLoto: calls 90
*** FLOP *** [9c 5h Ks]
ChaqueñoLoto: checks 
DomCarlos208: checks 
*** TURN *** [9c 5h Ks] [Jh]
ChaqueñoLoto: bets 362
DomCarlos208: folds 
Uncalled bet (362) returned to ChaqueñoLoto
ChaqueñoLoto collected 517 from pot
*** SUMMARY ***
Total pot 517 | Rake 0 
Board [9c 5h Ks Jh]
Seat 1: Mahu2021 folded before Flop (didn't bet)
Seat 2: RodYeahBaby (button) folded before Flop (didn't bet)
Seat 3: chipymat (small blind) folded before Flop
Seat 4: ChaqueñoLoto (big blind) collected (517)
Seat 5: JGarcia248 folded before Flop (didn't bet)
Seat 6: DomCarlos208 folded on the Turn
Seat 7: jogejino folded before Flop (didn't bet)
Seat 8: kingincarnate folded before Flop (didn't bet)



PokerStars Hand #244755855315: Tournament #3613779399, $1.44+$1.50+$0.36 USD Hold'em No Limit - Level V (45/90) - 2023/07/11 20:09:56 CET [2023/07/11 14:09:56 ET]
Table '3613779399 101' 8-max Seat #3 is the button
Seat 1: Mahu2021 (4622 in chips, $1.50 bounty) 
Seat 2: RodYeahBaby (5925 in chips, $1.50 bounty) 
Seat 3: chipymat (4575 in chips, $1.50 bounty) 
Seat 4: ChaqueñoLoto (5170 in chips, $1.50 bounty) 
Seat 6: DomCarlos208 (9245 in chips, $1.50 bounty) 
Seat 7: jogejino (1144 in chips, $1.50 bounty) 
Seat 8: kingincarnate (4424 in chips, $1.50 bounty) 
Mahu2021: posts the ante 14
RodYeahBaby: posts the ante 14
chipymat: posts the ante 14
ChaqueñoLoto: posts the ante 14
DomCarlos208: posts the ante 14
jogejino: posts the ante 14
kingincarnate: posts the ante 14
ChaqueñoLoto: posts small blind 45
DomCarlos208: posts big blind 90
*** HOLE CARDS ***
Dealt to Mahu2021 [8c 5c]
jogejino: raises 1040 to 1130 and is all-in
kingincarnate: folds 
Mahu2021: folds 
RodYeahBaby: folds 
chipymat: folds 
ChaqueñoLoto: raises 4026 to 5156 and is all-in
DomCarlos208: folds 
Uncalled bet (4026) returned to ChaqueñoLoto
*** FLOP *** [Tc 6s Js]
*** TURN *** [Tc 6s Js] [5h]
*** RIVER *** [Tc 6s Js 5h] [2h]
*** SHOW DOWN ***
ChaqueñoLoto: shows [3s 3c] (a pair of Threes)
jogejino: shows [Ks 8s] (high card King)
ChaqueñoLoto collected 2448 from pot
ChaqueñoLoto wins $0.75 for eliminating jogejino and their own bounty increases by $0.75 to $2.25
jogejino finished the tournament
kenpoker30 is disconnected 
*** SUMMARY ***
Total pot 2448 | Rake 0 
Board [Tc 6s Js 5h 2h]
Seat 1: Mahu2021 folded before Flop (didn't bet)
Seat 2: RodYeahBaby folded before Flop (didn't bet)
Seat 3: chipymat (button) folded before Flop (didn't bet)
Seat 4: ChaqueñoLoto (small blind) showed [3s 3c] and won (2448) with a pair of Threes
Seat 6: DomCarlos208 (big blind) folded before Flop
Seat 7: jogejino showed [Ks 8s] and lost with high card King
Seat 8: kingincarnate folded before Flop (didn't bet)



PokerStars Hand #244755864830: Tournament #3613779399, $1.44+$1.50+$0.36 USD Hold'em No Limit - Level V (45/90) - 2023/07/11 20:10:25 CET [2023/07/11 14:10:25 ET]
Table '3613779399 101' 8-max Seat #4 is the button
Seat 1: Mahu2021 (4608 in chips, $1.50 bounty) 
Seat 2: RodYeahBaby (5911 in chips, $1.50 bounty) 
Seat 3: chipymat (4561 in chips, $1.50 bounty) 
Seat 4: ChaqueñoLoto (6474 in chips, $2.25 bounty) 
Seat 6: DomCarlos208 (9141 in chips, $1.50 bounty) 
Seat 7: kenpoker30 (4937 in chips, $1.50 bounty) 
Seat 8: kingincarnate (4410 in chips, $1.50 bounty) 
Mahu2021: posts the ante 14
RodYeahBaby: posts the ante 14
chipymat: posts the ante 14
ChaqueñoLoto: posts the ante 14
DomCarlos208: posts the ante 14
kenpoker30: posts the ante 14
kingincarnate: posts the ante 14
DomCarlos208: posts small blind 45
kenpoker30: posts big blind 90
*** HOLE CARDS ***
Dealt to Mahu2021 [5d 7s]
kingincarnate: raises 270 to 360
Mahu2021: folds 
RodYeahBaby: folds 
chipymat: folds 
ChaqueñoLoto: raises 6100 to 6460 and is all-in
DomCarlos208: folds 
kenpoker30: folds 
kingincarnate: calls 4036 and is all-in
Uncalled bet (2064) returned to ChaqueñoLoto
*** FLOP *** [2h 5h 6s]
*** TURN *** [2h 5h 6s] [Jc]
*** RIVER *** [2h 5h 6s Jc] [6c]
*** SHOW DOWN ***
kingincarnate: shows [Qd 9d] (a pair of Sixes)
ChaqueñoLoto: shows [Kd Qs] (a pair of Sixes - King kicker)
ChaqueñoLoto collected 9025 from pot
ChaqueñoLoto wins $0.75 for eliminating kingincarnate and their own bounty increases by $0.75 to $3
kingincarnate finished the tournament
*** SUMMARY ***
Total pot 9025 | Rake 0 
Board [2h 5h 6s Jc 6c]
Seat 1: Mahu2021 folded before Flop (didn't bet)
Seat 2: RodYeahBaby folded before Flop (didn't bet)
Seat 3: chipymat folded before Flop (didn't bet)
Seat 4: ChaqueñoLoto (button) showed [Kd Qs] and won (9025) with a pair of Sixes
Seat 6: DomCarlos208 (small blind) folded before Flop
Seat 7: kenpoker30 (big blind) folded before Flop
Seat 8: kingincarnate showed [Qd 9d] and lost with a pair of Sixes



PokerStars Hand #244755872767: Tournament #3613779399, $1.44+$1.50+$0.36 USD Hold'em No Limit - Level V (45/90) - 2023/07/11 20:10:49 CET [2023/07/11 14:10:49 ET]
Table '3613779399 101' 8-max Seat #6 is the button
Seat 1: Mahu2021 (4594 in chips, $1.50 bounty) 
Seat 2: RodYeahBaby (5897 in chips, $1.50 bounty) 
Seat 3: chipymat (4547 in chips, $1.50 bounty) 
Seat 4: ChaqueñoLoto (11089 in chips, $3 bounty) 
Seat 6: DomCarlos208 (9082 in chips, $1.50 bounty) 
Seat 7: kenpoker30 (4833 in chips, $1.50 bounty) 
Mahu2021: posts the ante 14
RodYeahBaby: posts the ante 14
chipymat: posts the ante 14
ChaqueñoLoto: posts the ante 14
DomCarlos208: posts the ante 14
kenpoker30: posts the ante 14
kenpoker30: posts small blind 45
Mahu2021: posts big blind 90
*** HOLE CARDS ***
Dealt to Mahu2021 [5s Jc]
RodYeahBaby: raises 90 to 180
chipymat: folds 
ChaqueñoLoto: folds 
DomCarlos208: folds 
kenpoker30: folds 
Mahu2021: calls 90
*** FLOP *** [Qc 9h 7c]
Mahu2021: checks 
RodYeahBaby: bets 245
Mahu2021: folds 
Uncalled bet (245) returned to RodYeahBaby
RodYeahBaby collected 489 from pot
*** SUMMARY ***
Total pot 489 | Rake 0 
Board [Qc 9h 7c]
Seat 1: Mahu2021 (big blind) folded on the Flop
Seat 2: RodYeahBaby collected (489)
Seat 3: chipymat folded before Flop (didn't bet)
Seat 4: ChaqueñoLoto folded before Flop (didn't bet)
Seat 6: DomCarlos208 (button) folded before Flop (didn't bet)
Seat 7: kenpoker30 (small blind) folded before Flop



PokerStars Hand #244755883021: Tournament #3613779399, $1.44+$1.50+$0.36 USD Hold'em No Limit - Level V (45/90) - 2023/07/11 20:11:20 CET [2023/07/11 14:11:20 ET]
Table '3613779399 101' 8-max Seat #7 is the button
Seat 1: Mahu2021 (4400 in chips, $1.50 bounty) 
Seat 2: RodYeahBaby (6192 in chips, $1.50 bounty) 
Seat 3: chipymat (4533 in chips, $1.50 bounty) 
Seat 4: ChaqueñoLoto (11075 in chips, $3 bounty) 
Seat 5: eelyak001 (5000 in chips, $1.50 bounty) 
Seat 6: DomCarlos208 (9068 in chips, $1.50 bounty) 
Seat 7: kenpoker30 (4774 in chips, $1.50 bounty) 
Seat 8: Ginedoktor22 (4167 in chips) out of hand (moved from another table into small blind)
Ginedoktor22 will be allowed to play after the button
Mahu2021: posts the ante 14
RodYeahBaby: posts the ante 14
chipymat: posts the ante 14
ChaqueñoLoto: posts the ante 14
eelyak001: posts the ante 14
DomCarlos208: posts the ante 14
kenpoker30: posts the ante 14
Mahu2021: posts small blind 45
RodYeahBaby: posts big blind 90
*** HOLE CARDS ***
Dealt to Mahu2021 [Ac 3c]
chipymat: folds 
ChaqueñoLoto: folds 
eelyak001: folds 
DomCarlos208: folds 
kenpoker30: folds 
Mahu2021: calls 45
RodYeahBaby: raises 278 to 368
Mahu2021: calls 278
*** FLOP *** [Td As Qc]
Mahu2021: checks 
RodYeahBaby: bets 417
Mahu2021: raises 3601 to 4018 and is all-in
RodYeahBaby: calls 3601
*** TURN *** [Td As Qc] [2d]
*** RIVER *** [Td As Qc 2d] [5s]
*** SHOW DOWN ***
Mahu2021: shows [Ac 3c] (a pair of Aces)
RodYeahBaby: shows [Jd Ah] (a pair of Aces - Queen+Jack kicker)
RodYeahBaby collected 8870 from pot
RodYeahBaby wins $0.75 for eliminating Mahu2021 and their own bounty increases by $0.75 to $2.25
Mahu2021 finished the tournament
*** SUMMARY ***
Total pot 8870 | Rake 0 
Board [Td As Qc 2d 5s]
Seat 1: Mahu2021 (small blind) showed [Ac 3c] and lost with a pair of Aces
Seat 2: RodYeahBaby (big blind) showed [Jd Ah] and won (8870) with a pair of Aces
Seat 3: chipymat folded before Flop (didn't bet)
Seat 4: ChaqueñoLoto folded before Flop (didn't bet)
Seat 5: eelyak001 folded before Flop (didn't bet)
Seat 6: DomCarlos208 folded before Flop (didn't bet)
Seat 7: kenpoker30 (button) folded before Flop (didn't bet)



