PokerStars Hand #244775104139: Tournament #3616113150, $9.30+$0.70 USD Hold'em No Limit - Level I (10/20) - 2023/07/12 21:04:17 CET [2023/07/12 15:04:17 ET]
Table '3616113150 1' 3-max Seat #1 is the button
Seat 1: Mahu2021 (500 in chips) 
Seat 2: Swissstar54 (500 in chips) 
Seat 3: kotsifos7 (500 in chips) 
Swissstar54: posts small blind 10
kotsifos7: posts big blind 20
*** HOLE CARDS ***
Dealt to Mahu2021 [3c Qd]
Mahu2021: folds 
Swissstar54: folds 
Uncalled bet (10) returned to kotsifos7
kotsifos7 collected 20 from pot
*** SUMMARY ***
Total pot 20 | Rake 0 
Seat 1: Mahu2021 (button) folded before Flop (didn't bet)
Seat 2: Swissstar54 (small blind) folded before Flop
Seat 3: kotsifos7 (big blind) collected (20)



PokerStars Hand #244775106395: Tournament #3616113150, $9.30+$0.70 USD Hold'em No Limit - Level I (10/20) - 2023/07/12 21:04:24 CET [2023/07/12 15:04:24 ET]
Table '3616113150 1' 3-max Seat #2 is the button
Seat 1: Mahu2021 (500 in chips) 
Seat 2: Swissstar54 (490 in chips) 
Seat 3: kotsifos7 (510 in chips) 
kotsifos7: posts small blind 10
Mahu2021: posts big blind 20
*** HOLE CARDS ***
Dealt to Mahu2021 [4c 6h]
Swissstar54: raises 20 to 40
kotsifos7: raises 100 to 140
Mahu2021: folds 
Swissstar54: calls 100
*** FLOP *** [Tc 3s Qd]
kotsifos7: bets 150
Swissstar54: folds 
Uncalled bet (150) returned to kotsifos7
kotsifos7 collected 300 from pot
*** SUMMARY ***
Total pot 300 | Rake 0 
Board [Tc 3s Qd]
Seat 1: Mahu2021 (big blind) folded before Flop
Seat 2: Swissstar54 (button) folded on the Flop
Seat 3: kotsifos7 (small blind) collected (300)



PokerStars Hand #244775112840: Tournament #3616113150, $9.30+$0.70 USD Hold'em No Limit - Level I (10/20) - 2023/07/12 21:04:43 CET [2023/07/12 15:04:43 ET]
Table '3616113150 1' 3-max Seat #3 is the button
Seat 1: Mahu2021 (480 in chips) 
Seat 2: Swissstar54 (350 in chips) 
Seat 3: kotsifos7 (670 in chips) 
Mahu2021: posts small blind 10
Swissstar54: posts big blind 20
*** HOLE CARDS ***
Dealt to Mahu2021 [6c Tc]
kotsifos7: raises 50 to 70
Mahu2021: folds 
Swissstar54: folds 
Uncalled bet (50) returned to kotsifos7
kotsifos7 collected 50 from pot
*** SUMMARY ***
Total pot 50 | Rake 0 
Seat 1: Mahu2021 (small blind) folded before Flop
Seat 2: Swissstar54 (big blind) folded before Flop
Seat 3: kotsifos7 (button) collected (50)



PokerStars Hand #244775115777: Tournament #3616113150, $9.30+$0.70 USD Hold'em No Limit - Level I (10/20) - 2023/07/12 21:04:52 CET [2023/07/12 15:04:52 ET]
Table '3616113150 1' 3-max Seat #1 is the button
Seat 1: Mahu2021 (470 in chips) 
Seat 2: Swissstar54 (330 in chips) 
Seat 3: kotsifos7 (700 in chips) 
Swissstar54: posts small blind 10
kotsifos7: posts big blind 20
*** HOLE CARDS ***
Dealt to Mahu2021 [9c 8h]
Mahu2021: folds 
Swissstar54: folds 
Uncalled bet (10) returned to kotsifos7
kotsifos7 collected 20 from pot
*** SUMMARY ***
Total pot 20 | Rake 0 
Seat 1: Mahu2021 (button) folded before Flop (didn't bet)
Seat 2: Swissstar54 (small blind) folded before Flop
Seat 3: kotsifos7 (big blind) collected (20)



PokerStars Hand #244775120628: Tournament #3616113150, $9.30+$0.70 USD Hold'em No Limit - Level I (10/20) - 2023/07/12 21:05:06 CET [2023/07/12 15:05:06 ET]
Table '3616113150 1' 3-max Seat #2 is the button
Seat 1: Mahu2021 (470 in chips) 
Seat 2: Swissstar54 (320 in chips) 
Seat 3: kotsifos7 (710 in chips) 
kotsifos7: posts small blind 10
Mahu2021: posts big blind 20
*** HOLE CARDS ***
Dealt to Mahu2021 [Ac 3d]
Swissstar54: folds 
kotsifos7: raises 20 to 40
Mahu2021: calls 20
*** FLOP *** [9c 3s 6h]
kotsifos7: bets 80
Mahu2021: folds 
Uncalled bet (80) returned to kotsifos7
kotsifos7 collected 80 from pot
*** SUMMARY ***
Total pot 80 | Rake 0 
Board [9c 3s 6h]
Seat 1: Mahu2021 (big blind) folded on the Flop
Seat 2: Swissstar54 (button) folded before Flop (didn't bet)
Seat 3: kotsifos7 (small blind) collected (80)



PokerStars Hand #244775131615: Tournament #3616113150, $9.30+$0.70 USD Hold'em No Limit - Level I (10/20) - 2023/07/12 21:05:38 CET [2023/07/12 15:05:38 ET]
Table '3616113150 1' 3-max Seat #3 is the button
Seat 1: Mahu2021 (430 in chips) 
Seat 2: Swissstar54 (320 in chips) 
Seat 3: kotsifos7 (750 in chips) 
Mahu2021: posts small blind 10
Swissstar54: posts big blind 20
*** HOLE CARDS ***
Dealt to Mahu2021 [6c 3c]
kotsifos7: raises 20 to 40
Mahu2021: folds 
Swissstar54: raises 280 to 320 and is all-in
kotsifos7: calls 280
*** FLOP *** [7d Kc 4d]
*** TURN *** [7d Kc 4d] [Jc]
*** RIVER *** [7d Kc 4d Jc] [6s]
*** SHOW DOWN ***
Swissstar54: shows [Tc Qh] (high card King)
kotsifos7: shows [9c Qd] (high card King - lower kicker)
Swissstar54 collected 650 from pot
*** SUMMARY ***
Total pot 650 | Rake 0 
Board [7d Kc 4d Jc 6s]
Seat 1: Mahu2021 (small blind) folded before Flop
Seat 2: Swissstar54 (big blind) showed [Tc Qh] and won (650) with high card King
Seat 3: kotsifos7 (button) showed [9c Qd] and lost with high card King



PokerStars Hand #244775139957: Tournament #3616113150, $9.30+$0.70 USD Hold'em No Limit - Level I (10/20) - 2023/07/12 21:06:02 CET [2023/07/12 15:06:02 ET]
Table '3616113150 1' 3-max Seat #1 is the button
Seat 1: Mahu2021 (420 in chips) 
Seat 2: Swissstar54 (650 in chips) 
Seat 3: kotsifos7 (430 in chips) 
Swissstar54: posts small blind 10
kotsifos7: posts big blind 20
*** HOLE CARDS ***
Dealt to Mahu2021 [2c Tc]
Mahu2021: folds 
Swissstar54: folds 
Uncalled bet (10) returned to kotsifos7
kotsifos7 collected 20 from pot
*** SUMMARY ***
Total pot 20 | Rake 0 
Seat 1: Mahu2021 (button) folded before Flop (didn't bet)
Seat 2: Swissstar54 (small blind) folded before Flop
Seat 3: kotsifos7 (big blind) collected (20)



PokerStars Hand #244775142307: Tournament #3616113150, $9.30+$0.70 USD Hold'em No Limit - Level I (10/20) - 2023/07/12 21:06:09 CET [2023/07/12 15:06:09 ET]
Table '3616113150 1' 3-max Seat #2 is the button
Seat 1: Mahu2021 (420 in chips) 
Seat 2: Swissstar54 (640 in chips) 
Seat 3: kotsifos7 (440 in chips) 
kotsifos7: posts small blind 10
Mahu2021: posts big blind 20
*** HOLE CARDS ***
Dealt to Mahu2021 [2c Jc]
Swissstar54: folds 
kotsifos7: calls 10
Mahu2021: checks 
*** FLOP *** [4s 7c 4c]
kotsifos7: bets 20
Mahu2021: raises 60 to 80
kotsifos7: folds 
Uncalled bet (60) returned to Mahu2021
Mahu2021 collected 80 from pot
Mahu2021: doesn't show hand 
*** SUMMARY ***
Total pot 80 | Rake 0 
Board [4s 7c 4c]
Seat 1: Mahu2021 (big blind) collected (80)
Seat 2: Swissstar54 (button) folded before Flop (didn't bet)
Seat 3: kotsifos7 (small blind) folded on the Flop



PokerStars Hand #244775151471: Tournament #3616113150, $9.30+$0.70 USD Hold'em No Limit - Level II (15/30) - 2023/07/12 21:06:36 CET [2023/07/12 15:06:36 ET]
Table '3616113150 1' 3-max Seat #3 is the button
Seat 1: Mahu2021 (460 in chips) 
Seat 2: Swissstar54 (640 in chips) 
Seat 3: kotsifos7 (400 in chips) 
Mahu2021: posts small blind 15
Swissstar54: posts big blind 30
*** HOLE CARDS ***
Dealt to Mahu2021 [Ts Jh]
kotsifos7: raises 30 to 60
Mahu2021: calls 45
Swissstar54: folds 
*** FLOP *** [4s Td 7h]
Mahu2021: checks 
kotsifos7: checks 
*** TURN *** [4s Td 7h] [Kh]
Mahu2021: checks 
kotsifos7: checks 
*** RIVER *** [4s Td 7h Kh] [6s]
Mahu2021: checks 
kotsifos7: bets 60
Mahu2021: calls 60
*** SHOW DOWN ***
kotsifos7: shows [8s Kc] (a pair of Kings)
Mahu2021: mucks hand 
kotsifos7 collected 270 from pot
*** SUMMARY ***
Total pot 270 | Rake 0 
Board [4s Td 7h Kh 6s]
Seat 1: Mahu2021 (small blind) mucked [Ts Jh]
Seat 2: Swissstar54 (big blind) folded before Flop
Seat 3: kotsifos7 (button) showed [8s Kc] and won (270) with a pair of Kings



PokerStars Hand #244775162250: Tournament #3616113150, $9.30+$0.70 USD Hold'em No Limit - Level II (15/30) - 2023/07/12 21:07:07 CET [2023/07/12 15:07:07 ET]
Table '3616113150 1' 3-max Seat #1 is the button
Seat 1: Mahu2021 (340 in chips) 
Seat 2: Swissstar54 (610 in chips) 
Seat 3: kotsifos7 (550 in chips) 
Swissstar54: posts small blind 15
kotsifos7: posts big blind 30
*** HOLE CARDS ***
Dealt to Mahu2021 [Ks 4h]
Mahu2021: folds 
Swissstar54: calls 15
kotsifos7: checks 
*** FLOP *** [Ts Tc 4d]
Swissstar54: bets 30
kotsifos7: folds 
Uncalled bet (30) returned to Swissstar54
Swissstar54 collected 60 from pot
Swissstar54: doesn't show hand 
*** SUMMARY ***
Total pot 60 | Rake 0 
Board [Ts Tc 4d]
Seat 1: Mahu2021 (button) folded before Flop (didn't bet)
Seat 2: Swissstar54 (small blind) collected (60)
Seat 3: kotsifos7 (big blind) folded on the Flop



PokerStars Hand #244775170034: Tournament #3616113150, $9.30+$0.70 USD Hold'em No Limit - Level II (15/30) - 2023/07/12 21:07:29 CET [2023/07/12 15:07:29 ET]
Table '3616113150 1' 3-max Seat #2 is the button
Seat 1: Mahu2021 (340 in chips) 
Seat 2: Swissstar54 (640 in chips) 
Seat 3: kotsifos7 (520 in chips) 
kotsifos7: posts small blind 15
Mahu2021: posts big blind 30
*** HOLE CARDS ***
Dealt to Mahu2021 [Qc 9h]
Swissstar54: folds 
kotsifos7: folds 
Uncalled bet (15) returned to Mahu2021
Mahu2021 collected 30 from pot
Mahu2021: doesn't show hand 
*** SUMMARY ***
Total pot 30 | Rake 0 
Seat 1: Mahu2021 (big blind) collected (30)
Seat 2: Swissstar54 (button) folded before Flop (didn't bet)
Seat 3: kotsifos7 (small blind) folded before Flop



PokerStars Hand #244775172617: Tournament #3616113150, $9.30+$0.70 USD Hold'em No Limit - Level II (15/30) - 2023/07/12 21:07:37 CET [2023/07/12 15:07:37 ET]
Table '3616113150 1' 3-max Seat #3 is the button
Seat 1: Mahu2021 (355 in chips) 
Seat 2: Swissstar54 (640 in chips) 
Seat 3: kotsifos7 (505 in chips) 
Mahu2021: posts small blind 15
Swissstar54: posts big blind 30
*** HOLE CARDS ***
Dealt to Mahu2021 [Ts Ac]
kotsifos7: raises 75 to 105
Mahu2021: calls 90
Swissstar54: folds 
*** FLOP *** [5s 4c Qs]
Mahu2021: checks 
kotsifos7: checks 
*** TURN *** [5s 4c Qs] [8d]
Mahu2021: bets 250 and is all-in
kotsifos7: folds 
Uncalled bet (250) returned to Mahu2021
Mahu2021 collected 240 from pot
Mahu2021: doesn't show hand 
*** SUMMARY ***
Total pot 240 | Rake 0 
Board [5s 4c Qs 8d]
Seat 1: Mahu2021 (small blind) collected (240)
Seat 2: Swissstar54 (big blind) folded before Flop
Seat 3: kotsifos7 (button) folded on the Turn



PokerStars Hand #244775182146: Tournament #3616113150, $9.30+$0.70 USD Hold'em No Limit - Level II (15/30) - 2023/07/12 21:08:04 CET [2023/07/12 15:08:04 ET]
Table '3616113150 1' 3-max Seat #1 is the button
Seat 1: Mahu2021 (490 in chips) 
Seat 2: Swissstar54 (610 in chips) 
Seat 3: kotsifos7 (400 in chips) 
Swissstar54: posts small blind 15
kotsifos7: posts big blind 30
*** HOLE CARDS ***
Dealt to Mahu2021 [2s Js]
Mahu2021: folds 
Swissstar54: raises 30 to 60
kotsifos7: folds 
Uncalled bet (30) returned to Swissstar54
Swissstar54 collected 60 from pot
Swissstar54: doesn't show hand 
*** SUMMARY ***
Total pot 60 | Rake 0 
Seat 1: Mahu2021 (button) folded before Flop (didn't bet)
Seat 2: Swissstar54 (small blind) collected (60)
Seat 3: kotsifos7 (big blind) folded before Flop



PokerStars Hand #244775184854: Tournament #3616113150, $9.30+$0.70 USD Hold'em No Limit - Level II (15/30) - 2023/07/12 21:08:12 CET [2023/07/12 15:08:12 ET]
Table '3616113150 1' 3-max Seat #2 is the button
Seat 1: Mahu2021 (490 in chips) 
Seat 2: Swissstar54 (640 in chips) 
Seat 3: kotsifos7 (370 in chips) 
kotsifos7: posts small blind 15
Mahu2021: posts big blind 30
*** HOLE CARDS ***
Dealt to Mahu2021 [Ac Td]
Swissstar54: calls 30
kotsifos7: folds 
Mahu2021: checks 
*** FLOP *** [Tc 4h 3s]
Mahu2021: bets 60
Swissstar54: folds 
Uncalled bet (60) returned to Mahu2021
Mahu2021 collected 75 from pot
Mahu2021: doesn't show hand 
*** SUMMARY ***
Total pot 75 | Rake 0 
Board [Tc 4h 3s]
Seat 1: Mahu2021 (big blind) collected (75)
Seat 2: Swissstar54 (button) folded on the Flop
Seat 3: kotsifos7 (small blind) folded before Flop



PokerStars Hand #244775191826: Tournament #3616113150, $9.30+$0.70 USD Hold'em No Limit - Level III (20/40) - 2023/07/12 21:08:32 CET [2023/07/12 15:08:32 ET]
Table '3616113150 1' 3-max Seat #3 is the button
Seat 1: Mahu2021 (535 in chips) 
Seat 2: Swissstar54 (610 in chips) 
Seat 3: kotsifos7 (355 in chips) 
Mahu2021: posts small blind 20
Swissstar54: posts big blind 40
*** HOLE CARDS ***
Dealt to Mahu2021 [Td As]
kotsifos7: raises 40 to 80
Mahu2021: calls 60
Swissstar54: calls 40
*** FLOP *** [2d 7c Kd]
Mahu2021: checks 
Swissstar54: bets 160
kotsifos7: raises 115 to 275 and is all-in
Mahu2021: folds 
Swissstar54: calls 115
*** TURN *** [2d 7c Kd] [Tc]
*** RIVER *** [2d 7c Kd Tc] [4s]
*** SHOW DOWN ***
Swissstar54: shows [Kc 6d] (a pair of Kings)
kotsifos7: shows [Js Jh] (a pair of Jacks)
Swissstar54 collected 790 from pot
kotsifos7 finished the tournament in 3rd place
*** SUMMARY ***
Total pot 790 | Rake 0 
Board [2d 7c Kd Tc 4s]
Seat 1: Mahu2021 (small blind) folded on the Flop
Seat 2: Swissstar54 (big blind) showed [Kc 6d] and won (790) with a pair of Kings
Seat 3: kotsifos7 (button) showed [Js Jh] and lost with a pair of Jacks



PokerStars Hand #244775202542: Tournament #3616113150, $9.30+$0.70 USD Hold'em No Limit - Level III (20/40) - 2023/07/12 21:09:02 CET [2023/07/12 15:09:02 ET]
Table '3616113150 1' 3-max Seat #2 is the button
Seat 1: Mahu2021 (455 in chips) 
Seat 2: Swissstar54 (1045 in chips) 
Swissstar54: posts small blind 20
Mahu2021: posts big blind 40
*** HOLE CARDS ***
Dealt to Mahu2021 [Ad 3d]
Swissstar54: folds 
Uncalled bet (20) returned to Mahu2021
Mahu2021 collected 40 from pot
Mahu2021: doesn't show hand 
*** SUMMARY ***
Total pot 40 | Rake 0 
Seat 1: Mahu2021 (big blind) collected (40)
Seat 2: Swissstar54 (button) (small blind) folded before Flop



PokerStars Hand #244775204175: Tournament #3616113150, $9.30+$0.70 USD Hold'em No Limit - Level III (20/40) - 2023/07/12 21:09:07 CET [2023/07/12 15:09:07 ET]
Table '3616113150 1' 3-max Seat #1 is the button
Seat 1: Mahu2021 (475 in chips) 
Seat 2: Swissstar54 (1025 in chips) 
Mahu2021: posts small blind 20
Swissstar54: posts big blind 40
*** HOLE CARDS ***
Dealt to Mahu2021 [5h Ts]
Mahu2021: folds 
Uncalled bet (20) returned to Swissstar54
Swissstar54 collected 40 from pot
Swissstar54: doesn't show hand 
*** SUMMARY ***
Total pot 40 | Rake 0 
Seat 1: Mahu2021 (button) (small blind) folded before Flop
Seat 2: Swissstar54 (big blind) collected (40)



PokerStars Hand #244775205772: Tournament #3616113150, $9.30+$0.70 USD Hold'em No Limit - Level III (20/40) - 2023/07/12 21:09:11 CET [2023/07/12 15:09:11 ET]
Table '3616113150 1' 3-max Seat #2 is the button
Seat 1: Mahu2021 (455 in chips) 
Seat 2: Swissstar54 (1045 in chips) 
Swissstar54: posts small blind 20
Mahu2021: posts big blind 40
*** HOLE CARDS ***
Dealt to Mahu2021 [2h Jc]
Swissstar54: raises 40 to 80
Mahu2021: calls 40
*** FLOP *** [6s Qc 5h]
Mahu2021: checks 
Swissstar54: checks 
*** TURN *** [6s Qc 5h] [As]
Mahu2021: checks 
Swissstar54: bets 80
Mahu2021: folds 
Uncalled bet (80) returned to Swissstar54
Swissstar54 collected 160 from pot
Swissstar54: doesn't show hand 
*** SUMMARY ***
Total pot 160 | Rake 0 
Board [6s Qc 5h As]
Seat 1: Mahu2021 (big blind) folded on the Turn
Seat 2: Swissstar54 (button) (small blind) collected (160)



PokerStars Hand #244775211297: Tournament #3616113150, $9.30+$0.70 USD Hold'em No Limit - Level III (20/40) - 2023/07/12 21:09:27 CET [2023/07/12 15:09:27 ET]
Table '3616113150 1' 3-max Seat #1 is the button
Seat 1: Mahu2021 (375 in chips) 
Seat 2: Swissstar54 (1125 in chips) 
Mahu2021: posts small blind 20
Swissstar54: posts big blind 40
*** HOLE CARDS ***
Dealt to Mahu2021 [Qc 7c]
Mahu2021: calls 20
Swissstar54: checks 
*** FLOP *** [8d As 7d]
Swissstar54: checks 
Mahu2021: bets 40
Swissstar54: folds 
Uncalled bet (40) returned to Mahu2021
Mahu2021 collected 80 from pot
Mahu2021: doesn't show hand 
*** SUMMARY ***
Total pot 80 | Rake 0 
Board [8d As 7d]
Seat 1: Mahu2021 (button) (small blind) collected (80)
Seat 2: Swissstar54 (big blind) folded on the Flop



PokerStars Hand #244775216180: Tournament #3616113150, $9.30+$0.70 USD Hold'em No Limit - Level III (20/40) - 2023/07/12 21:09:41 CET [2023/07/12 15:09:41 ET]
Table '3616113150 1' 3-max Seat #2 is the button
Seat 1: Mahu2021 (415 in chips) 
Seat 2: Swissstar54 (1085 in chips) 
Swissstar54: posts small blind 20
Mahu2021: posts big blind 40
*** HOLE CARDS ***
Dealt to Mahu2021 [2c 8h]
Swissstar54: raises 1045 to 1085 and is all-in
Mahu2021: folds 
Uncalled bet (1045) returned to Swissstar54
Swissstar54 collected 80 from pot
Swissstar54: doesn't show hand 
*** SUMMARY ***
Total pot 80 | Rake 0 
Seat 1: Mahu2021 (big blind) folded before Flop
Seat 2: Swissstar54 (button) (small blind) collected (80)



PokerStars Hand #244775218427: Tournament #3616113150, $9.30+$0.70 USD Hold'em No Limit - Level III (20/40) - 2023/07/12 21:09:48 CET [2023/07/12 15:09:48 ET]
Table '3616113150 1' 3-max Seat #1 is the button
Seat 1: Mahu2021 (375 in chips) 
Seat 2: Swissstar54 (1125 in chips) 
Mahu2021: posts small blind 20
Swissstar54: posts big blind 40
*** HOLE CARDS ***
Dealt to Mahu2021 [7s 7h]
Mahu2021: raises 40 to 80
Swissstar54: raises 1045 to 1125 and is all-in
Mahu2021: calls 295 and is all-in
Uncalled bet (750) returned to Swissstar54
*** FLOP *** [5h 5d 2d]
*** TURN *** [5h 5d 2d] [9d]
*** RIVER *** [5h 5d 2d 9d] [4h]
*** SHOW DOWN ***
Swissstar54: shows [Jh Qc] (a pair of Fives)
Mahu2021: shows [7s 7h] (two pair, Sevens and Fives)
Mahu2021 collected 750 from pot
*** SUMMARY ***
Total pot 750 | Rake 0 
Board [5h 5d 2d 9d 4h]
Seat 1: Mahu2021 (button) (small blind) showed [7s 7h] and won (750) with two pair, Sevens and Fives
Seat 2: Swissstar54 (big blind) showed [Jh Qc] and lost with a pair of Fives



PokerStars Hand #244775224154: Tournament #3616113150, $9.30+$0.70 USD Hold'em No Limit - Level III (20/40) - 2023/07/12 21:10:04 CET [2023/07/12 15:10:04 ET]
Table '3616113150 1' 3-max Seat #2 is the button
Seat 1: Mahu2021 (750 in chips) 
Seat 2: Swissstar54 (750 in chips) 
Swissstar54: posts small blind 20
Mahu2021: posts big blind 40
*** HOLE CARDS ***
Dealt to Mahu2021 [3h 6s]
Swissstar54: raises 40 to 80
Mahu2021: calls 40
*** FLOP *** [2c Jc 7h]
Mahu2021: checks 
Swissstar54: checks 
*** TURN *** [2c Jc 7h] [Th]
Mahu2021: checks 
Swissstar54: bets 40
Mahu2021: folds 
Uncalled bet (40) returned to Swissstar54
Swissstar54 collected 160 from pot
Swissstar54: doesn't show hand 
*** SUMMARY ***
Total pot 160 | Rake 0 
Board [2c Jc 7h Th]
Seat 1: Mahu2021 (big blind) folded on the Turn
Seat 2: Swissstar54 (button) (small blind) collected (160)



PokerStars Hand #244775231478: Tournament #3616113150, $9.30+$0.70 USD Hold'em No Limit - Level IV (30/60) - 2023/07/12 21:10:25 CET [2023/07/12 15:10:25 ET]
Table '3616113150 1' 3-max Seat #1 is the button
Seat 1: Mahu2021 (670 in chips) 
Seat 2: Swissstar54 (830 in chips) 
Mahu2021: posts small blind 30
Swissstar54: posts big blind 60
*** HOLE CARDS ***
Dealt to Mahu2021 [Js Ad]
Mahu2021: raises 60 to 120
Swissstar54: raises 710 to 830 and is all-in
Mahu2021: calls 550 and is all-in
Uncalled bet (160) returned to Swissstar54
*** FLOP *** [Jh 9d Kd]
*** TURN *** [Jh 9d Kd] [6s]
*** RIVER *** [Jh 9d Kd 6s] [Qd]
*** SHOW DOWN ***
Swissstar54: shows [Kh Qc] (two pair, Kings and Queens)
Mahu2021: shows [Js Ad] (a pair of Jacks)
Swissstar54 collected 1340 from pot
Mahu2021 finished the tournament in 2nd place
Swissstar54 wins the tournament and receives $20.00 - congratulations!
*** SUMMARY ***
Total pot 1340 | Rake 0 
Board [Jh 9d Kd 6s Qd]
Seat 1: Mahu2021 (button) (small blind) showed [Js Ad] and lost with a pair of Jacks
Seat 2: Swissstar54 (big blind) showed [Kh Qc] and won (1340) with two pair, Kings and Queens



