PokerStars Hand #247560101205: Tournament #3684058839, $1.84+$0.16 USD Hold'em No Limit - Level I (10/20) - 2023/12/09 9:36:17 CET [2023/12/09 3:36:17 ET]
Table '3684058839 1' 3-max Seat #1 is the button
Seat 1: dorin4321 (500 in chips) 
Seat 2: Fatty_Bun44 (500 in chips) 
Seat 3: Mahu2021 (500 in chips) 
Fatty_Bun44: posts small blind 10
Mahu2021: posts big blind 20
*** HOLE CARDS ***
Dealt to Mahu2021 [5s Ah]
dorin4321: folds 
Fatty_Bun44: folds 
Uncalled bet (10) returned to Mahu2021
Mahu2021 collected 20 from pot
Mahu2021: doesn't show hand 
*** SUMMARY ***
Total pot 20 | Rake 0 
Seat 1: dorin4321 (button) folded before Flop (didn't bet)
Seat 2: Fatty_Bun44 (small blind) folded before Flop
Seat 3: Mahu2021 (big blind) collected (20)



PokerStars Hand #247560101740: Tournament #3684058839, $1.84+$0.16 USD Hold'em No Limit - Level I (10/20) - 2023/12/09 9:36:21 CET [2023/12/09 3:36:21 ET]
Table '3684058839 1' 3-max Seat #2 is the button
Seat 1: dorin4321 (500 in chips) 
Seat 2: Fatty_Bun44 (490 in chips) 
Seat 3: Mahu2021 (510 in chips) 
Mahu2021: posts small blind 10
dorin4321: posts big blind 20
*** HOLE CARDS ***
Dealt to Mahu2021 [9s 9h]
Fatty_Bun44: raises 32 to 52
Mahu2021: raises 458 to 510 and is all-in
dorin4321: folds 
Fatty_Bun44: folds 
Uncalled bet (458) returned to Mahu2021
Mahu2021 collected 124 from pot
Mahu2021: doesn't show hand 
*** SUMMARY ***
Total pot 124 | Rake 0 
Seat 1: dorin4321 (big blind) folded before Flop
Seat 2: Fatty_Bun44 (button) folded before Flop
Seat 3: Mahu2021 (small blind) collected (124)



PokerStars Hand #247560102839: Tournament #3684058839, $1.84+$0.16 USD Hold'em No Limit - Level I (10/20) - 2023/12/09 9:36:31 CET [2023/12/09 3:36:31 ET]
Table '3684058839 1' 3-max Seat #3 is the button
Seat 1: dorin4321 (480 in chips) 
Seat 2: Fatty_Bun44 (438 in chips) 
Seat 3: Mahu2021 (582 in chips) 
dorin4321: posts small blind 10
Fatty_Bun44: posts big blind 20
*** HOLE CARDS ***
Dealt to Mahu2021 [Kd Ah]
Mahu2021: calls 20
dorin4321: calls 10
Fatty_Bun44: checks 
*** FLOP *** [Jh Qs 2h]
dorin4321: checks 
Fatty_Bun44: bets 40
Mahu2021: calls 40
dorin4321: folds 
*** TURN *** [Jh Qs 2h] [3d]
Fatty_Bun44: checks 
Mahu2021: checks 
*** RIVER *** [Jh Qs 2h 3d] [4h]
Fatty_Bun44: checks 
Mahu2021: checks 
*** SHOW DOWN ***
Fatty_Bun44: shows [9h Jd] (a pair of Jacks)
Mahu2021: mucks hand 
Fatty_Bun44 collected 140 from pot
*** SUMMARY ***
Total pot 140 | Rake 0 
Board [Jh Qs 2h 3d 4h]
Seat 1: dorin4321 (small blind) folded on the Flop
Seat 2: Fatty_Bun44 (big blind) showed [9h Jd] and won (140) with a pair of Jacks
Seat 3: Mahu2021 (button) mucked [Kd Ah]



PokerStars Hand #247560105127: Tournament #3684058839, $1.84+$0.16 USD Hold'em No Limit - Level I (10/20) - 2023/12/09 9:36:52 CET [2023/12/09 3:36:52 ET]
Table '3684058839 1' 3-max Seat #1 is the button
Seat 1: dorin4321 (460 in chips) 
Seat 2: Fatty_Bun44 (518 in chips) 
Seat 3: Mahu2021 (522 in chips) 
Fatty_Bun44: posts small blind 10
Mahu2021: posts big blind 20
*** HOLE CARDS ***
Dealt to Mahu2021 [6s 6d]
dorin4321: folds 
Fatty_Bun44: raises 32 to 52
Mahu2021: calls 32
*** FLOP *** [7d 6h Qc]
Fatty_Bun44: checks 
Mahu2021: checks 
*** TURN *** [7d 6h Qc] [Th]
Fatty_Bun44: checks 
Mahu2021: checks 
*** RIVER *** [7d 6h Qc Th] [Ks]
Fatty_Bun44: checks 
Mahu2021: bets 104
Fatty_Bun44: folds 
Uncalled bet (104) returned to Mahu2021
Mahu2021 collected 104 from pot
Mahu2021: doesn't show hand 
*** SUMMARY ***
Total pot 104 | Rake 0 
Board [7d 6h Qc Th Ks]
Seat 1: dorin4321 (button) folded before Flop (didn't bet)
Seat 2: Fatty_Bun44 (small blind) folded on the River
Seat 3: Mahu2021 (big blind) collected (104)



PokerStars Hand #247560107715: Tournament #3684058839, $1.84+$0.16 USD Hold'em No Limit - Level I (10/20) - 2023/12/09 9:37:15 CET [2023/12/09 3:37:15 ET]
Table '3684058839 1' 3-max Seat #2 is the button
Seat 1: dorin4321 (460 in chips) 
Seat 2: Fatty_Bun44 (466 in chips) 
Seat 3: Mahu2021 (574 in chips) 
Mahu2021: posts small blind 10
dorin4321: posts big blind 20
*** HOLE CARDS ***
Dealt to Mahu2021 [3h 4d]
Fatty_Bun44: raises 32 to 52
Mahu2021: folds 
dorin4321: folds 
Uncalled bet (32) returned to Fatty_Bun44
Fatty_Bun44 collected 50 from pot
Fatty_Bun44: doesn't show hand 
*** SUMMARY ***
Total pot 50 | Rake 0 
Seat 1: dorin4321 (big blind) folded before Flop
Seat 2: Fatty_Bun44 (button) collected (50)
Seat 3: Mahu2021 (small blind) folded before Flop



PokerStars Hand #247560108657: Tournament #3684058839, $1.84+$0.16 USD Hold'em No Limit - Level I (10/20) - 2023/12/09 9:37:23 CET [2023/12/09 3:37:23 ET]
Table '3684058839 1' 3-max Seat #3 is the button
Seat 1: dorin4321 (440 in chips) 
Seat 2: Fatty_Bun44 (496 in chips) 
Seat 3: Mahu2021 (564 in chips) 
dorin4321: posts small blind 10
Fatty_Bun44: posts big blind 20
*** HOLE CARDS ***
Dealt to Mahu2021 [2h Kd]
Mahu2021: folds 
dorin4321: calls 10
Fatty_Bun44: checks 
*** FLOP *** [Qh Js 4h]
dorin4321: checks 
Fatty_Bun44: checks 
*** TURN *** [Qh Js 4h] [8d]
dorin4321: bets 20
Fatty_Bun44: folds 
Uncalled bet (20) returned to dorin4321
dorin4321 collected 40 from pot
*** SUMMARY ***
Total pot 40 | Rake 0 
Board [Qh Js 4h 8d]
Seat 1: dorin4321 (small blind) collected (40)
Seat 2: Fatty_Bun44 (big blind) folded on the Turn
Seat 3: Mahu2021 (button) folded before Flop (didn't bet)



PokerStars Hand #247560110348: Tournament #3684058839, $1.84+$0.16 USD Hold'em No Limit - Level I (10/20) - 2023/12/09 9:37:39 CET [2023/12/09 3:37:39 ET]
Table '3684058839 1' 3-max Seat #1 is the button
Seat 1: dorin4321 (460 in chips) 
Seat 2: Fatty_Bun44 (476 in chips) 
Seat 3: Mahu2021 (564 in chips) 
Fatty_Bun44: posts small blind 10
Mahu2021: posts big blind 20
*** HOLE CARDS ***
Dealt to Mahu2021 [Th 4c]
dorin4321: calls 20
Fatty_Bun44: raises 50 to 70
Mahu2021: folds 
dorin4321: folds 
Uncalled bet (50) returned to Fatty_Bun44
Fatty_Bun44 collected 60 from pot
Fatty_Bun44: doesn't show hand 
*** SUMMARY ***
Total pot 60 | Rake 0 
Seat 1: dorin4321 (button) folded before Flop
Seat 2: Fatty_Bun44 (small blind) collected (60)
Seat 3: Mahu2021 (big blind) folded before Flop



PokerStars Hand #247560112295: Tournament #3684058839, $1.84+$0.16 USD Hold'em No Limit - Level I (10/20) - 2023/12/09 9:37:57 CET [2023/12/09 3:37:57 ET]
Table '3684058839 1' 3-max Seat #2 is the button
Seat 1: dorin4321 (440 in chips) 
Seat 2: Fatty_Bun44 (516 in chips) 
Seat 3: Mahu2021 (544 in chips) 
Mahu2021: posts small blind 10
dorin4321: posts big blind 20
*** HOLE CARDS ***
Dealt to Mahu2021 [Jd 8c]
Fatty_Bun44: folds 
Mahu2021: calls 10
dorin4321: checks 
*** FLOP *** [9c Kh Ah]
Mahu2021: checks 
dorin4321: bets 20
Mahu2021: folds 
Uncalled bet (20) returned to dorin4321
dorin4321 collected 40 from pot
*** SUMMARY ***
Total pot 40 | Rake 0 
Board [9c Kh Ah]
Seat 1: dorin4321 (big blind) collected (40)
Seat 2: Fatty_Bun44 (button) folded before Flop (didn't bet)
Seat 3: Mahu2021 (small blind) folded on the Flop



PokerStars Hand #247560113897: Tournament #3684058839, $1.84+$0.16 USD Hold'em No Limit - Level I (10/20) - 2023/12/09 9:38:11 CET [2023/12/09 3:38:11 ET]
Table '3684058839 1' 3-max Seat #3 is the button
Seat 1: dorin4321 (460 in chips) 
Seat 2: Fatty_Bun44 (516 in chips) 
Seat 3: Mahu2021 (524 in chips) 
dorin4321: posts small blind 10
Fatty_Bun44: posts big blind 20
*** HOLE CARDS ***
Dealt to Mahu2021 [4c Kh]
Mahu2021: folds 
dorin4321: raises 20 to 40
Fatty_Bun44: calls 20
*** FLOP *** [8d Jh 2d]
dorin4321: checks 
Fatty_Bun44: checks 
*** TURN *** [8d Jh 2d] [Jc]
dorin4321: bets 40
Fatty_Bun44: folds 
Uncalled bet (40) returned to dorin4321
dorin4321 collected 80 from pot
*** SUMMARY ***
Total pot 80 | Rake 0 
Board [8d Jh 2d Jc]
Seat 1: dorin4321 (small blind) collected (80)
Seat 2: Fatty_Bun44 (big blind) folded on the Turn
Seat 3: Mahu2021 (button) folded before Flop (didn't bet)



PokerStars Hand #247560116495: Tournament #3684058839, $1.84+$0.16 USD Hold'em No Limit - Level II (15/30) - 2023/12/09 9:38:35 CET [2023/12/09 3:38:35 ET]
Table '3684058839 1' 3-max Seat #1 is the button
Seat 1: dorin4321 (500 in chips) 
Seat 2: Fatty_Bun44 (476 in chips) 
Seat 3: Mahu2021 (524 in chips) 
Fatty_Bun44: posts small blind 15
Mahu2021: posts big blind 30
*** HOLE CARDS ***
Dealt to Mahu2021 [4c 5c]
dorin4321: folds 
Fatty_Bun44: calls 15
Mahu2021: checks 
*** FLOP *** [2d 6d 3h]
Fatty_Bun44: checks 
Mahu2021: bets 30
Fatty_Bun44: calls 30
*** TURN *** [2d 6d 3h] [Ad]
Fatty_Bun44: checks 
Mahu2021: bets 30
Fatty_Bun44: calls 30
*** RIVER *** [2d 6d 3h Ad] [8h]
Fatty_Bun44: checks 
Mahu2021: bets 30
Fatty_Bun44: folds 
Uncalled bet (30) returned to Mahu2021
Mahu2021 collected 180 from pot
Mahu2021: doesn't show hand 
*** SUMMARY ***
Total pot 180 | Rake 0 
Board [2d 6d 3h Ad 8h]
Seat 1: dorin4321 (button) folded before Flop (didn't bet)
Seat 2: Fatty_Bun44 (small blind) folded on the River
Seat 3: Mahu2021 (big blind) collected (180)



PokerStars Hand #247560118718: Tournament #3684058839, $1.84+$0.16 USD Hold'em No Limit - Level II (15/30) - 2023/12/09 9:38:55 CET [2023/12/09 3:38:55 ET]
Table '3684058839 1' 3-max Seat #2 is the button
Seat 1: dorin4321 (500 in chips) 
Seat 2: Fatty_Bun44 (386 in chips) 
Seat 3: Mahu2021 (614 in chips) 
Mahu2021: posts small blind 15
dorin4321: posts big blind 30
*** HOLE CARDS ***
Dealt to Mahu2021 [7h 4d]
Fatty_Bun44: folds 
Mahu2021: folds 
Uncalled bet (15) returned to dorin4321
dorin4321 collected 30 from pot
*** SUMMARY ***
Total pot 30 | Rake 0 
Seat 1: dorin4321 (big blind) collected (30)
Seat 2: Fatty_Bun44 (button) folded before Flop (didn't bet)
Seat 3: Mahu2021 (small blind) folded before Flop



PokerStars Hand #247560119362: Tournament #3684058839, $1.84+$0.16 USD Hold'em No Limit - Level II (15/30) - 2023/12/09 9:39:00 CET [2023/12/09 3:39:00 ET]
Table '3684058839 1' 3-max Seat #3 is the button
Seat 1: dorin4321 (515 in chips) 
Seat 2: Fatty_Bun44 (386 in chips) 
Seat 3: Mahu2021 (599 in chips) 
dorin4321: posts small blind 15
Fatty_Bun44: posts big blind 30
*** HOLE CARDS ***
Dealt to Mahu2021 [2d Qc]
Mahu2021: folds 
dorin4321: calls 15
Fatty_Bun44: checks 
*** FLOP *** [3d 6d 9s]
dorin4321: checks 
Fatty_Bun44: checks 
*** TURN *** [3d 6d 9s] [Td]
dorin4321: checks 
Fatty_Bun44: checks 
*** RIVER *** [3d 6d 9s Td] [4h]
dorin4321: checks 
Fatty_Bun44: checks 
*** SHOW DOWN ***
dorin4321: shows [8c 5s] (high card Ten)
Fatty_Bun44: shows [8h 4s] (a pair of Fours)
Fatty_Bun44 collected 60 from pot
*** SUMMARY ***
Total pot 60 | Rake 0 
Board [3d 6d 9s Td 4h]
Seat 1: dorin4321 (small blind) showed [8c 5s] and lost with high card Ten
Seat 2: Fatty_Bun44 (big blind) showed [8h 4s] and won (60) with a pair of Fours
Seat 3: Mahu2021 (button) folded before Flop (didn't bet)



PokerStars Hand #247560122534: Tournament #3684058839, $1.84+$0.16 USD Hold'em No Limit - Level II (15/30) - 2023/12/09 9:39:29 CET [2023/12/09 3:39:29 ET]
Table '3684058839 1' 3-max Seat #1 is the button
Seat 1: dorin4321 (485 in chips) 
Seat 2: Fatty_Bun44 (416 in chips) 
Seat 3: Mahu2021 (599 in chips) 
Fatty_Bun44: posts small blind 15
Mahu2021: posts big blind 30
*** HOLE CARDS ***
Dealt to Mahu2021 [5d 6h]
dorin4321: raises 30 to 60
Fatty_Bun44: folds 
Mahu2021: calls 30
*** FLOP *** [7d Jc 6c]
Mahu2021: checks 
dorin4321: bets 68
Mahu2021: folds 
Uncalled bet (68) returned to dorin4321
dorin4321 collected 135 from pot
*** SUMMARY ***
Total pot 135 | Rake 0 
Board [7d Jc 6c]
Seat 1: dorin4321 (button) collected (135)
Seat 2: Fatty_Bun44 (small blind) folded before Flop
Seat 3: Mahu2021 (big blind) folded on the Flop



PokerStars Hand #247560124458: Tournament #3684058839, $1.84+$0.16 USD Hold'em No Limit - Level II (15/30) - 2023/12/09 9:39:46 CET [2023/12/09 3:39:46 ET]
Table '3684058839 1' 3-max Seat #2 is the button
Seat 1: dorin4321 (560 in chips) 
Seat 2: Fatty_Bun44 (401 in chips) 
Seat 3: Mahu2021 (539 in chips) 
Mahu2021: posts small blind 15
dorin4321: posts big blind 30
*** HOLE CARDS ***
Dealt to Mahu2021 [2h 8h]
Fatty_Bun44: raises 371 to 401 and is all-in
Mahu2021: folds 
dorin4321: folds 
Uncalled bet (371) returned to Fatty_Bun44
Fatty_Bun44 collected 75 from pot
Fatty_Bun44: doesn't show hand 
*** SUMMARY ***
Total pot 75 | Rake 0 
Seat 1: dorin4321 (big blind) folded before Flop
Seat 2: Fatty_Bun44 (button) collected (75)
Seat 3: Mahu2021 (small blind) folded before Flop



PokerStars Hand #247560125434: Tournament #3684058839, $1.84+$0.16 USD Hold'em No Limit - Level II (15/30) - 2023/12/09 9:39:55 CET [2023/12/09 3:39:55 ET]
Table '3684058839 1' 3-max Seat #3 is the button
Seat 1: dorin4321 (530 in chips) 
Seat 2: Fatty_Bun44 (446 in chips) 
Seat 3: Mahu2021 (524 in chips) 
dorin4321: posts small blind 15
Fatty_Bun44: posts big blind 30
*** HOLE CARDS ***
Dealt to Mahu2021 [Js Ts]
Mahu2021: raises 30 to 60
dorin4321: raises 470 to 530 and is all-in
Fatty_Bun44: folds 
Mahu2021: calls 464 and is all-in
Uncalled bet (6) returned to dorin4321
*** FLOP *** [As 5c Kc]
*** TURN *** [As 5c Kc] [Ah]
*** RIVER *** [As 5c Kc Ah] [Th]
*** SHOW DOWN ***
dorin4321: shows [6h 6s] (two pair, Aces and Sixes)
Mahu2021: shows [Js Ts] (two pair, Aces and Tens)
Mahu2021 collected 1078 from pot
*** SUMMARY ***
Total pot 1078 | Rake 0 
Board [As 5c Kc Ah Th]
Seat 1: dorin4321 (small blind) showed [6h 6s] and lost with two pair, Aces and Sixes
Seat 2: Fatty_Bun44 (big blind) folded before Flop
Seat 3: Mahu2021 (button) showed [Js Ts] and won (1078) with two pair, Aces and Tens



PokerStars Hand #247560127185: Tournament #3684058839, $1.84+$0.16 USD Hold'em No Limit - Level II (15/30) - 2023/12/09 9:40:10 CET [2023/12/09 3:40:10 ET]
Table '3684058839 1' 3-max Seat #1 is the button
Seat 1: dorin4321 (6 in chips) 
Seat 2: Fatty_Bun44 (416 in chips) 
Seat 3: Mahu2021 (1078 in chips) 
Fatty_Bun44: posts small blind 15
Mahu2021: posts big blind 30
*** HOLE CARDS ***
Dealt to Mahu2021 [9s 4d]
dorin4321: calls 6 and is all-in
Fatty_Bun44: raises 48 to 78
Mahu2021: folds 
Uncalled bet (48) returned to Fatty_Bun44
*** FLOP *** [5d Jd 3c]
*** TURN *** [5d Jd 3c] [2c]
*** RIVER *** [5d Jd 3c 2c] [Kd]
*** SHOW DOWN ***
Fatty_Bun44: shows [Td Qd] (a flush, King high)
Fatty_Bun44 collected 48 from side pot
dorin4321: shows [9c Tc] (high card King)
Fatty_Bun44 collected 18 from main pot
dorin4321 finished the tournament in 3rd place
*** SUMMARY ***
Total pot 66 Main pot 18. Side pot 48. | Rake 0 
Board [5d Jd 3c 2c Kd]
Seat 1: dorin4321 (button) showed [9c Tc] and lost with high card King
Seat 2: Fatty_Bun44 (small blind) showed [Td Qd] and won (66) with a flush, King high
Seat 3: Mahu2021 (big blind) folded before Flop



PokerStars Hand #247560129146: Tournament #3684058839, $1.84+$0.16 USD Hold'em No Limit - Level III (20/40) - 2023/12/09 9:40:27 CET [2023/12/09 3:40:27 ET]
Table '3684058839 1' 3-max Seat #3 is the button
Seat 2: Fatty_Bun44 (452 in chips) 
Seat 3: Mahu2021 (1048 in chips) 
Mahu2021: posts small blind 20
Fatty_Bun44: posts big blind 40
*** HOLE CARDS ***
Dealt to Mahu2021 [Tc 2s]
Mahu2021: folds 
Uncalled bet (20) returned to Fatty_Bun44
Fatty_Bun44 collected 40 from pot
Fatty_Bun44: doesn't show hand 
*** SUMMARY ***
Total pot 40 | Rake 0 
Seat 2: Fatty_Bun44 (big blind) collected (40)
Seat 3: Mahu2021 (button) (small blind) folded before Flop



PokerStars Hand #247560129627: Tournament #3684058839, $1.84+$0.16 USD Hold'em No Limit - Level III (20/40) - 2023/12/09 9:40:32 CET [2023/12/09 3:40:32 ET]
Table '3684058839 1' 3-max Seat #2 is the button
Seat 2: Fatty_Bun44 (472 in chips) 
Seat 3: Mahu2021 (1028 in chips) 
Fatty_Bun44: posts small blind 20
Mahu2021: posts big blind 40
*** HOLE CARDS ***
Dealt to Mahu2021 [9d Qd]
Fatty_Bun44: raises 64 to 104
Mahu2021: calls 64
*** FLOP *** [7s 5d 8d]
Mahu2021: checks 
Fatty_Bun44: bets 114
Mahu2021: raises 810 to 924 and is all-in
Fatty_Bun44: calls 254 and is all-in
Uncalled bet (556) returned to Mahu2021
*** TURN *** [7s 5d 8d] [Ad]
*** RIVER *** [7s 5d 8d Ad] [7d]
*** SHOW DOWN ***
Mahu2021: shows [9d Qd] (a flush, Ace high)
Fatty_Bun44: shows [Td 9h] (a flush, Ace high - lower cards)
Mahu2021 collected 944 from pot
Fatty_Bun44 finished the tournament in 2nd place
Mahu2021 wins the tournament and receives $4.00 - congratulations!
*** SUMMARY ***
Total pot 944 | Rake 0 
Board [7s 5d 8d Ad 7d]
Seat 2: Fatty_Bun44 (button) (small blind) showed [Td 9h] and lost with a flush, Ace high
Seat 3: Mahu2021 (big blind) showed [9d Qd] and won (944) with a flush, Ace high



