PokerStars Hand #252923204359: Tournament #3811840595, $1.84+$0.16 USD Hold'em No Limit - Level I (10/20) - 2024/10/14 15:19:18 CET [2024/10/14 9:19:18 ET]
Table '3811840595 1' 3-max Seat #1 is the button
Seat 1: Mahu2021 (500 in chips) 
Seat 2: raisechamp (500 in chips) 
Seat 3: amrit976 (500 in chips) 
raisechamp: posts small blind 10
amrit976: posts big blind 20
*** HOLE CARDS ***
Dealt to Mahu2021 [3s 8s]
Mahu2021: folds 
raisechamp: raises 20 to 40
amrit976: calls 20
*** FLOP *** [Qh 3h Ad]
raisechamp: bets 80
amrit976: raises 240 to 320
raisechamp: folds 
Uncalled bet (240) returned to amrit976
amrit976 collected 240 from pot
*** SUMMARY ***
Total pot 240 | Rake 0 
Board [Qh 3h Ad]
Seat 1: Mahu2021 (button) folded before Flop (didn't bet)
Seat 2: raisechamp (small blind) folded on the Flop
Seat 3: amrit976 (big blind) collected (240)



PokerStars Hand #252923208305: Tournament #3811840595, $1.84+$0.16 USD Hold'em No Limit - Level I (10/20) - 2024/10/14 15:19:41 CET [2024/10/14 9:19:41 ET]
Table '3811840595 1' 3-max Seat #2 is the button
Seat 1: Mahu2021 (500 in chips) 
Seat 2: raisechamp (380 in chips) 
Seat 3: amrit976 (620 in chips) 
amrit976: posts small blind 10
Mahu2021: posts big blind 20
*** HOLE CARDS ***
Dealt to Mahu2021 [6s 5c]
raisechamp: folds 
amrit976: calls 10
Mahu2021: checks 
*** FLOP *** [Qd 9d 8s]
amrit976: checks 
Mahu2021: checks 
*** TURN *** [Qd 9d 8s] [8c]
amrit976: checks 
Mahu2021: checks 
*** RIVER *** [Qd 9d 8s 8c] [4s]
amrit976: checks 
Mahu2021: checks 
*** SHOW DOWN ***
amrit976: shows [3s Js] (a pair of Eights)
Mahu2021: mucks hand 
amrit976 collected 40 from pot
*** SUMMARY ***
Total pot 40 | Rake 0 
Board [Qd 9d 8s 8c 4s]
Seat 1: Mahu2021 (big blind) mucked [6s 5c]
Seat 2: raisechamp (button) folded before Flop (didn't bet)
Seat 3: amrit976 (small blind) showed [3s Js] and won (40) with a pair of Eights



PokerStars Hand #252923210812: Tournament #3811840595, $1.84+$0.16 USD Hold'em No Limit - Level I (10/20) - 2024/10/14 15:19:56 CET [2024/10/14 9:19:56 ET]
Table '3811840595 1' 3-max Seat #3 is the button
Seat 1: Mahu2021 (480 in chips) 
Seat 2: raisechamp (380 in chips) 
Seat 3: amrit976 (640 in chips) 
Mahu2021: posts small blind 10
raisechamp: posts big blind 20
*** HOLE CARDS ***
Dealt to Mahu2021 [8h Th]
amrit976: raises 20 to 40
Mahu2021: calls 30
raisechamp: raises 120 to 160
amrit976: calls 120
Mahu2021: folds 
*** FLOP *** [8d 7s Td]
raisechamp: checks 
amrit976: checks 
*** TURN *** [8d 7s Td] [Ah]
raisechamp: checks 
amrit976: bets 360
raisechamp: calls 220 and is all-in
Uncalled bet (140) returned to amrit976
*** RIVER *** [8d 7s Td Ah] [Kd]
*** SHOW DOWN ***
raisechamp: shows [Js Jc] (a pair of Jacks)
amrit976: shows [4s Ac] (a pair of Aces)
amrit976 collected 800 from pot
raisechamp finished the tournament in 3rd place
*** SUMMARY ***
Total pot 800 | Rake 0 
Board [8d 7s Td Ah Kd]
Seat 1: Mahu2021 (small blind) folded before Flop
Seat 2: raisechamp (big blind) showed [Js Jc] and lost with a pair of Jacks
Seat 3: amrit976 (button) showed [4s Ac] and won (800) with a pair of Aces



PokerStars Hand #252923216039: Tournament #3811840595, $1.84+$0.16 USD Hold'em No Limit - Level I (10/20) - 2024/10/14 15:20:28 CET [2024/10/14 9:20:28 ET]
Table '3811840595 1' 3-max Seat #1 is the button
Seat 1: Mahu2021 (440 in chips) 
Seat 3: amrit976 (1060 in chips) 
Mahu2021: posts small blind 10
amrit976: posts big blind 20
*** HOLE CARDS ***
Dealt to Mahu2021 [6h Ks]
Mahu2021: calls 10
amrit976: raises 40 to 60
Mahu2021: calls 40
*** FLOP *** [Jc Qh 8d]
amrit976: bets 120
Mahu2021: folds 
Uncalled bet (120) returned to amrit976
amrit976 collected 120 from pot
*** SUMMARY ***
Total pot 120 | Rake 0 
Board [Jc Qh 8d]
Seat 1: Mahu2021 (button) (small blind) folded on the Flop
Seat 3: amrit976 (big blind) collected (120)



PokerStars Hand #252923218202: Tournament #3811840595, $1.84+$0.16 USD Hold'em No Limit - Level I (10/20) - 2024/10/14 15:20:40 CET [2024/10/14 9:20:40 ET]
Table '3811840595 1' 3-max Seat #3 is the button
Seat 1: Mahu2021 (380 in chips) 
Seat 3: amrit976 (1120 in chips) 
amrit976: posts small blind 10
Mahu2021: posts big blind 20
*** HOLE CARDS ***
Dealt to Mahu2021 [4h Jc]
amrit976: calls 10
Mahu2021: checks 
*** FLOP *** [9s Kd Qh]
Mahu2021: checks 
amrit976: checks 
*** TURN *** [9s Kd Qh] [Kh]
Mahu2021: checks 
amrit976: checks 
*** RIVER *** [9s Kd Qh Kh] [6c]
Mahu2021: bets 20
amrit976: folds 
Uncalled bet (20) returned to Mahu2021
Mahu2021 collected 40 from pot
Mahu2021: doesn't show hand 
*** SUMMARY ***
Total pot 40 | Rake 0 
Board [9s Kd Qh Kh 6c]
Seat 1: Mahu2021 (big blind) collected (40)
Seat 3: amrit976 (button) (small blind) folded on the River



PokerStars Hand #252923220824: Tournament #3811840595, $1.84+$0.16 USD Hold'em No Limit - Level I (10/20) - 2024/10/14 15:20:56 CET [2024/10/14 9:20:56 ET]
Table '3811840595 1' 3-max Seat #1 is the button
Seat 1: Mahu2021 (400 in chips) 
Seat 3: amrit976 (1100 in chips) 
Mahu2021: posts small blind 10
amrit976: posts big blind 20
*** HOLE CARDS ***
Dealt to Mahu2021 [Kh 3s]
Mahu2021: calls 10
amrit976: checks 
*** FLOP *** [8c 7h 2s]
amrit976: checks 
Mahu2021: checks 
*** TURN *** [8c 7h 2s] [Ks]
amrit976: checks 
Mahu2021: bets 40
amrit976: folds 
Uncalled bet (40) returned to Mahu2021
Mahu2021 collected 40 from pot
Mahu2021: doesn't show hand 
*** SUMMARY ***
Total pot 40 | Rake 0 
Board [8c 7h 2s Ks]
Seat 1: Mahu2021 (button) (small blind) collected (40)
Seat 3: amrit976 (big blind) folded on the Turn



PokerStars Hand #252923223096: Tournament #3811840595, $1.84+$0.16 USD Hold'em No Limit - Level I (10/20) - 2024/10/14 15:21:09 CET [2024/10/14 9:21:09 ET]
Table '3811840595 1' 3-max Seat #3 is the button
Seat 1: Mahu2021 (420 in chips) 
Seat 3: amrit976 (1080 in chips) 
amrit976: posts small blind 10
Mahu2021: posts big blind 20
*** HOLE CARDS ***
Dealt to Mahu2021 [3h Qd]
amrit976: calls 10
Mahu2021: checks 
*** FLOP *** [8h 2h 7d]
Mahu2021: checks 
amrit976: bets 20
Mahu2021: folds 
Uncalled bet (20) returned to amrit976
amrit976 collected 40 from pot
*** SUMMARY ***
Total pot 40 | Rake 0 
Board [8h 2h 7d]
Seat 1: Mahu2021 (big blind) folded on the Flop
Seat 3: amrit976 (button) (small blind) collected (40)



PokerStars Hand #252923225721: Tournament #3811840595, $1.84+$0.16 USD Hold'em No Limit - Level II (15/30) - 2024/10/14 15:21:25 CET [2024/10/14 9:21:25 ET]
Table '3811840595 1' 3-max Seat #1 is the button
Seat 1: Mahu2021 (400 in chips) 
Seat 3: amrit976 (1100 in chips) 
Mahu2021: posts small blind 15
amrit976: posts big blind 30
*** HOLE CARDS ***
Dealt to Mahu2021 [Ks 7c]
Mahu2021: raises 30 to 60
amrit976: folds 
Uncalled bet (30) returned to Mahu2021
Mahu2021 collected 60 from pot
Mahu2021: doesn't show hand 
*** SUMMARY ***
Total pot 60 | Rake 0 
Seat 1: Mahu2021 (button) (small blind) collected (60)
Seat 3: amrit976 (big blind) folded before Flop



PokerStars Hand #252923226641: Tournament #3811840595, $1.84+$0.16 USD Hold'em No Limit - Level II (15/30) - 2024/10/14 15:21:30 CET [2024/10/14 9:21:30 ET]
Table '3811840595 1' 3-max Seat #3 is the button
Seat 1: Mahu2021 (430 in chips) 
Seat 3: amrit976 (1070 in chips) 
amrit976: posts small blind 15
Mahu2021: posts big blind 30
*** HOLE CARDS ***
Dealt to Mahu2021 [6s 2s]
amrit976: calls 15
Mahu2021: checks 
*** FLOP *** [6h 5d 6d]
Mahu2021: checks 
amrit976: checks 
*** TURN *** [6h 5d 6d] [7h]
Mahu2021: checks 
amrit976: checks 
*** RIVER *** [6h 5d 6d 7h] [5h]
Mahu2021: bets 400 and is all-in
amrit976: folds 
Uncalled bet (400) returned to Mahu2021
Mahu2021 collected 60 from pot
Mahu2021: doesn't show hand 
*** SUMMARY ***
Total pot 60 | Rake 0 
Board [6h 5d 6d 7h 5h]
Seat 1: Mahu2021 (big blind) collected (60)
Seat 3: amrit976 (button) (small blind) folded on the River



PokerStars Hand #252923229550: Tournament #3811840595, $1.84+$0.16 USD Hold'em No Limit - Level II (15/30) - 2024/10/14 15:21:47 CET [2024/10/14 9:21:47 ET]
Table '3811840595 1' 3-max Seat #1 is the button
Seat 1: Mahu2021 (460 in chips) 
Seat 3: amrit976 (1040 in chips) 
Mahu2021: posts small blind 15
amrit976: posts big blind 30
*** HOLE CARDS ***
Dealt to Mahu2021 [Qd Th]
Mahu2021: raises 30 to 60
amrit976: calls 30
*** FLOP *** [4d As 3c]
amrit976: checks 
Mahu2021: bets 60
amrit976: folds 
Uncalled bet (60) returned to Mahu2021
Mahu2021 collected 120 from pot
Mahu2021: doesn't show hand 
*** SUMMARY ***
Total pot 120 | Rake 0 
Board [4d As 3c]
Seat 1: Mahu2021 (button) (small blind) collected (120)
Seat 3: amrit976 (big blind) folded on the Flop



PokerStars Hand #252923231227: Tournament #3811840595, $1.84+$0.16 USD Hold'em No Limit - Level II (15/30) - 2024/10/14 15:21:57 CET [2024/10/14 9:21:57 ET]
Table '3811840595 1' 3-max Seat #3 is the button
Seat 1: Mahu2021 (520 in chips) 
Seat 3: amrit976 (980 in chips) 
amrit976: posts small blind 15
Mahu2021: posts big blind 30
*** HOLE CARDS ***
Dealt to Mahu2021 [3d 4d]
amrit976: calls 15
Mahu2021: checks 
*** FLOP *** [Kc 2c Qc]
Mahu2021: checks 
amrit976: checks 
*** TURN *** [Kc 2c Qc] [7d]
Mahu2021: checks 
amrit976: bets 30
Mahu2021: folds 
Uncalled bet (30) returned to amrit976
amrit976 collected 60 from pot
*** SUMMARY ***
Total pot 60 | Rake 0 
Board [Kc 2c Qc 7d]
Seat 1: Mahu2021 (big blind) folded on the Turn
Seat 3: amrit976 (button) (small blind) collected (60)



PokerStars Hand #252923233277: Tournament #3811840595, $1.84+$0.16 USD Hold'em No Limit - Level II (15/30) - 2024/10/14 15:22:09 CET [2024/10/14 9:22:09 ET]
Table '3811840595 1' 3-max Seat #1 is the button
Seat 1: Mahu2021 (490 in chips) 
Seat 3: amrit976 (1010 in chips) 
Mahu2021: posts small blind 15
amrit976: posts big blind 30
*** HOLE CARDS ***
Dealt to Mahu2021 [6s 9c]
Mahu2021: folds 
Uncalled bet (15) returned to amrit976
amrit976 collected 30 from pot
*** SUMMARY ***
Total pot 30 | Rake 0 
Seat 1: Mahu2021 (button) (small blind) folded before Flop
Seat 3: amrit976 (big blind) collected (30)



PokerStars Hand #252923234167: Tournament #3811840595, $1.84+$0.16 USD Hold'em No Limit - Level II (15/30) - 2024/10/14 15:22:14 CET [2024/10/14 9:22:14 ET]
Table '3811840595 1' 3-max Seat #3 is the button
Seat 1: Mahu2021 (475 in chips) 
Seat 3: amrit976 (1025 in chips) 
amrit976: posts small blind 15
Mahu2021: posts big blind 30
*** HOLE CARDS ***
Dealt to Mahu2021 [4d 4s]
amrit976: raises 30 to 60
Mahu2021: calls 30
*** FLOP *** [9c 7h 6c]
Mahu2021: checks 
amrit976: checks 
*** TURN *** [9c 7h 6c] [2s]
Mahu2021: bets 60
amrit976: calls 60
*** RIVER *** [9c 7h 6c 2s] [9s]
Mahu2021: bets 60
amrit976: folds 
Uncalled bet (60) returned to Mahu2021
Mahu2021 collected 240 from pot
Mahu2021: doesn't show hand 
*** SUMMARY ***
Total pot 240 | Rake 0 
Board [9c 7h 6c 2s 9s]
Seat 1: Mahu2021 (big blind) collected (240)
Seat 3: amrit976 (button) (small blind) folded on the River



PokerStars Hand #252923237315: Tournament #3811840595, $1.84+$0.16 USD Hold'em No Limit - Level II (15/30) - 2024/10/14 15:22:32 CET [2024/10/14 9:22:32 ET]
Table '3811840595 1' 3-max Seat #1 is the button
Seat 1: Mahu2021 (595 in chips) 
Seat 3: amrit976 (905 in chips) 
Mahu2021: posts small blind 15
amrit976: posts big blind 30
*** HOLE CARDS ***
Dealt to Mahu2021 [5d 3s]
Mahu2021: folds 
Uncalled bet (15) returned to amrit976
amrit976 collected 30 from pot
*** SUMMARY ***
Total pot 30 | Rake 0 
Seat 1: Mahu2021 (button) (small blind) folded before Flop
Seat 3: amrit976 (big blind) collected (30)



PokerStars Hand #252923238314: Tournament #3811840595, $1.84+$0.16 USD Hold'em No Limit - Level II (15/30) - 2024/10/14 15:22:38 CET [2024/10/14 9:22:38 ET]
Table '3811840595 1' 3-max Seat #3 is the button
Seat 1: Mahu2021 (580 in chips) 
Seat 3: amrit976 (920 in chips) 
amrit976: posts small blind 15
Mahu2021: posts big blind 30
*** HOLE CARDS ***
Dealt to Mahu2021 [Td 9c]
amrit976: calls 15
Mahu2021: checks 
*** FLOP *** [3d 4c Ks]
Mahu2021: checks 
amrit976: bets 30
Mahu2021: folds 
Uncalled bet (30) returned to amrit976
amrit976 collected 60 from pot
*** SUMMARY ***
Total pot 60 | Rake 0 
Board [3d 4c Ks]
Seat 1: Mahu2021 (big blind) folded on the Flop
Seat 3: amrit976 (button) (small blind) collected (60)



PokerStars Hand #252923240336: Tournament #3811840595, $1.84+$0.16 USD Hold'em No Limit - Level II (15/30) - 2024/10/14 15:22:50 CET [2024/10/14 9:22:50 ET]
Table '3811840595 1' 3-max Seat #1 is the button
Seat 1: Mahu2021 (550 in chips) 
Seat 3: amrit976 (950 in chips) 
Mahu2021: posts small blind 15
amrit976: posts big blind 30
*** HOLE CARDS ***
Dealt to Mahu2021 [Ts 8d]
Mahu2021: calls 15
amrit976: raises 30 to 60
Mahu2021: calls 30
*** FLOP *** [6c 3c Tc]
amrit976: bets 30
Mahu2021: raises 90 to 120
amrit976: raises 90 to 210
Mahu2021: folds 
Uncalled bet (90) returned to amrit976
amrit976 collected 360 from pot
*** SUMMARY ***
Total pot 360 | Rake 0 
Board [6c 3c Tc]
Seat 1: Mahu2021 (button) (small blind) folded on the Flop
Seat 3: amrit976 (big blind) collected (360)



PokerStars Hand #252923242945: Tournament #3811840595, $1.84+$0.16 USD Hold'em No Limit - Level II (15/30) - 2024/10/14 15:23:05 CET [2024/10/14 9:23:05 ET]
Table '3811840595 1' 3-max Seat #3 is the button
Seat 1: Mahu2021 (370 in chips) 
Seat 3: amrit976 (1130 in chips) 
amrit976: posts small blind 15
Mahu2021: posts big blind 30
*** HOLE CARDS ***
Dealt to Mahu2021 [Qc Ac]
amrit976: calls 15
Mahu2021: raises 90 to 120
amrit976: calls 90
*** FLOP *** [Ts 3s 5d]
Mahu2021: bets 250 and is all-in
amrit976: calls 250
*** TURN *** [Ts 3s 5d] [9d]
*** RIVER *** [Ts 3s 5d 9d] [8c]
*** SHOW DOWN ***
Mahu2021: shows [Qc Ac] (high card Ace)
amrit976: shows [9s Td] (two pair, Tens and Nines)
amrit976 collected 740 from pot
Mahu2021 finished the tournament in 2nd place
amrit976 wins the tournament and receives $4.00 - congratulations!
*** SUMMARY ***
Total pot 740 | Rake 0 
Board [Ts 3s 5d 9d 8c]
Seat 1: Mahu2021 (big blind) showed [Qc Ac] and lost with high card Ace
Seat 3: amrit976 (button) (small blind) showed [9s Td] and won (740) with two pair, Tens and Nines



