PokerStars Hand #248406420033: Tournament #3704211939, $1.84+$0.16 USD Hold'em No Limit - Level I (10/20) - 2024/01/21 10:14:01 CET [2024/01/21 4:14:01 ET]
Table '3704211939 1' 3-max Seat #1 is the button
Seat 1: Mahu2021 (500 in chips) 
Seat 2: Protas-Pan (500 in chips) 
Seat 3: Dougal67 (500 in chips) 
Protas-Pan: posts small blind 10
Dougal67: posts big blind 20
*** HOLE CARDS ***
Dealt to Mahu2021 [9s 3d]
Mahu2021: folds 
Protas-Pan: calls 10
Dougal67: checks 
*** FLOP *** [Qc 4c Kc]
Protas-Pan: checks 
Dougal67: bets 20
Protas-Pan: calls 20
*** TURN *** [Qc 4c Kc] [5c]
Protas-Pan: checks 
Dougal67: bets 20
Protas-Pan: calls 20
*** RIVER *** [Qc 4c Kc 5c] [Qd]
Protas-Pan: checks 
Dougal67: checks 
*** SHOW DOWN ***
Protas-Pan: shows [2d Kd] (two pair, Kings and Queens)
Dougal67: shows [6c 9d] (a flush, King high)
Dougal67 collected 120 from pot
*** SUMMARY ***
Total pot 120 | Rake 0 
Board [Qc 4c Kc 5c Qd]
Seat 1: Mahu2021 (button) folded before Flop (didn't bet)
Seat 2: Protas-Pan (small blind) showed [2d Kd] and lost with two pair, Kings and Queens
Seat 3: Dougal67 (big blind) showed [6c 9d] and won (120) with a flush, King high



PokerStars Hand #248406423449: Tournament #3704211939, $1.84+$0.16 USD Hold'em No Limit - Level I (10/20) - 2024/01/21 10:14:27 CET [2024/01/21 4:14:27 ET]
Table '3704211939 1' 3-max Seat #2 is the button
Seat 1: Mahu2021 (500 in chips) 
Seat 2: Protas-Pan (440 in chips) 
Seat 3: Dougal67 (560 in chips) 
Dougal67: posts small blind 10
Mahu2021: posts big blind 20
*** HOLE CARDS ***
Dealt to Mahu2021 [Th Td]
Protas-Pan: folds 
Dougal67: calls 10
Mahu2021: raises 40 to 60
Dougal67: calls 40
*** FLOP *** [Qc 9s 2c]
Dougal67: checks 
Mahu2021: bets 60
Dougal67: calls 60
*** TURN *** [Qc 9s 2c] [Ts]
Dougal67: checks 
Mahu2021: bets 60
Dougal67: calls 60
*** RIVER *** [Qc 9s 2c Ts] [3d]
Dougal67: checks 
Mahu2021: bets 60
Dougal67: calls 60
*** SHOW DOWN ***
Mahu2021: shows [Th Td] (three of a kind, Tens)
Dougal67: mucks hand 
Mahu2021 collected 480 from pot
*** SUMMARY ***
Total pot 480 | Rake 0 
Board [Qc 9s 2c Ts 3d]
Seat 1: Mahu2021 (big blind) showed [Th Td] and won (480) with three of a kind, Tens
Seat 2: Protas-Pan (button) folded before Flop (didn't bet)
Seat 3: Dougal67 (small blind) mucked [Jh Tc]



PokerStars Hand #248406426781: Tournament #3704211939, $1.84+$0.16 USD Hold'em No Limit - Level I (10/20) - 2024/01/21 10:14:52 CET [2024/01/21 4:14:52 ET]
Table '3704211939 1' 3-max Seat #3 is the button
Seat 1: Mahu2021 (740 in chips) 
Seat 2: Protas-Pan (440 in chips) 
Seat 3: Dougal67 (320 in chips) 
Mahu2021: posts small blind 10
Protas-Pan: posts big blind 20
*** HOLE CARDS ***
Dealt to Mahu2021 [As 5h]
Dougal67: calls 20
Mahu2021: calls 10
Protas-Pan: checks 
*** FLOP *** [3h 2c 2h]
Mahu2021: checks 
Protas-Pan: checks 
Dougal67: checks 
*** TURN *** [3h 2c 2h] [Qh]
Mahu2021: checks 
Protas-Pan: checks 
Dougal67: checks 
*** RIVER *** [3h 2c 2h Qh] [5d]
Mahu2021: bets 20
Protas-Pan: calls 20
Dougal67: folds 
*** SHOW DOWN ***
Mahu2021: shows [As 5h] (two pair, Fives and Deuces)
Protas-Pan: shows [4s 6d] (a straight, Deuce to Six)
Protas-Pan collected 100 from pot
*** SUMMARY ***
Total pot 100 | Rake 0 
Board [3h 2c 2h Qh 5d]
Seat 1: Mahu2021 (small blind) showed [As 5h] and lost with two pair, Fives and Deuces
Seat 2: Protas-Pan (big blind) showed [4s 6d] and won (100) with a straight, Deuce to Six
Seat 3: Dougal67 (button) folded on the River



PokerStars Hand #248406431111: Tournament #3704211939, $1.84+$0.16 USD Hold'em No Limit - Level I (10/20) - 2024/01/21 10:15:25 CET [2024/01/21 4:15:25 ET]
Table '3704211939 1' 3-max Seat #1 is the button
Seat 1: Mahu2021 (700 in chips) 
Seat 2: Protas-Pan (500 in chips) 
Seat 3: Dougal67 (300 in chips) 
Protas-Pan: posts small blind 10
Dougal67: posts big blind 20
*** HOLE CARDS ***
Dealt to Mahu2021 [5s Th]
Mahu2021: folds 
Protas-Pan: folds 
Uncalled bet (10) returned to Dougal67
Dougal67 collected 20 from pot
*** SUMMARY ***
Total pot 20 | Rake 0 
Seat 1: Mahu2021 (button) folded before Flop (didn't bet)
Seat 2: Protas-Pan (small blind) folded before Flop
Seat 3: Dougal67 (big blind) collected (20)



PokerStars Hand #248406431865: Tournament #3704211939, $1.84+$0.16 USD Hold'em No Limit - Level I (10/20) - 2024/01/21 10:15:31 CET [2024/01/21 4:15:31 ET]
Table '3704211939 1' 3-max Seat #2 is the button
Seat 1: Mahu2021 (700 in chips) 
Seat 2: Protas-Pan (490 in chips) 
Seat 3: Dougal67 (310 in chips) 
Dougal67: posts small blind 10
Mahu2021: posts big blind 20
*** HOLE CARDS ***
Dealt to Mahu2021 [Ad Kh]
Protas-Pan: calls 20
Dougal67: raises 20 to 40
Mahu2021: calls 20
Protas-Pan: calls 20
*** FLOP *** [Jc 7d 2c]
Dougal67: checks 
Mahu2021: checks 
Protas-Pan: bets 78
Dougal67: folds 
Mahu2021: folds 
Uncalled bet (78) returned to Protas-Pan
Protas-Pan collected 120 from pot
Protas-Pan: doesn't show hand 
*** SUMMARY ***
Total pot 120 | Rake 0 
Board [Jc 7d 2c]
Seat 1: Mahu2021 (big blind) folded on the Flop
Seat 2: Protas-Pan (button) collected (120)
Seat 3: Dougal67 (small blind) folded on the Flop



PokerStars Hand #248406433946: Tournament #3704211939, $1.84+$0.16 USD Hold'em No Limit - Level I (10/20) - 2024/01/21 10:15:47 CET [2024/01/21 4:15:47 ET]
Table '3704211939 1' 3-max Seat #3 is the button
Seat 1: Mahu2021 (660 in chips) 
Seat 2: Protas-Pan (570 in chips) 
Seat 3: Dougal67 (270 in chips) 
Mahu2021: posts small blind 10
Protas-Pan: posts big blind 20
*** HOLE CARDS ***
Dealt to Mahu2021 [7d 7s]
Dougal67: raises 20 to 40
Mahu2021: calls 30
Protas-Pan: calls 20
*** FLOP *** [Jh Td 3c]
Mahu2021: checks 
Protas-Pan: checks 
Dougal67: checks 
*** TURN *** [Jh Td 3c] [3s]
Mahu2021: bets 40
Protas-Pan: calls 40
Dougal67: calls 40
*** RIVER *** [Jh Td 3c 3s] [3d]
Mahu2021: checks 
Protas-Pan: checks 
Dougal67: checks 
*** SHOW DOWN ***
Mahu2021: shows [7d 7s] (a full house, Threes full of Sevens)
Protas-Pan: mucks hand 
Dougal67: mucks hand 
Mahu2021 collected 240 from pot
*** SUMMARY ***
Total pot 240 | Rake 0 
Board [Jh Td 3c 3s 3d]
Seat 1: Mahu2021 (small blind) showed [7d 7s] and won (240) with a full house, Threes full of Sevens
Seat 2: Protas-Pan (big blind) mucked [Kc Qh]
Seat 3: Dougal67 (button) mucked [8h As]



PokerStars Hand #248406437617: Tournament #3704211939, $1.84+$0.16 USD Hold'em No Limit - Level II (15/30) - 2024/01/21 10:16:14 CET [2024/01/21 4:16:14 ET]
Table '3704211939 1' 3-max Seat #1 is the button
Seat 1: Mahu2021 (820 in chips) 
Seat 2: Protas-Pan (490 in chips) 
Seat 3: Dougal67 (190 in chips) 
Protas-Pan: posts small blind 15
Dougal67: posts big blind 30
*** HOLE CARDS ***
Dealt to Mahu2021 [Jd Qh]
Mahu2021: raises 30 to 60
Protas-Pan: calls 45
Dougal67: calls 30
*** FLOP *** [4h 9c Td]
Protas-Pan: bets 117
Dougal67: folds 
Mahu2021: calls 117
*** TURN *** [4h 9c Td] [5s]
Protas-Pan: bets 313 and is all-in
Mahu2021: calls 313
*** RIVER *** [4h 9c Td 5s] [Qs]
*** SHOW DOWN ***
Protas-Pan: shows [Kc Th] (a pair of Tens)
Mahu2021: shows [Jd Qh] (a pair of Queens)
Mahu2021 collected 1040 from pot
Protas-Pan finished the tournament in 3rd place
*** SUMMARY ***
Total pot 1040 | Rake 0 
Board [4h 9c Td 5s Qs]
Seat 1: Mahu2021 (button) showed [Jd Qh] and won (1040) with a pair of Queens
Seat 2: Protas-Pan (small blind) showed [Kc Th] and lost with a pair of Tens
Seat 3: Dougal67 (big blind) folded on the Flop



PokerStars Hand #248406440267: Tournament #3704211939, $1.84+$0.16 USD Hold'em No Limit - Level II (15/30) - 2024/01/21 10:16:34 CET [2024/01/21 4:16:34 ET]
Table '3704211939 1' 3-max Seat #3 is the button
Seat 1: Mahu2021 (1370 in chips) 
Seat 3: Dougal67 (130 in chips) 
Dougal67: posts small blind 15
Mahu2021: posts big blind 30
*** HOLE CARDS ***
Dealt to Mahu2021 [5h Jd]
Dougal67: calls 15
Mahu2021: checks 
*** FLOP *** [2d 8c Kd]
Mahu2021: checks 
Dougal67: checks 
*** TURN *** [2d 8c Kd] [2c]
Mahu2021: checks 
Dougal67: checks 
*** RIVER *** [2d 8c Kd 2c] [8d]
Mahu2021: bets 30
Dougal67: folds 
Uncalled bet (30) returned to Mahu2021
Mahu2021 collected 60 from pot
Mahu2021: doesn't show hand 
*** SUMMARY ***
Total pot 60 | Rake 0 
Board [2d 8c Kd 2c 8d]
Seat 1: Mahu2021 (big blind) collected (60)
Seat 3: Dougal67 (button) (small blind) folded on the River



PokerStars Hand #248406442582: Tournament #3704211939, $1.84+$0.16 USD Hold'em No Limit - Level II (15/30) - 2024/01/21 10:16:51 CET [2024/01/21 4:16:51 ET]
Table '3704211939 1' 3-max Seat #1 is the button
Seat 1: Mahu2021 (1400 in chips) 
Seat 3: Dougal67 (100 in chips) 
Mahu2021: posts small blind 15
Dougal67: posts big blind 30
*** HOLE CARDS ***
Dealt to Mahu2021 [Th 9c]
Mahu2021: calls 15
Dougal67: checks 
*** FLOP *** [8c 4h 6s]
Dougal67: checks 
Mahu2021: checks 
*** TURN *** [8c 4h 6s] [7d]
Dougal67: bets 30
Mahu2021: raises 60 to 90
Dougal67: calls 40 and is all-in
Uncalled bet (20) returned to Mahu2021
*** RIVER *** [8c 4h 6s 7d] [4s]
*** SHOW DOWN ***
Dougal67: shows [7h 5c] (a straight, Four to Eight)
Mahu2021: shows [Th 9c] (a straight, Six to Ten)
Mahu2021 collected 200 from pot
Dougal67 finished the tournament in 2nd place
Mahu2021 wins the tournament and receives $4.00 - congratulations!
*** SUMMARY ***
Total pot 200 | Rake 0 
Board [8c 4h 6s 7d 4s]
Seat 1: Mahu2021 (button) (small blind) showed [Th 9c] and won (200) with a straight, Six to Ten
Seat 3: Dougal67 (big blind) showed [7h 5c] and lost with a straight, Four to Eight



