PokerStars Hand #249700985511: Tournament #3735450315, $1.84+$0.16 USD Hold'em No Limit - Level I (10/20) - 2024/03/30 10:33:40 CET [2024/03/30 5:33:40 ET]
Table '3735450315 1' 3-max Seat #1 is the button
Seat 1: Mahu2021 (500 in chips) 
Seat 2: fernandafsna (500 in chips) 
Seat 3: sarmiento51 (500 in chips) 
fernandafsna: posts small blind 10
sarmiento51: posts big blind 20
*** HOLE CARDS ***
Dealt to Mahu2021 [Ks 6h]
Mahu2021: folds 
fernandafsna: calls 10
sarmiento51: raises 40 to 60
fernandafsna: folds 
Uncalled bet (40) returned to sarmiento51
sarmiento51 collected 40 from pot
sarmiento51: doesn't show hand 
*** SUMMARY ***
Total pot 40 | Rake 0 
Seat 1: Mahu2021 (button) folded before Flop (didn't bet)
Seat 2: fernandafsna (small blind) folded before Flop
Seat 3: sarmiento51 (big blind) collected (40)



PokerStars Hand #249700987784: Tournament #3735450315, $1.84+$0.16 USD Hold'em No Limit - Level I (10/20) - 2024/03/30 10:33:58 CET [2024/03/30 5:33:58 ET]
Table '3735450315 1' 3-max Seat #2 is the button
Seat 1: Mahu2021 (500 in chips) 
Seat 2: fernandafsna (480 in chips) 
Seat 3: sarmiento51 (520 in chips) 
sarmiento51: posts small blind 10
Mahu2021: posts big blind 20
*** HOLE CARDS ***
Dealt to Mahu2021 [3d 6c]
fernandafsna: calls 20
sarmiento51: calls 10
Mahu2021: checks 
*** FLOP *** [Ah Jh Ks]
sarmiento51: checks 
Mahu2021: checks 
fernandafsna: bets 60
sarmiento51: folds 
Mahu2021: folds 
Uncalled bet (60) returned to fernandafsna
fernandafsna collected 60 from pot
*** SUMMARY ***
Total pot 60 | Rake 0 
Board [Ah Jh Ks]
Seat 1: Mahu2021 (big blind) folded on the Flop
Seat 2: fernandafsna (button) collected (60)
Seat 3: sarmiento51 (small blind) folded on the Flop



PokerStars Hand #249700989900: Tournament #3735450315, $1.84+$0.16 USD Hold'em No Limit - Level I (10/20) - 2024/03/30 10:34:16 CET [2024/03/30 5:34:16 ET]
Table '3735450315 1' 3-max Seat #3 is the button
Seat 1: Mahu2021 (480 in chips) 
Seat 2: fernandafsna (520 in chips) 
Seat 3: sarmiento51 (500 in chips) 
Mahu2021: posts small blind 10
fernandafsna: posts big blind 20
*** HOLE CARDS ***
Dealt to Mahu2021 [Qd Ac]
sarmiento51: folds 
Mahu2021: raises 40 to 60
fernandafsna: folds 
Uncalled bet (40) returned to Mahu2021
Mahu2021 collected 40 from pot
Mahu2021: doesn't show hand 
*** SUMMARY ***
Total pot 40 | Rake 0 
Seat 1: Mahu2021 (small blind) collected (40)
Seat 2: fernandafsna (big blind) folded before Flop
Seat 3: sarmiento51 (button) folded before Flop (didn't bet)



PokerStars Hand #249700990719: Tournament #3735450315, $1.84+$0.16 USD Hold'em No Limit - Level I (10/20) - 2024/03/30 10:34:22 CET [2024/03/30 5:34:22 ET]
Table '3735450315 1' 3-max Seat #1 is the button
Seat 1: Mahu2021 (500 in chips) 
Seat 2: fernandafsna (500 in chips) 
Seat 3: sarmiento51 (500 in chips) 
fernandafsna: posts small blind 10
sarmiento51: posts big blind 20
*** HOLE CARDS ***
Dealt to Mahu2021 [3s 7d]
Mahu2021: folds 
fernandafsna: calls 10
sarmiento51: checks 
*** FLOP *** [3d 2h Qs]
fernandafsna: bets 40
sarmiento51: calls 40
*** TURN *** [3d 2h Qs] [8d]
fernandafsna: checks 
sarmiento51: checks 
*** RIVER *** [3d 2h Qs 8d] [5h]
fernandafsna: checks 
sarmiento51: bets 20
fernandafsna: calls 20
*** SHOW DOWN ***
sarmiento51: shows [3h Tc] (a pair of Threes)
fernandafsna: mucks hand 
sarmiento51 collected 160 from pot
*** SUMMARY ***
Total pot 160 | Rake 0 
Board [3d 2h Qs 8d 5h]
Seat 1: Mahu2021 (button) folded before Flop (didn't bet)
Seat 2: fernandafsna (small blind) mucked [Kd 2d]
Seat 3: sarmiento51 (big blind) showed [3h Tc] and won (160) with a pair of Threes



PokerStars Hand #249700993698: Tournament #3735450315, $1.84+$0.16 USD Hold'em No Limit - Level I (10/20) - 2024/03/30 10:34:47 CET [2024/03/30 5:34:47 ET]
Table '3735450315 1' 3-max Seat #2 is the button
Seat 1: Mahu2021 (500 in chips) 
Seat 2: fernandafsna (420 in chips) 
Seat 3: sarmiento51 (580 in chips) 
sarmiento51: posts small blind 10
Mahu2021: posts big blind 20
*** HOLE CARDS ***
Dealt to Mahu2021 [Kc Qd]
fernandafsna: folds 
sarmiento51: calls 10
Mahu2021: checks 
*** FLOP *** [5s 3s 2s]
sarmiento51: bets 40
Mahu2021: folds 
Uncalled bet (40) returned to sarmiento51
sarmiento51 collected 40 from pot
sarmiento51: doesn't show hand 
*** SUMMARY ***
Total pot 40 | Rake 0 
Board [5s 3s 2s]
Seat 1: Mahu2021 (big blind) folded on the Flop
Seat 2: fernandafsna (button) folded before Flop (didn't bet)
Seat 3: sarmiento51 (small blind) collected (40)



PokerStars Hand #249700995230: Tournament #3735450315, $1.84+$0.16 USD Hold'em No Limit - Level I (10/20) - 2024/03/30 10:34:59 CET [2024/03/30 5:34:59 ET]
Table '3735450315 1' 3-max Seat #3 is the button
Seat 1: Mahu2021 (480 in chips) 
Seat 2: fernandafsna (420 in chips) 
Seat 3: sarmiento51 (600 in chips) 
Mahu2021: posts small blind 10
fernandafsna: posts big blind 20
*** HOLE CARDS ***
Dealt to Mahu2021 [3h Td]
sarmiento51: folds 
Mahu2021: folds 
Uncalled bet (10) returned to fernandafsna
fernandafsna collected 20 from pot
*** SUMMARY ***
Total pot 20 | Rake 0 
Seat 1: Mahu2021 (small blind) folded before Flop
Seat 2: fernandafsna (big blind) collected (20)
Seat 3: sarmiento51 (button) folded before Flop (didn't bet)



PokerStars Hand #249700995929: Tournament #3735450315, $1.84+$0.16 USD Hold'em No Limit - Level I (10/20) - 2024/03/30 10:35:05 CET [2024/03/30 5:35:05 ET]
Table '3735450315 1' 3-max Seat #1 is the button
Seat 1: Mahu2021 (470 in chips) 
Seat 2: fernandafsna (430 in chips) 
Seat 3: sarmiento51 (600 in chips) 
fernandafsna: posts small blind 10
sarmiento51: posts big blind 20
*** HOLE CARDS ***
Dealt to Mahu2021 [Ts As]
Mahu2021: raises 20 to 40
fernandafsna: folds 
sarmiento51: calls 20
*** FLOP *** [6d 9d Ad]
sarmiento51: bets 90
Mahu2021: folds 
Uncalled bet (90) returned to sarmiento51
sarmiento51 collected 90 from pot
sarmiento51: doesn't show hand 
*** SUMMARY ***
Total pot 90 | Rake 0 
Board [6d 9d Ad]
Seat 1: Mahu2021 (button) folded on the Flop
Seat 2: fernandafsna (small blind) folded before Flop
Seat 3: sarmiento51 (big blind) collected (90)



PokerStars Hand #249700999520: Tournament #3735450315, $1.84+$0.16 USD Hold'em No Limit - Level I (10/20) - 2024/03/30 10:35:35 CET [2024/03/30 5:35:35 ET]
Table '3735450315 1' 3-max Seat #2 is the button
Seat 1: Mahu2021 (430 in chips) 
Seat 2: fernandafsna (420 in chips) 
Seat 3: sarmiento51 (650 in chips) 
sarmiento51: posts small blind 10
Mahu2021: posts big blind 20
*** HOLE CARDS ***
Dealt to Mahu2021 [2s 3d]
fernandafsna: calls 20
sarmiento51: folds 
Mahu2021: checks 
*** FLOP *** [8d Qh Qd]
Mahu2021: checks 
fernandafsna: bets 40
Mahu2021: folds 
Uncalled bet (40) returned to fernandafsna
fernandafsna collected 50 from pot
*** SUMMARY ***
Total pot 50 | Rake 0 
Board [8d Qh Qd]
Seat 1: Mahu2021 (big blind) folded on the Flop
Seat 2: fernandafsna (button) collected (50)
Seat 3: sarmiento51 (small blind) folded before Flop



PokerStars Hand #249701001157: Tournament #3735450315, $1.84+$0.16 USD Hold'em No Limit - Level I (10/20) - 2024/03/30 10:35:48 CET [2024/03/30 5:35:48 ET]
Table '3735450315 1' 3-max Seat #3 is the button
Seat 1: Mahu2021 (410 in chips) 
Seat 2: fernandafsna (450 in chips) 
Seat 3: sarmiento51 (640 in chips) 
Mahu2021: posts small blind 10
fernandafsna: posts big blind 20
*** HOLE CARDS ***
Dealt to Mahu2021 [7h Th]
sarmiento51: folds 
Mahu2021: raises 20 to 40
fernandafsna: raises 410 to 450 and is all-in
Mahu2021: folds 
Uncalled bet (410) returned to fernandafsna
fernandafsna collected 80 from pot
*** SUMMARY ***
Total pot 80 | Rake 0 
Seat 1: Mahu2021 (small blind) folded before Flop
Seat 2: fernandafsna (big blind) collected (80)
Seat 3: sarmiento51 (button) folded before Flop (didn't bet)



PokerStars Hand #249701002405: Tournament #3735450315, $1.84+$0.16 USD Hold'em No Limit - Level I (10/20) - 2024/03/30 10:35:58 CET [2024/03/30 5:35:58 ET]
Table '3735450315 1' 3-max Seat #1 is the button
Seat 1: Mahu2021 (370 in chips) 
Seat 2: fernandafsna (490 in chips) 
Seat 3: sarmiento51 (640 in chips) 
fernandafsna: posts small blind 10
sarmiento51: posts big blind 20
*** HOLE CARDS ***
Dealt to Mahu2021 [7c 6c]
Mahu2021: calls 20
fernandafsna: calls 10
sarmiento51: checks 
*** FLOP *** [Qh 2d Jc]
fernandafsna: bets 60
sarmiento51: folds 
Mahu2021: folds 
Uncalled bet (60) returned to fernandafsna
fernandafsna collected 60 from pot
*** SUMMARY ***
Total pot 60 | Rake 0 
Board [Qh 2d Jc]
Seat 1: Mahu2021 (button) folded on the Flop
Seat 2: fernandafsna (small blind) collected (60)
Seat 3: sarmiento51 (big blind) folded on the Flop



PokerStars Hand #249701004206: Tournament #3735450315, $1.84+$0.16 USD Hold'em No Limit - Level I (10/20) - 2024/03/30 10:36:13 CET [2024/03/30 5:36:13 ET]
Table '3735450315 1' 3-max Seat #2 is the button
Seat 1: Mahu2021 (350 in chips) 
Seat 2: fernandafsna (530 in chips) 
Seat 3: sarmiento51 (620 in chips) 
sarmiento51: posts small blind 10
Mahu2021: posts big blind 20
*** HOLE CARDS ***
Dealt to Mahu2021 [9h 3d]
fernandafsna: calls 20
sarmiento51: calls 10
Mahu2021: checks 
*** FLOP *** [6s 5d 5c]
sarmiento51: checks 
Mahu2021: checks 
fernandafsna: checks 
*** TURN *** [6s 5d 5c] [3h]
sarmiento51: checks 
Mahu2021: bets 40
fernandafsna: folds 
sarmiento51: folds 
Uncalled bet (40) returned to Mahu2021
Mahu2021 collected 60 from pot
Mahu2021: doesn't show hand 
*** SUMMARY ***
Total pot 60 | Rake 0 
Board [6s 5d 5c 3h]
Seat 1: Mahu2021 (big blind) collected (60)
Seat 2: fernandafsna (button) folded on the Turn
Seat 3: sarmiento51 (small blind) folded on the Turn



PokerStars Hand #249701007094: Tournament #3735450315, $1.84+$0.16 USD Hold'em No Limit - Level I (10/20) - 2024/03/30 10:36:37 CET [2024/03/30 5:36:37 ET]
Table '3735450315 1' 3-max Seat #3 is the button
Seat 1: Mahu2021 (390 in chips) 
Seat 2: fernandafsna (510 in chips) 
Seat 3: sarmiento51 (600 in chips) 
Mahu2021: posts small blind 10
fernandafsna: posts big blind 20
*** HOLE CARDS ***
Dealt to Mahu2021 [2d Kd]
sarmiento51: raises 60 to 80
Mahu2021: folds 
fernandafsna: folds 
Uncalled bet (60) returned to sarmiento51
sarmiento51 collected 50 from pot
sarmiento51: doesn't show hand 
*** SUMMARY ***
Total pot 50 | Rake 0 
Seat 1: Mahu2021 (small blind) folded before Flop
Seat 2: fernandafsna (big blind) folded before Flop
Seat 3: sarmiento51 (button) collected (50)



PokerStars Hand #249701008679: Tournament #3735450315, $1.84+$0.16 USD Hold'em No Limit - Level II (15/30) - 2024/03/30 10:36:50 CET [2024/03/30 5:36:50 ET]
Table '3735450315 1' 3-max Seat #1 is the button
Seat 1: Mahu2021 (380 in chips) 
Seat 2: fernandafsna (490 in chips) 
Seat 3: sarmiento51 (630 in chips) 
fernandafsna: posts small blind 15
sarmiento51: posts big blind 30
*** HOLE CARDS ***
Dealt to Mahu2021 [Qd Ac]
Mahu2021: raises 30 to 60
fernandafsna: raises 150 to 210
sarmiento51: folds 
Mahu2021: calls 150
*** FLOP *** [3s 6d 6h]
fernandafsna: bets 280 and is all-in
Mahu2021: folds 
Uncalled bet (280) returned to fernandafsna
fernandafsna collected 450 from pot
*** SUMMARY ***
Total pot 450 | Rake 0 
Board [3s 6d 6h]
Seat 1: Mahu2021 (button) folded on the Flop
Seat 2: fernandafsna (small blind) collected (450)
Seat 3: sarmiento51 (big blind) folded before Flop



PokerStars Hand #249701010364: Tournament #3735450315, $1.84+$0.16 USD Hold'em No Limit - Level II (15/30) - 2024/03/30 10:37:04 CET [2024/03/30 5:37:04 ET]
Table '3735450315 1' 3-max Seat #2 is the button
Seat 1: Mahu2021 (170 in chips) 
Seat 2: fernandafsna (730 in chips) 
Seat 3: sarmiento51 (600 in chips) 
sarmiento51: posts small blind 15
Mahu2021: posts big blind 30
*** HOLE CARDS ***
Dealt to Mahu2021 [Qs 7c]
fernandafsna: folds 
sarmiento51: calls 15
Mahu2021: raises 140 to 170 and is all-in
sarmiento51: folds 
Uncalled bet (140) returned to Mahu2021
Mahu2021 collected 60 from pot
Mahu2021: doesn't show hand 
*** SUMMARY ***
Total pot 60 | Rake 0 
Seat 1: Mahu2021 (big blind) collected (60)
Seat 2: fernandafsna (button) folded before Flop (didn't bet)
Seat 3: sarmiento51 (small blind) folded before Flop



PokerStars Hand #249701011678: Tournament #3735450315, $1.84+$0.16 USD Hold'em No Limit - Level II (15/30) - 2024/03/30 10:37:15 CET [2024/03/30 5:37:15 ET]
Table '3735450315 1' 3-max Seat #3 is the button
Seat 1: Mahu2021 (200 in chips) 
Seat 2: fernandafsna (730 in chips) 
Seat 3: sarmiento51 (570 in chips) 
Mahu2021: posts small blind 15
fernandafsna: posts big blind 30
*** HOLE CARDS ***
Dealt to Mahu2021 [Ks 6h]
sarmiento51: raises 90 to 120
Mahu2021: folds 
fernandafsna: folds 
Uncalled bet (90) returned to sarmiento51
sarmiento51 collected 75 from pot
sarmiento51: doesn't show hand 
*** SUMMARY ***
Total pot 75 | Rake 0 
Seat 1: Mahu2021 (small blind) folded before Flop
Seat 2: fernandafsna (big blind) folded before Flop
Seat 3: sarmiento51 (button) collected (75)



PokerStars Hand #249701012638: Tournament #3735450315, $1.84+$0.16 USD Hold'em No Limit - Level II (15/30) - 2024/03/30 10:37:23 CET [2024/03/30 5:37:23 ET]
Table '3735450315 1' 3-max Seat #1 is the button
Seat 1: Mahu2021 (185 in chips) 
Seat 2: fernandafsna (700 in chips) 
Seat 3: sarmiento51 (615 in chips) 
fernandafsna: posts small blind 15
sarmiento51: posts big blind 30
*** HOLE CARDS ***
Dealt to Mahu2021 [5d Ac]
Mahu2021: raises 155 to 185 and is all-in
fernandafsna: calls 170
sarmiento51: folds 
*** FLOP *** [8c 8d Kc]
*** TURN *** [8c 8d Kc] [7d]
*** RIVER *** [8c 8d Kc 7d] [3h]
*** SHOW DOWN ***
fernandafsna: shows [4d Ad] (a pair of Eights)
Mahu2021: shows [5d Ac] (a pair of Eights)
fernandafsna collected 200 from pot
Mahu2021 collected 200 from pot
*** SUMMARY ***
Total pot 400 | Rake 0 
Board [8c 8d Kc 7d 3h]
Seat 1: Mahu2021 (button) showed [5d Ac] and won (200) with a pair of Eights
Seat 2: fernandafsna (small blind) showed [4d Ad] and won (200) with a pair of Eights
Seat 3: sarmiento51 (big blind) folded before Flop



PokerStars Hand #249701014219: Tournament #3735450315, $1.84+$0.16 USD Hold'em No Limit - Level II (15/30) - 2024/03/30 10:37:37 CET [2024/03/30 5:37:37 ET]
Table '3735450315 1' 3-max Seat #2 is the button
Seat 1: Mahu2021 (200 in chips) 
Seat 2: fernandafsna (715 in chips) 
Seat 3: sarmiento51 (585 in chips) 
sarmiento51: posts small blind 15
Mahu2021: posts big blind 30
*** HOLE CARDS ***
Dealt to Mahu2021 [5h Qh]
fernandafsna: calls 30
sarmiento51: raises 90 to 120
Mahu2021: folds 
fernandafsna: folds 
Uncalled bet (90) returned to sarmiento51
sarmiento51 collected 90 from pot
sarmiento51: doesn't show hand 
*** SUMMARY ***
Total pot 90 | Rake 0 
Seat 1: Mahu2021 (big blind) folded before Flop
Seat 2: fernandafsna (button) folded before Flop
Seat 3: sarmiento51 (small blind) collected (90)



PokerStars Hand #249701015378: Tournament #3735450315, $1.84+$0.16 USD Hold'em No Limit - Level II (15/30) - 2024/03/30 10:37:46 CET [2024/03/30 5:37:46 ET]
Table '3735450315 1' 3-max Seat #3 is the button
Seat 1: Mahu2021 (170 in chips) 
Seat 2: fernandafsna (685 in chips) 
Seat 3: sarmiento51 (645 in chips) 
Mahu2021: posts small blind 15
fernandafsna: posts big blind 30
*** HOLE CARDS ***
Dealt to Mahu2021 [8d 5s]
sarmiento51: folds 
Mahu2021: folds 
Uncalled bet (15) returned to fernandafsna
fernandafsna collected 30 from pot
*** SUMMARY ***
Total pot 30 | Rake 0 
Seat 1: Mahu2021 (small blind) folded before Flop
Seat 2: fernandafsna (big blind) collected (30)
Seat 3: sarmiento51 (button) folded before Flop (didn't bet)



PokerStars Hand #249701015996: Tournament #3735450315, $1.84+$0.16 USD Hold'em No Limit - Level II (15/30) - 2024/03/30 10:37:52 CET [2024/03/30 5:37:52 ET]
Table '3735450315 1' 3-max Seat #1 is the button
Seat 1: Mahu2021 (155 in chips) 
Seat 2: fernandafsna (700 in chips) 
Seat 3: sarmiento51 (645 in chips) 
fernandafsna: posts small blind 15
sarmiento51: posts big blind 30
*** HOLE CARDS ***
Dealt to Mahu2021 [2c Qh]
Mahu2021: folds 
fernandafsna: calls 15
sarmiento51: checks 
*** FLOP *** [4c Kc 6h]
fernandafsna: checks 
sarmiento51: checks 
*** TURN *** [4c Kc 6h] [4h]
fernandafsna: bets 60
sarmiento51: folds 
Uncalled bet (60) returned to fernandafsna
fernandafsna collected 60 from pot
*** SUMMARY ***
Total pot 60 | Rake 0 
Board [4c Kc 6h 4h]
Seat 1: Mahu2021 (button) folded before Flop (didn't bet)
Seat 2: fernandafsna (small blind) collected (60)
Seat 3: sarmiento51 (big blind) folded on the Turn



PokerStars Hand #249701019162: Tournament #3735450315, $1.84+$0.16 USD Hold'em No Limit - Level II (15/30) - 2024/03/30 10:38:18 CET [2024/03/30 5:38:18 ET]
Table '3735450315 1' 3-max Seat #2 is the button
Seat 1: Mahu2021 (155 in chips) 
Seat 2: fernandafsna (730 in chips) 
Seat 3: sarmiento51 (615 in chips) 
sarmiento51: posts small blind 15
Mahu2021: posts big blind 30
*** HOLE CARDS ***
Dealt to Mahu2021 [7h Jh]
fernandafsna: folds 
sarmiento51: folds 
Uncalled bet (15) returned to Mahu2021
Mahu2021 collected 30 from pot
Mahu2021: doesn't show hand 
*** SUMMARY ***
Total pot 30 | Rake 0 
Seat 1: Mahu2021 (big blind) collected (30)
Seat 2: fernandafsna (button) folded before Flop (didn't bet)
Seat 3: sarmiento51 (small blind) folded before Flop



PokerStars Hand #249701020021: Tournament #3735450315, $1.84+$0.16 USD Hold'em No Limit - Level II (15/30) - 2024/03/30 10:38:25 CET [2024/03/30 5:38:25 ET]
Table '3735450315 1' 3-max Seat #3 is the button
Seat 1: Mahu2021 (170 in chips) 
Seat 2: fernandafsna (730 in chips) 
Seat 3: sarmiento51 (600 in chips) 
Mahu2021: posts small blind 15
fernandafsna: posts big blind 30
*** HOLE CARDS ***
Dealt to Mahu2021 [Kh Qs]
sarmiento51: folds 
Mahu2021: calls 15
fernandafsna: checks 
*** FLOP *** [6s 5s 4c]
Mahu2021: checks 
fernandafsna: bets 60
Mahu2021: folds 
Uncalled bet (60) returned to fernandafsna
fernandafsna collected 60 from pot
*** SUMMARY ***
Total pot 60 | Rake 0 
Board [6s 5s 4c]
Seat 1: Mahu2021 (small blind) folded on the Flop
Seat 2: fernandafsna (big blind) collected (60)
Seat 3: sarmiento51 (button) folded before Flop (didn't bet)



PokerStars Hand #249701022543: Tournament #3735450315, $1.84+$0.16 USD Hold'em No Limit - Level II (15/30) - 2024/03/30 10:38:47 CET [2024/03/30 5:38:47 ET]
Table '3735450315 1' 3-max Seat #1 is the button
Seat 1: Mahu2021 (140 in chips) 
Seat 2: fernandafsna (760 in chips) 
Seat 3: sarmiento51 (600 in chips) 
fernandafsna: posts small blind 15
sarmiento51: posts big blind 30
*** HOLE CARDS ***
Dealt to Mahu2021 [4c 4h]
Mahu2021: raises 110 to 140 and is all-in
fernandafsna: calls 125
sarmiento51: folds 
*** FLOP *** [4s 5d Kc]
*** TURN *** [4s 5d Kc] [Kd]
*** RIVER *** [4s 5d Kc Kd] [Kh]
*** SHOW DOWN ***
fernandafsna: shows [Ad Jc] (three of a kind, Kings)
Mahu2021: shows [4c 4h] (a full house, Kings full of Fours)
Mahu2021 collected 310 from pot
*** SUMMARY ***
Total pot 310 | Rake 0 
Board [4s 5d Kc Kd Kh]
Seat 1: Mahu2021 (button) showed [4c 4h] and won (310) with a full house, Kings full of Fours
Seat 2: fernandafsna (small blind) showed [Ad Jc] and lost with three of a kind, Kings
Seat 3: sarmiento51 (big blind) folded before Flop



PokerStars Hand #249701024140: Tournament #3735450315, $1.84+$0.16 USD Hold'em No Limit - Level II (15/30) - 2024/03/30 10:39:00 CET [2024/03/30 5:39:00 ET]
Table '3735450315 1' 3-max Seat #2 is the button
Seat 1: Mahu2021 (310 in chips) 
Seat 2: fernandafsna (620 in chips) 
Seat 3: sarmiento51 (570 in chips) 
sarmiento51: posts small blind 15
Mahu2021: posts big blind 30
*** HOLE CARDS ***
Dealt to Mahu2021 [8s 3d]
fernandafsna: raises 60 to 90
sarmiento51: raises 210 to 300
Mahu2021: folds 
fernandafsna: calls 210
*** FLOP *** [7s 7c 2c]
sarmiento51: bets 270 and is all-in
fernandafsna: folds 
Uncalled bet (270) returned to sarmiento51
sarmiento51 collected 630 from pot
sarmiento51: doesn't show hand 
*** SUMMARY ***
Total pot 630 | Rake 0 
Board [7s 7c 2c]
Seat 1: Mahu2021 (big blind) folded before Flop
Seat 2: fernandafsna (button) folded on the Flop
Seat 3: sarmiento51 (small blind) collected (630)



PokerStars Hand #249701026092: Tournament #3735450315, $1.84+$0.16 USD Hold'em No Limit - Level II (15/30) - 2024/03/30 10:39:16 CET [2024/03/30 5:39:16 ET]
Table '3735450315 1' 3-max Seat #3 is the button
Seat 1: Mahu2021 (280 in chips) 
Seat 2: fernandafsna (320 in chips) 
Seat 3: sarmiento51 (900 in chips) 
Mahu2021: posts small blind 15
fernandafsna: posts big blind 30
*** HOLE CARDS ***
Dealt to Mahu2021 [6s 5d]
sarmiento51: folds 
Mahu2021: calls 15
fernandafsna: raises 290 to 320 and is all-in
Mahu2021: folds 
Uncalled bet (290) returned to fernandafsna
fernandafsna collected 60 from pot
*** SUMMARY ***
Total pot 60 | Rake 0 
Seat 1: Mahu2021 (small blind) folded before Flop
Seat 2: fernandafsna (big blind) collected (60)
Seat 3: sarmiento51 (button) folded before Flop (didn't bet)



PokerStars Hand #249701027521: Tournament #3735450315, $1.84+$0.16 USD Hold'em No Limit - Level II (15/30) - 2024/03/30 10:39:28 CET [2024/03/30 5:39:28 ET]
Table '3735450315 1' 3-max Seat #1 is the button
Seat 1: Mahu2021 (250 in chips) 
Seat 2: fernandafsna (350 in chips) 
Seat 3: sarmiento51 (900 in chips) 
fernandafsna: posts small blind 15
sarmiento51: posts big blind 30
*** HOLE CARDS ***
Dealt to Mahu2021 [Jh Kd]
Mahu2021: calls 30
fernandafsna: folds 
sarmiento51: checks 
*** FLOP *** [4h 8c Ah]
sarmiento51: bets 30
Mahu2021: folds 
Uncalled bet (30) returned to sarmiento51
sarmiento51 collected 75 from pot
sarmiento51: doesn't show hand 
*** SUMMARY ***
Total pot 75 | Rake 0 
Board [4h 8c Ah]
Seat 1: Mahu2021 (button) folded on the Flop
Seat 2: fernandafsna (small blind) folded before Flop
Seat 3: sarmiento51 (big blind) collected (75)



PokerStars Hand #249701029529: Tournament #3735450315, $1.84+$0.16 USD Hold'em No Limit - Level III (20/40) - 2024/03/30 10:39:46 CET [2024/03/30 5:39:46 ET]
Table '3735450315 1' 3-max Seat #2 is the button
Seat 1: Mahu2021 (220 in chips) 
Seat 2: fernandafsna (335 in chips) 
Seat 3: sarmiento51 (945 in chips) 
sarmiento51: posts small blind 20
Mahu2021: posts big blind 40
*** HOLE CARDS ***
Dealt to Mahu2021 [Ad 3d]
fernandafsna: raises 80 to 120
sarmiento51: raises 280 to 400
Mahu2021: folds 
fernandafsna: folds 
Uncalled bet (280) returned to sarmiento51
sarmiento51 collected 280 from pot
sarmiento51: doesn't show hand 
*** SUMMARY ***
Total pot 280 | Rake 0 
Seat 1: Mahu2021 (big blind) folded before Flop
Seat 2: fernandafsna (button) folded before Flop
Seat 3: sarmiento51 (small blind) collected (280)



PokerStars Hand #249701030909: Tournament #3735450315, $1.84+$0.16 USD Hold'em No Limit - Level III (20/40) - 2024/03/30 10:39:57 CET [2024/03/30 5:39:57 ET]
Table '3735450315 1' 3-max Seat #3 is the button
Seat 1: Mahu2021 (180 in chips) 
Seat 2: fernandafsna (215 in chips) 
Seat 3: sarmiento51 (1105 in chips) 
Mahu2021: posts small blind 20
fernandafsna: posts big blind 40
*** HOLE CARDS ***
Dealt to Mahu2021 [6s 9s]
sarmiento51: folds 
Mahu2021: folds 
Uncalled bet (20) returned to fernandafsna
fernandafsna collected 40 from pot
*** SUMMARY ***
Total pot 40 | Rake 0 
Seat 1: Mahu2021 (small blind) folded before Flop
Seat 2: fernandafsna (big blind) collected (40)
Seat 3: sarmiento51 (button) folded before Flop (didn't bet)



PokerStars Hand #249701031539: Tournament #3735450315, $1.84+$0.16 USD Hold'em No Limit - Level III (20/40) - 2024/03/30 10:40:03 CET [2024/03/30 5:40:03 ET]
Table '3735450315 1' 3-max Seat #1 is the button
Seat 1: Mahu2021 (160 in chips) 
Seat 2: fernandafsna (235 in chips) 
Seat 3: sarmiento51 (1105 in chips) 
fernandafsna: posts small blind 20
sarmiento51: posts big blind 40
*** HOLE CARDS ***
Dealt to Mahu2021 [5s 7s]
Mahu2021: folds 
fernandafsna: raises 195 to 235 and is all-in
sarmiento51: folds 
Uncalled bet (195) returned to fernandafsna
fernandafsna collected 80 from pot
*** SUMMARY ***
Total pot 80 | Rake 0 
Seat 1: Mahu2021 (button) folded before Flop (didn't bet)
Seat 2: fernandafsna (small blind) collected (80)
Seat 3: sarmiento51 (big blind) folded before Flop



PokerStars Hand #249701032689: Tournament #3735450315, $1.84+$0.16 USD Hold'em No Limit - Level III (20/40) - 2024/03/30 10:40:12 CET [2024/03/30 5:40:12 ET]
Table '3735450315 1' 3-max Seat #2 is the button
Seat 1: Mahu2021 (160 in chips) 
Seat 2: fernandafsna (275 in chips) 
Seat 3: sarmiento51 (1065 in chips) 
sarmiento51: posts small blind 20
Mahu2021: posts big blind 40
*** HOLE CARDS ***
Dealt to Mahu2021 [7d Qc]
fernandafsna: folds 
sarmiento51: folds 
Uncalled bet (20) returned to Mahu2021
Mahu2021 collected 40 from pot
Mahu2021: doesn't show hand 
*** SUMMARY ***
Total pot 40 | Rake 0 
Seat 1: Mahu2021 (big blind) collected (40)
Seat 2: fernandafsna (button) folded before Flop (didn't bet)
Seat 3: sarmiento51 (small blind) folded before Flop



PokerStars Hand #249701033448: Tournament #3735450315, $1.84+$0.16 USD Hold'em No Limit - Level III (20/40) - 2024/03/30 10:40:19 CET [2024/03/30 5:40:19 ET]
Table '3735450315 1' 3-max Seat #3 is the button
Seat 1: Mahu2021 (180 in chips) 
Seat 2: fernandafsna (275 in chips) 
Seat 3: sarmiento51 (1045 in chips) 
Mahu2021: posts small blind 20
fernandafsna: posts big blind 40
*** HOLE CARDS ***
Dealt to Mahu2021 [7h 6d]
sarmiento51: raises 80 to 120
Mahu2021: folds 
fernandafsna: raises 155 to 275 and is all-in
sarmiento51: calls 155
*** FLOP *** [3d Kd 5s]
*** TURN *** [3d Kd 5s] [6h]
*** RIVER *** [3d Kd 5s 6h] [2s]
*** SHOW DOWN ***
fernandafsna: shows [Ah 8c] (high card Ace)
sarmiento51: shows [Tc Kc] (a pair of Kings)
sarmiento51 collected 570 from pot
fernandafsna finished the tournament in 3rd place
*** SUMMARY ***
Total pot 570 | Rake 0 
Board [3d Kd 5s 6h 2s]
Seat 1: Mahu2021 (small blind) folded before Flop
Seat 2: fernandafsna (big blind) showed [Ah 8c] and lost with high card Ace
Seat 3: sarmiento51 (button) showed [Tc Kc] and won (570) with a pair of Kings



PokerStars Hand #249701035740: Tournament #3735450315, $1.84+$0.16 USD Hold'em No Limit - Level III (20/40) - 2024/03/30 10:40:39 CET [2024/03/30 5:40:39 ET]
Table '3735450315 1' 3-max Seat #1 is the button
Seat 1: Mahu2021 (160 in chips) 
Seat 3: sarmiento51 (1340 in chips) 
Mahu2021: posts small blind 20
sarmiento51: posts big blind 40
*** HOLE CARDS ***
Dealt to Mahu2021 [Jc 9c]
Mahu2021: raises 120 to 160 and is all-in
sarmiento51: folds 
Uncalled bet (120) returned to Mahu2021
Mahu2021 collected 80 from pot
Mahu2021: doesn't show hand 
*** SUMMARY ***
Total pot 80 | Rake 0 
Seat 1: Mahu2021 (button) (small blind) collected (80)
Seat 3: sarmiento51 (big blind) folded before Flop



PokerStars Hand #249701036621: Tournament #3735450315, $1.84+$0.16 USD Hold'em No Limit - Level III (20/40) - 2024/03/30 10:40:46 CET [2024/03/30 5:40:46 ET]
Table '3735450315 1' 3-max Seat #3 is the button
Seat 1: Mahu2021 (200 in chips) 
Seat 3: sarmiento51 (1300 in chips) 
sarmiento51: posts small blind 20
Mahu2021: posts big blind 40
*** HOLE CARDS ***
Dealt to Mahu2021 [7c 6c]
sarmiento51: raises 120 to 160
Mahu2021: folds 
Uncalled bet (120) returned to sarmiento51
sarmiento51 collected 80 from pot
sarmiento51: doesn't show hand 
*** SUMMARY ***
Total pot 80 | Rake 0 
Seat 1: Mahu2021 (big blind) folded before Flop
Seat 3: sarmiento51 (button) (small blind) collected (80)



PokerStars Hand #249701037534: Tournament #3735450315, $1.84+$0.16 USD Hold'em No Limit - Level III (20/40) - 2024/03/30 10:40:54 CET [2024/03/30 5:40:54 ET]
Table '3735450315 1' 3-max Seat #1 is the button
Seat 1: Mahu2021 (160 in chips) 
Seat 3: sarmiento51 (1340 in chips) 
Mahu2021: posts small blind 20
sarmiento51: posts big blind 40
*** HOLE CARDS ***
Dealt to Mahu2021 [7h 8h]
Mahu2021: calls 20
sarmiento51: raises 120 to 160
Mahu2021: folds 
Uncalled bet (120) returned to sarmiento51
sarmiento51 collected 80 from pot
sarmiento51: doesn't show hand 
*** SUMMARY ***
Total pot 80 | Rake 0 
Seat 1: Mahu2021 (button) (small blind) folded before Flop
Seat 3: sarmiento51 (big blind) collected (80)



PokerStars Hand #249701038657: Tournament #3735450315, $1.84+$0.16 USD Hold'em No Limit - Level III (20/40) - 2024/03/30 10:41:04 CET [2024/03/30 5:41:04 ET]
Table '3735450315 1' 3-max Seat #3 is the button
Seat 1: Mahu2021 (120 in chips) 
Seat 3: sarmiento51 (1380 in chips) 
sarmiento51: posts small blind 20
Mahu2021: posts big blind 40
*** HOLE CARDS ***
Dealt to Mahu2021 [7c 8c]
sarmiento51: calls 20
Mahu2021: raises 80 to 120 and is all-in
sarmiento51: folds 
Uncalled bet (80) returned to Mahu2021
Mahu2021 collected 80 from pot
Mahu2021: doesn't show hand 
*** SUMMARY ***
Total pot 80 | Rake 0 
Seat 1: Mahu2021 (big blind) collected (80)
Seat 3: sarmiento51 (button) (small blind) folded before Flop



PokerStars Hand #249701039756: Tournament #3735450315, $1.84+$0.16 USD Hold'em No Limit - Level III (20/40) - 2024/03/30 10:41:13 CET [2024/03/30 5:41:13 ET]
Table '3735450315 1' 3-max Seat #1 is the button
Seat 1: Mahu2021 (160 in chips) 
Seat 3: sarmiento51 (1340 in chips) 
Mahu2021: posts small blind 20
sarmiento51: posts big blind 40
*** HOLE CARDS ***
Dealt to Mahu2021 [7d 5c]
Mahu2021: folds 
Uncalled bet (20) returned to sarmiento51
sarmiento51 collected 40 from pot
sarmiento51: doesn't show hand 
*** SUMMARY ***
Total pot 40 | Rake 0 
Seat 1: Mahu2021 (button) (small blind) folded before Flop
Seat 3: sarmiento51 (big blind) collected (40)



PokerStars Hand #249701040235: Tournament #3735450315, $1.84+$0.16 USD Hold'em No Limit - Level III (20/40) - 2024/03/30 10:41:17 CET [2024/03/30 5:41:17 ET]
Table '3735450315 1' 3-max Seat #3 is the button
Seat 1: Mahu2021 (140 in chips) 
Seat 3: sarmiento51 (1360 in chips) 
sarmiento51: posts small blind 20
Mahu2021: posts big blind 40
*** HOLE CARDS ***
Dealt to Mahu2021 [2d Kh]
sarmiento51: calls 20
Mahu2021: raises 100 to 140 and is all-in
sarmiento51: folds 
Uncalled bet (100) returned to Mahu2021
Mahu2021 collected 80 from pot
Mahu2021: doesn't show hand 
*** SUMMARY ***
Total pot 80 | Rake 0 
Seat 1: Mahu2021 (big blind) collected (80)
Seat 3: sarmiento51 (button) (small blind) folded before Flop



PokerStars Hand #249701041798: Tournament #3735450315, $1.84+$0.16 USD Hold'em No Limit - Level III (20/40) - 2024/03/30 10:41:31 CET [2024/03/30 5:41:31 ET]
Table '3735450315 1' 3-max Seat #1 is the button
Seat 1: Mahu2021 (180 in chips) 
Seat 3: sarmiento51 (1320 in chips) 
Mahu2021: posts small blind 20
sarmiento51: posts big blind 40
*** HOLE CARDS ***
Dealt to Mahu2021 [Qh Jc]
Mahu2021: raises 140 to 180 and is all-in
sarmiento51: folds 
Uncalled bet (140) returned to Mahu2021
Mahu2021 collected 80 from pot
Mahu2021: doesn't show hand 
*** SUMMARY ***
Total pot 80 | Rake 0 
Seat 1: Mahu2021 (button) (small blind) collected (80)
Seat 3: sarmiento51 (big blind) folded before Flop



PokerStars Hand #249701043242: Tournament #3735450315, $1.84+$0.16 USD Hold'em No Limit - Level III (20/40) - 2024/03/30 10:41:43 CET [2024/03/30 5:41:43 ET]
Table '3735450315 1' 3-max Seat #3 is the button
Seat 1: Mahu2021 (220 in chips) 
Seat 3: sarmiento51 (1280 in chips) 
sarmiento51: posts small blind 20
Mahu2021: posts big blind 40
*** HOLE CARDS ***
Dealt to Mahu2021 [Qs 7s]
sarmiento51: calls 20
Mahu2021: checks 
*** FLOP *** [9d Qd 9c]
Mahu2021: checks 
sarmiento51: bets 40
Mahu2021: raises 40 to 80
sarmiento51: raises 240 to 320
Mahu2021: calls 100 and is all-in
Uncalled bet (140) returned to sarmiento51
*** TURN *** [9d Qd 9c] [7h]
*** RIVER *** [9d Qd 9c 7h] [8h]
*** SHOW DOWN ***
Mahu2021: shows [Qs 7s] (two pair, Queens and Nines)
sarmiento51: shows [8s 9h] (a full house, Nines full of Eights)
sarmiento51 collected 440 from pot
Mahu2021 finished the tournament in 2nd place
sarmiento51 wins the tournament and receives $10.00 - congratulations!
*** SUMMARY ***
Total pot 440 | Rake 0 
Board [9d Qd 9c 7h 8h]
Seat 1: Mahu2021 (big blind) showed [Qs 7s] and lost with two pair, Queens and Nines
Seat 3: sarmiento51 (button) (small blind) showed [8s 9h] and won (440) with a full house, Nines full of Eights



