PokerStars Hand #253269428816: Tournament #3820402648, $0.46+$0.04 USD Hold'em No Limit - Level I (10/20) - 2024/11/05 20:20:01 CET [2024/11/05 14:20:01 ET]
Table '3820402648 1' 3-max Seat #1 is the button
Seat 1: Mahu2021 (500 in chips) 
Seat 2: ApmapTadap (500 in chips) 
Seat 3: Pee0011 (500 in chips) 
ApmapTadap: posts small blind 10
Pee0011: posts big blind 20
*** HOLE CARDS ***
Dealt to Mahu2021 [Ks 8c]
Mahu2021: raises 20 to 40
ApmapTadap: raises 460 to 500 and is all-in
Pee0011: calls 480 and is all-in
Mahu2021: folds 
*** FLOP *** [Ac 4d Qs]
*** TURN *** [Ac 4d Qs] [8s]
*** RIVER *** [Ac 4d Qs 8s] [3d]
*** SHOW DOWN ***
ApmapTadap: shows [6h Tc] (high card Ace)
Pee0011: shows [2h 2s] (a pair of Deuces)
Pee0011 collected 1040 from pot
ApmapTadap finished the tournament in 3rd place
*** SUMMARY ***
Total pot 1040 | Rake 0 
Board [Ac 4d Qs 8s 3d]
Seat 1: Mahu2021 (button) folded before Flop
Seat 2: ApmapTadap (small blind) showed [6h Tc] and lost with high card Ace
Seat 3: Pee0011 (big blind) showed [2h 2s] and won (1040) with a pair of Deuces



PokerStars Hand #253269434955: Tournament #3820402648, $0.46+$0.04 USD Hold'em No Limit - Level I (10/20) - 2024/11/05 20:20:23 CET [2024/11/05 14:20:23 ET]
Table '3820402648 1' 3-max Seat #3 is the button
Seat 1: Mahu2021 (460 in chips) 
Seat 3: Pee0011 (1040 in chips) 
Pee0011: posts small blind 10
Mahu2021: posts big blind 20
*** HOLE CARDS ***
Dealt to Mahu2021 [5d 7s]
Pee0011: raises 1020 to 1040 and is all-in
Mahu2021: folds 
Uncalled bet (1020) returned to Pee0011
Pee0011 collected 40 from pot
*** SUMMARY ***
Total pot 40 | Rake 0 
Seat 1: Mahu2021 (big blind) folded before Flop
Seat 3: Pee0011 (button) (small blind) collected (40)



PokerStars Hand #253269437254: Tournament #3820402648, $0.46+$0.04 USD Hold'em No Limit - Level I (10/20) - 2024/11/05 20:20:31 CET [2024/11/05 14:20:31 ET]
Table '3820402648 1' 3-max Seat #1 is the button
Seat 1: Mahu2021 (440 in chips) 
Seat 3: Pee0011 (1060 in chips) 
Mahu2021: posts small blind 10
Pee0011: posts big blind 20
*** HOLE CARDS ***
Dealt to Mahu2021 [Th Js]
Mahu2021: raises 20 to 40
Pee0011: raises 1020 to 1060 and is all-in
Mahu2021: folds 
Uncalled bet (1020) returned to Pee0011
Pee0011 collected 80 from pot
*** SUMMARY ***
Total pot 80 | Rake 0 
Seat 1: Mahu2021 (button) (small blind) folded before Flop
Seat 3: Pee0011 (big blind) collected (80)



PokerStars Hand #253269440141: Tournament #3820402648, $0.46+$0.04 USD Hold'em No Limit - Level I (10/20) - 2024/11/05 20:20:41 CET [2024/11/05 14:20:41 ET]
Table '3820402648 1' 3-max Seat #3 is the button
Seat 1: Mahu2021 (400 in chips) 
Seat 3: Pee0011 (1100 in chips) 
Pee0011: posts small blind 10
Mahu2021: posts big blind 20
*** HOLE CARDS ***
Dealt to Mahu2021 [Js 2s]
Pee0011: raises 1080 to 1100 and is all-in
Mahu2021: folds 
Uncalled bet (1080) returned to Pee0011
Pee0011 collected 40 from pot
*** SUMMARY ***
Total pot 40 | Rake 0 
Seat 1: Mahu2021 (big blind) folded before Flop
Seat 3: Pee0011 (button) (small blind) collected (40)



PokerStars Hand #253269442055: Tournament #3820402648, $0.46+$0.04 USD Hold'em No Limit - Level I (10/20) - 2024/11/05 20:20:48 CET [2024/11/05 14:20:48 ET]
Table '3820402648 1' 3-max Seat #1 is the button
Seat 1: Mahu2021 (380 in chips) 
Seat 3: Pee0011 (1120 in chips) 
Mahu2021: posts small blind 10
Pee0011: posts big blind 20
*** HOLE CARDS ***
Dealt to Mahu2021 [4s Qh]
Mahu2021: folds 
Uncalled bet (10) returned to Pee0011
Pee0011 collected 20 from pot
*** SUMMARY ***
Total pot 20 | Rake 0 
Seat 1: Mahu2021 (button) (small blind) folded before Flop
Seat 3: Pee0011 (big blind) collected (20)



PokerStars Hand #253269443376: Tournament #3820402648, $0.46+$0.04 USD Hold'em No Limit - Level I (10/20) - 2024/11/05 20:20:53 CET [2024/11/05 14:20:53 ET]
Table '3820402648 1' 3-max Seat #3 is the button
Seat 1: Mahu2021 (370 in chips) 
Seat 3: Pee0011 (1130 in chips) 
Pee0011: posts small blind 10
Mahu2021: posts big blind 20
*** HOLE CARDS ***
Dealt to Mahu2021 [7s 6c]
Pee0011: calls 10
Mahu2021: checks 
*** FLOP *** [3s Ah Ks]
Mahu2021: checks 
Pee0011: checks 
*** TURN *** [3s Ah Ks] [9d]
Mahu2021: checks 
Pee0011: checks 
*** RIVER *** [3s Ah Ks 9d] [9h]
Mahu2021: checks 
Pee0011: checks 
*** SHOW DOWN ***
Mahu2021: shows [7s 6c] (a pair of Nines)
Pee0011: shows [8s 6h] (a pair of Nines - Ace+King+Eight kicker)
Pee0011 collected 40 from pot
*** SUMMARY ***
Total pot 40 | Rake 0 
Board [3s Ah Ks 9d 9h]
Seat 1: Mahu2021 (big blind) showed [7s 6c] and lost with a pair of Nines
Seat 3: Pee0011 (button) (small blind) showed [8s 6h] and won (40) with a pair of Nines



PokerStars Hand #253269447458: Tournament #3820402648, $0.46+$0.04 USD Hold'em No Limit - Level I (10/20) - 2024/11/05 20:21:07 CET [2024/11/05 14:21:07 ET]
Table '3820402648 1' 3-max Seat #1 is the button
Seat 1: Mahu2021 (350 in chips) 
Seat 3: Pee0011 (1150 in chips) 
Mahu2021: posts small blind 10
Pee0011: posts big blind 20
*** HOLE CARDS ***
Dealt to Mahu2021 [3h 9h]
Mahu2021: folds 
Uncalled bet (10) returned to Pee0011
Pee0011 collected 20 from pot
*** SUMMARY ***
Total pot 20 | Rake 0 
Seat 1: Mahu2021 (button) (small blind) folded before Flop
Seat 3: Pee0011 (big blind) collected (20)



PokerStars Hand #253269448715: Tournament #3820402648, $0.46+$0.04 USD Hold'em No Limit - Level I (10/20) - 2024/11/05 20:21:12 CET [2024/11/05 14:21:12 ET]
Table '3820402648 1' 3-max Seat #3 is the button
Seat 1: Mahu2021 (340 in chips) 
Seat 3: Pee0011 (1160 in chips) 
Pee0011: posts small blind 10
Mahu2021: posts big blind 20
*** HOLE CARDS ***
Dealt to Mahu2021 [6c 9d]
Pee0011: raises 1140 to 1160 and is all-in
Mahu2021: folds 
Uncalled bet (1140) returned to Pee0011
Pee0011 collected 40 from pot
*** SUMMARY ***
Total pot 40 | Rake 0 
Seat 1: Mahu2021 (big blind) folded before Flop
Seat 3: Pee0011 (button) (small blind) collected (40)



PokerStars Hand #253269450690: Tournament #3820402648, $0.46+$0.04 USD Hold'em No Limit - Level I (10/20) - 2024/11/05 20:21:19 CET [2024/11/05 14:21:19 ET]
Table '3820402648 1' 3-max Seat #1 is the button
Seat 1: Mahu2021 (320 in chips) 
Seat 3: Pee0011 (1180 in chips) 
Mahu2021: posts small blind 10
Pee0011: posts big blind 20
*** HOLE CARDS ***
Dealt to Mahu2021 [3c 6s]
Mahu2021: folds 
Uncalled bet (10) returned to Pee0011
Pee0011 collected 20 from pot
*** SUMMARY ***
Total pot 20 | Rake 0 
Seat 1: Mahu2021 (button) (small blind) folded before Flop
Seat 3: Pee0011 (big blind) collected (20)



PokerStars Hand #253269451880: Tournament #3820402648, $0.46+$0.04 USD Hold'em No Limit - Level I (10/20) - 2024/11/05 20:21:23 CET [2024/11/05 14:21:23 ET]
Table '3820402648 1' 3-max Seat #3 is the button
Seat 1: Mahu2021 (310 in chips) 
Seat 3: Pee0011 (1190 in chips) 
Pee0011: posts small blind 10
Mahu2021: posts big blind 20
*** HOLE CARDS ***
Dealt to Mahu2021 [Qs 7c]
Pee0011: calls 10
Mahu2021: raises 290 to 310 and is all-in
Pee0011: calls 290
*** FLOP *** [2s Ac 7d]
*** TURN *** [2s Ac 7d] [Td]
*** RIVER *** [2s Ac 7d Td] [Qc]
*** SHOW DOWN ***
Mahu2021: shows [Qs 7c] (two pair, Queens and Sevens)
Pee0011: shows [Kd 4d] (high card Ace)
Mahu2021 collected 620 from pot
*** SUMMARY ***
Total pot 620 | Rake 0 
Board [2s Ac 7d Td Qc]
Seat 1: Mahu2021 (big blind) showed [Qs 7c] and won (620) with two pair, Queens and Sevens
Seat 3: Pee0011 (button) (small blind) showed [Kd 4d] and lost with high card Ace



PokerStars Hand #253269456276: Tournament #3820402648, $0.46+$0.04 USD Hold'em No Limit - Level I (10/20) - 2024/11/05 20:21:39 CET [2024/11/05 14:21:39 ET]
Table '3820402648 1' 3-max Seat #1 is the button
Seat 1: Mahu2021 (620 in chips) 
Seat 3: Pee0011 (880 in chips) 
Mahu2021: posts small blind 10
Pee0011: posts big blind 20
*** HOLE CARDS ***
Dealt to Mahu2021 [4d 6h]
Mahu2021: folds 
Uncalled bet (10) returned to Pee0011
Pee0011 collected 20 from pot
*** SUMMARY ***
Total pot 20 | Rake 0 
Seat 1: Mahu2021 (button) (small blind) folded before Flop
Seat 3: Pee0011 (big blind) collected (20)



PokerStars Hand #253269457579: Tournament #3820402648, $0.46+$0.04 USD Hold'em No Limit - Level I (10/20) - 2024/11/05 20:21:43 CET [2024/11/05 14:21:43 ET]
Table '3820402648 1' 3-max Seat #3 is the button
Seat 1: Mahu2021 (610 in chips) 
Seat 3: Pee0011 (890 in chips) 
Pee0011: posts small blind 10
Mahu2021: posts big blind 20
*** HOLE CARDS ***
Dealt to Mahu2021 [Qs 8c]
Pee0011: raises 870 to 890 and is all-in
Mahu2021: folds 
Uncalled bet (870) returned to Pee0011
Pee0011 collected 40 from pot
*** SUMMARY ***
Total pot 40 | Rake 0 
Seat 1: Mahu2021 (big blind) folded before Flop
Seat 3: Pee0011 (button) (small blind) collected (40)



PokerStars Hand #253269459536: Tournament #3820402648, $0.46+$0.04 USD Hold'em No Limit - Level I (10/20) - 2024/11/05 20:21:50 CET [2024/11/05 14:21:50 ET]
Table '3820402648 1' 3-max Seat #1 is the button
Seat 1: Mahu2021 (590 in chips) 
Seat 3: Pee0011 (910 in chips) 
Mahu2021: posts small blind 10
Pee0011: posts big blind 20
*** HOLE CARDS ***
Dealt to Mahu2021 [Ah 5s]
Mahu2021: raises 20 to 40
Pee0011: raises 870 to 910 and is all-in
Mahu2021: calls 550 and is all-in
Uncalled bet (320) returned to Pee0011
*** FLOP *** [Td Jc 2s]
*** TURN *** [Td Jc 2s] [Ks]
*** RIVER *** [Td Jc 2s Ks] [Qd]
*** SHOW DOWN ***
Pee0011: shows [4h 6c] (high card King)
Mahu2021: shows [Ah 5s] (a straight, Ten to Ace)
Mahu2021 collected 1180 from pot
*** SUMMARY ***
Total pot 1180 | Rake 0 
Board [Td Jc 2s Ks Qd]
Seat 1: Mahu2021 (button) (small blind) showed [Ah 5s] and won (1180) with a straight, Ten to Ace
Seat 3: Pee0011 (big blind) showed [4h 6c] and lost with high card King



PokerStars Hand #253269464272: Tournament #3820402648, $0.46+$0.04 USD Hold'em No Limit - Level II (15/30) - 2024/11/05 20:22:07 CET [2024/11/05 14:22:07 ET]
Table '3820402648 1' 3-max Seat #3 is the button
Seat 1: Mahu2021 (1180 in chips) 
Seat 3: Pee0011 (320 in chips) 
Pee0011: posts small blind 15
Mahu2021: posts big blind 30
*** HOLE CARDS ***
Dealt to Mahu2021 [5d 5c]
Pee0011: raises 290 to 320 and is all-in
Mahu2021: calls 290
*** FLOP *** [7s 4d 6h]
*** TURN *** [7s 4d 6h] [4s]
*** RIVER *** [7s 4d 6h 4s] [9s]
*** SHOW DOWN ***
Mahu2021: shows [5d 5c] (two pair, Fives and Fours)
Pee0011: shows [Qc 7c] (two pair, Sevens and Fours)
Pee0011 collected 640 from pot
*** SUMMARY ***
Total pot 640 | Rake 0 
Board [7s 4d 6h 4s 9s]
Seat 1: Mahu2021 (big blind) showed [5d 5c] and lost with two pair, Fives and Fours
Seat 3: Pee0011 (button) (small blind) showed [Qc 7c] and won (640) with two pair, Sevens and Fours



PokerStars Hand #253269467804: Tournament #3820402648, $0.46+$0.04 USD Hold'em No Limit - Level II (15/30) - 2024/11/05 20:22:20 CET [2024/11/05 14:22:20 ET]
Table '3820402648 1' 3-max Seat #1 is the button
Seat 1: Mahu2021 (860 in chips) 
Seat 3: Pee0011 (640 in chips) 
Mahu2021: posts small blind 15
Pee0011: posts big blind 30
*** HOLE CARDS ***
Dealt to Mahu2021 [4c 7c]
Mahu2021: folds 
Uncalled bet (15) returned to Pee0011
Pee0011 collected 30 from pot
*** SUMMARY ***
Total pot 30 | Rake 0 
Seat 1: Mahu2021 (button) (small blind) folded before Flop
Seat 3: Pee0011 (big blind) collected (30)



PokerStars Hand #253269469057: Tournament #3820402648, $0.46+$0.04 USD Hold'em No Limit - Level II (15/30) - 2024/11/05 20:22:24 CET [2024/11/05 14:22:24 ET]
Table '3820402648 1' 3-max Seat #3 is the button
Seat 1: Mahu2021 (845 in chips) 
Seat 3: Pee0011 (655 in chips) 
Pee0011: posts small blind 15
Mahu2021: posts big blind 30
*** HOLE CARDS ***
Dealt to Mahu2021 [9s 3h]
Pee0011: calls 15
Mahu2021: checks 
*** FLOP *** [7d Kc Ad]
Mahu2021: checks 
Pee0011: bets 625 and is all-in
Mahu2021: folds 
Uncalled bet (625) returned to Pee0011
Pee0011 collected 60 from pot
*** SUMMARY ***
Total pot 60 | Rake 0 
Board [7d Kc Ad]
Seat 1: Mahu2021 (big blind) folded on the Flop
Seat 3: Pee0011 (button) (small blind) collected (60)



PokerStars Hand #253269472101: Tournament #3820402648, $0.46+$0.04 USD Hold'em No Limit - Level II (15/30) - 2024/11/05 20:22:35 CET [2024/11/05 14:22:35 ET]
Table '3820402648 1' 3-max Seat #1 is the button
Seat 1: Mahu2021 (815 in chips) 
Seat 3: Pee0011 (685 in chips) 
Mahu2021: posts small blind 15
Pee0011: posts big blind 30
*** HOLE CARDS ***
Dealt to Mahu2021 [5h 9d]
Mahu2021: folds 
Uncalled bet (15) returned to Pee0011
Pee0011 collected 30 from pot
*** SUMMARY ***
Total pot 30 | Rake 0 
Seat 1: Mahu2021 (button) (small blind) folded before Flop
Seat 3: Pee0011 (big blind) collected (30)



PokerStars Hand #253269473385: Tournament #3820402648, $0.46+$0.04 USD Hold'em No Limit - Level II (15/30) - 2024/11/05 20:22:39 CET [2024/11/05 14:22:39 ET]
Table '3820402648 1' 3-max Seat #3 is the button
Seat 1: Mahu2021 (800 in chips) 
Seat 3: Pee0011 (700 in chips) 
Pee0011: posts small blind 15
Mahu2021: posts big blind 30
*** HOLE CARDS ***
Dealt to Mahu2021 [Ks 6s]
Pee0011: calls 15
Mahu2021: raises 770 to 800 and is all-in
Pee0011: calls 670 and is all-in
Uncalled bet (100) returned to Mahu2021
*** FLOP *** [8s Kd 9h]
*** TURN *** [8s Kd 9h] [5c]
*** RIVER *** [8s Kd 9h 5c] [6h]
*** SHOW DOWN ***
Mahu2021: shows [Ks 6s] (two pair, Kings and Sixes)
Pee0011: shows [7s 8d] (a straight, Five to Nine)
Pee0011 collected 1400 from pot
*** SUMMARY ***
Total pot 1400 | Rake 0 
Board [8s Kd 9h 5c 6h]
Seat 1: Mahu2021 (big blind) showed [Ks 6s] and lost with two pair, Kings and Sixes
Seat 3: Pee0011 (button) (small blind) showed [7s 8d] and won (1400) with a straight, Five to Nine



PokerStars Hand #253269477561: Tournament #3820402648, $0.46+$0.04 USD Hold'em No Limit - Level II (15/30) - 2024/11/05 20:22:54 CET [2024/11/05 14:22:54 ET]
Table '3820402648 1' 3-max Seat #1 is the button
Seat 1: Mahu2021 (100 in chips) 
Seat 3: Pee0011 (1400 in chips) 
Mahu2021: posts small blind 15
Pee0011: posts big blind 30
*** HOLE CARDS ***
Dealt to Mahu2021 [4s Ac]
Mahu2021: raises 70 to 100 and is all-in
Pee0011: calls 70
*** FLOP *** [9d 7s 3s]
*** TURN *** [9d 7s 3s] [Ks]
*** RIVER *** [9d 7s 3s Ks] [5h]
*** SHOW DOWN ***
Pee0011: shows [Kd 6h] (a pair of Kings)
Mahu2021: shows [4s Ac] (high card Ace)
Pee0011 collected 200 from pot
Mahu2021 finished the tournament in 2nd place
Pee0011 wins the tournament - congratulations!
Pee0011 wins a '$1.00 Power Path Step 2 Ticket' ticket
*** SUMMARY ***
Total pot 200 | Rake 0 
Board [9d 7s 3s Ks 5h]
Seat 1: Mahu2021 (button) (small blind) showed [4s Ac] and lost with high card Ace
Seat 3: Pee0011 (big blind) showed [Kd 6h] and won (200) with a pair of Kings



