PokerStars Hand #242916374112: Tournament #3572954807, $0.92+$0.08 USD Hold'em No Limit - Level I (10/20) - 2023/04/06 10:25:06 CET [2023/04/06 4:25:06 ET]
Table '3572954807 1' 3-max Seat #1 is the button
Seat 1: BennyHenkman (500 in chips) 
Seat 2: Lalune500 (500 in chips) 
Seat 3: Mahu2021 (500 in chips) 
Lalune500: posts small blind 10
Mahu2021: posts big blind 20
*** HOLE CARDS ***
Dealt to Mahu2021 [Jd 4c]
BennyHenkman: folds 
Lalune500: calls 10
Mahu2021: checks 
*** FLOP *** [6d Ah Kh]
Lalune500: checks 
Mahu2021: bets 20
Lalune500: folds 
Uncalled bet (20) returned to Mahu2021
Mahu2021 collected 40 from pot
Mahu2021: doesn't show hand 
*** SUMMARY ***
Total pot 40 | Rake 0 
Board [6d Ah Kh]
Seat 1: BennyHenkman (button) folded before Flop (didn't bet)
Seat 2: Lalune500 (small blind) folded on the Flop
Seat 3: Mahu2021 (big blind) collected (40)



PokerStars Hand #242916376313: Tournament #3572954807, $0.92+$0.08 USD Hold'em No Limit - Level I (10/20) - 2023/04/06 10:25:23 CET [2023/04/06 4:25:23 ET]
Table '3572954807 1' 3-max Seat #2 is the button
Seat 1: BennyHenkman (500 in chips) 
Seat 2: Lalune500 (480 in chips) 
Seat 3: Mahu2021 (520 in chips) 
Mahu2021: posts small blind 10
BennyHenkman: posts big blind 20
*** HOLE CARDS ***
Dealt to Mahu2021 [2d 3s]
Lalune500: calls 20
Mahu2021: folds 
BennyHenkman: checks 
*** FLOP *** [Js Qh As]
BennyHenkman: checks 
Lalune500: bets 50
BennyHenkman: folds 
Uncalled bet (50) returned to Lalune500
Lalune500 collected 50 from pot
*** SUMMARY ***
Total pot 50 | Rake 0 
Board [Js Qh As]
Seat 1: BennyHenkman (big blind) folded on the Flop
Seat 2: Lalune500 (button) collected (50)
Seat 3: Mahu2021 (small blind) folded before Flop



PokerStars Hand #242916378367: Tournament #3572954807, $0.92+$0.08 USD Hold'em No Limit - Level I (10/20) - 2023/04/06 10:25:39 CET [2023/04/06 4:25:39 ET]
Table '3572954807 1' 3-max Seat #3 is the button
Seat 1: BennyHenkman (480 in chips) 
Seat 2: Lalune500 (510 in chips) 
Seat 3: Mahu2021 (510 in chips) 
BennyHenkman: posts small blind 10
Lalune500: posts big blind 20
*** HOLE CARDS ***
Dealt to Mahu2021 [8s 6h]
Mahu2021: folds 
BennyHenkman: folds 
Uncalled bet (10) returned to Lalune500
Lalune500 collected 20 from pot
*** SUMMARY ***
Total pot 20 | Rake 0 
Seat 1: BennyHenkman (small blind) folded before Flop
Seat 2: Lalune500 (big blind) collected (20)
Seat 3: Mahu2021 (button) folded before Flop (didn't bet)



PokerStars Hand #242916379183: Tournament #3572954807, $0.92+$0.08 USD Hold'em No Limit - Level I (10/20) - 2023/04/06 10:25:45 CET [2023/04/06 4:25:45 ET]
Table '3572954807 1' 3-max Seat #1 is the button
Seat 1: BennyHenkman (470 in chips) 
Seat 2: Lalune500 (520 in chips) 
Seat 3: Mahu2021 (510 in chips) 
Lalune500: posts small blind 10
Mahu2021: posts big blind 20
*** HOLE CARDS ***
Dealt to Mahu2021 [4d Qc]
BennyHenkman: folds 
Lalune500: calls 10
Mahu2021: checks 
*** FLOP *** [9h Jc 6c]
Lalune500: checks 
Mahu2021: bets 20
Lalune500: folds 
Uncalled bet (20) returned to Mahu2021
Mahu2021 collected 40 from pot
Mahu2021: doesn't show hand 
*** SUMMARY ***
Total pot 40 | Rake 0 
Board [9h Jc 6c]
Seat 1: BennyHenkman (button) folded before Flop (didn't bet)
Seat 2: Lalune500 (small blind) folded on the Flop
Seat 3: Mahu2021 (big blind) collected (40)



PokerStars Hand #242916383431: Tournament #3572954807, $0.92+$0.08 USD Hold'em No Limit - Level I (10/20) - 2023/04/06 10:26:18 CET [2023/04/06 4:26:18 ET]
Table '3572954807 1' 3-max Seat #2 is the button
Seat 1: BennyHenkman (470 in chips) 
Seat 2: Lalune500 (500 in chips) 
Seat 3: Mahu2021 (530 in chips) 
Mahu2021: posts small blind 10
BennyHenkman: posts big blind 20
*** HOLE CARDS ***
Dealt to Mahu2021 [5d Qh]
Lalune500: folds 
Mahu2021: folds 
Uncalled bet (10) returned to BennyHenkman
BennyHenkman collected 20 from pot
*** SUMMARY ***
Total pot 20 | Rake 0 
Seat 1: BennyHenkman (big blind) collected (20)
Seat 2: Lalune500 (button) folded before Flop (didn't bet)
Seat 3: Mahu2021 (small blind) folded before Flop



PokerStars Hand #242916384861: Tournament #3572954807, $0.92+$0.08 USD Hold'em No Limit - Level I (10/20) - 2023/04/06 10:26:30 CET [2023/04/06 4:26:30 ET]
Table '3572954807 1' 3-max Seat #3 is the button
Seat 1: BennyHenkman (480 in chips) 
Seat 2: Lalune500 (500 in chips) 
Seat 3: Mahu2021 (520 in chips) 
BennyHenkman: posts small blind 10
Lalune500: posts big blind 20
*** HOLE CARDS ***
Dealt to Mahu2021 [Kc Jd]
Mahu2021: raises 20 to 40
BennyHenkman: folds 
Lalune500: folds 
Uncalled bet (20) returned to Mahu2021
Mahu2021 collected 50 from pot
Mahu2021: doesn't show hand 
*** SUMMARY ***
Total pot 50 | Rake 0 
Seat 1: BennyHenkman (small blind) folded before Flop
Seat 2: Lalune500 (big blind) folded before Flop
Seat 3: Mahu2021 (button) collected (50)



PokerStars Hand #242916385736: Tournament #3572954807, $0.92+$0.08 USD Hold'em No Limit - Level I (10/20) - 2023/04/06 10:26:37 CET [2023/04/06 4:26:37 ET]
Table '3572954807 1' 3-max Seat #1 is the button
Seat 1: BennyHenkman (470 in chips) 
Seat 2: Lalune500 (480 in chips) 
Seat 3: Mahu2021 (550 in chips) 
Lalune500: posts small blind 10
Mahu2021: posts big blind 20
*** HOLE CARDS ***
Dealt to Mahu2021 [8d 4s]
BennyHenkman: folds 
Lalune500: calls 10
Mahu2021: checks 
*** FLOP *** [Qh Tc Ah]
Lalune500: bets 20
Mahu2021: folds 
Uncalled bet (20) returned to Lalune500
Lalune500 collected 40 from pot
*** SUMMARY ***
Total pot 40 | Rake 0 
Board [Qh Tc Ah]
Seat 1: BennyHenkman (button) folded before Flop (didn't bet)
Seat 2: Lalune500 (small blind) collected (40)
Seat 3: Mahu2021 (big blind) folded on the Flop



PokerStars Hand #242916387155: Tournament #3572954807, $0.92+$0.08 USD Hold'em No Limit - Level I (10/20) - 2023/04/06 10:26:48 CET [2023/04/06 4:26:48 ET]
Table '3572954807 1' 3-max Seat #2 is the button
Seat 1: BennyHenkman (470 in chips) 
Seat 2: Lalune500 (500 in chips) 
Seat 3: Mahu2021 (530 in chips) 
Mahu2021: posts small blind 10
BennyHenkman: posts big blind 20
*** HOLE CARDS ***
Dealt to Mahu2021 [5c Qc]
Lalune500: calls 20
Mahu2021: calls 10
BennyHenkman: checks 
*** FLOP *** [6c Kc 8s]
Mahu2021: bets 20
BennyHenkman: folds 
Lalune500: calls 20
*** TURN *** [6c Kc 8s] [Ac]
Mahu2021: checks 
Lalune500: checks 
*** RIVER *** [6c Kc 8s Ac] [5d]
Mahu2021: bets 40
Lalune500: calls 40
*** SHOW DOWN ***
Mahu2021: shows [5c Qc] (a flush, Ace high)
Lalune500: mucks hand 
Mahu2021 collected 180 from pot
*** SUMMARY ***
Total pot 180 | Rake 0 
Board [6c Kc 8s Ac 5d]
Seat 1: BennyHenkman (big blind) folded on the Flop
Seat 2: Lalune500 (button) mucked [7h 7d]
Seat 3: Mahu2021 (small blind) showed [5c Qc] and won (180) with a flush, Ace high



PokerStars Hand #242916391357: Tournament #3572954807, $0.92+$0.08 USD Hold'em No Limit - Level II (15/30) - 2023/04/06 10:27:20 CET [2023/04/06 4:27:20 ET]
Table '3572954807 1' 3-max Seat #3 is the button
Seat 1: BennyHenkman (450 in chips) 
Seat 2: Lalune500 (420 in chips) 
Seat 3: Mahu2021 (630 in chips) 
BennyHenkman: posts small blind 15
Lalune500: posts big blind 30
*** HOLE CARDS ***
Dealt to Mahu2021 [7c Ad]
Mahu2021: raises 30 to 60
BennyHenkman: folds 
Lalune500: folds 
Uncalled bet (30) returned to Mahu2021
Mahu2021 collected 75 from pot
Mahu2021: doesn't show hand 
*** SUMMARY ***
Total pot 75 | Rake 0 
Seat 1: BennyHenkman (small blind) folded before Flop
Seat 2: Lalune500 (big blind) folded before Flop
Seat 3: Mahu2021 (button) collected (75)



PokerStars Hand #242916392450: Tournament #3572954807, $0.92+$0.08 USD Hold'em No Limit - Level II (15/30) - 2023/04/06 10:27:29 CET [2023/04/06 4:27:29 ET]
Table '3572954807 1' 3-max Seat #1 is the button
Seat 1: BennyHenkman (435 in chips) 
Seat 2: Lalune500 (390 in chips) 
Seat 3: Mahu2021 (675 in chips) 
Lalune500: posts small blind 15
Mahu2021: posts big blind 30
*** HOLE CARDS ***
Dealt to Mahu2021 [Kh Jh]
BennyHenkman: raises 30 to 60
Lalune500: calls 45
Mahu2021: calls 30
*** FLOP *** [6c 3h Qh]
Lalune500: checks 
Mahu2021: checks 
BennyHenkman: bets 90
Lalune500: folds 
Mahu2021: raises 525 to 615 and is all-in
BennyHenkman: folds 
Uncalled bet (525) returned to Mahu2021
Mahu2021 collected 360 from pot
Mahu2021: doesn't show hand 
*** SUMMARY ***
Total pot 360 | Rake 0 
Board [6c 3h Qh]
Seat 1: BennyHenkman (button) folded on the Flop
Seat 2: Lalune500 (small blind) folded on the Flop
Seat 3: Mahu2021 (big blind) collected (360)



PokerStars Hand #242916398202: Tournament #3572954807, $0.92+$0.08 USD Hold'em No Limit - Level II (15/30) - 2023/04/06 10:28:14 CET [2023/04/06 4:28:14 ET]
Table '3572954807 1' 3-max Seat #2 is the button
Seat 1: BennyHenkman (285 in chips) 
Seat 2: Lalune500 (330 in chips) 
Seat 3: Mahu2021 (885 in chips) 
Mahu2021: posts small blind 15
BennyHenkman: posts big blind 30
*** HOLE CARDS ***
Dealt to Mahu2021 [2d Kh]
Lalune500: folds 
Mahu2021: folds 
Uncalled bet (15) returned to BennyHenkman
BennyHenkman collected 30 from pot
*** SUMMARY ***
Total pot 30 | Rake 0 
Seat 1: BennyHenkman (big blind) collected (30)
Seat 2: Lalune500 (button) folded before Flop (didn't bet)
Seat 3: Mahu2021 (small blind) folded before Flop



PokerStars Hand #242916399197: Tournament #3572954807, $0.92+$0.08 USD Hold'em No Limit - Level II (15/30) - 2023/04/06 10:28:22 CET [2023/04/06 4:28:22 ET]
Table '3572954807 1' 3-max Seat #3 is the button
Seat 1: BennyHenkman (300 in chips) 
Seat 2: Lalune500 (330 in chips) 
Seat 3: Mahu2021 (870 in chips) 
BennyHenkman: posts small blind 15
Lalune500: posts big blind 30
*** HOLE CARDS ***
Dealt to Mahu2021 [5d 8c]
Mahu2021: folds 
BennyHenkman: calls 15
Lalune500: checks 
*** FLOP *** [3s 6d 9d]
BennyHenkman: checks 
Lalune500: checks 
*** TURN *** [3s 6d 9d] [4d]
BennyHenkman: checks 
Lalune500: checks 
*** RIVER *** [3s 6d 9d 4d] [3d]
BennyHenkman: bets 60
Lalune500: calls 60
*** SHOW DOWN ***
BennyHenkman: shows [Jd Tc] (a flush, Jack high)
Lalune500: shows [Qd Js] (a flush, Queen high)
Lalune500 collected 180 from pot
*** SUMMARY ***
Total pot 180 | Rake 0 
Board [3s 6d 9d 4d 3d]
Seat 1: BennyHenkman (small blind) showed [Jd Tc] and lost with a flush, Jack high
Seat 2: Lalune500 (big blind) showed [Qd Js] and won (180) with a flush, Queen high
Seat 3: Mahu2021 (button) folded before Flop (didn't bet)



PokerStars Hand #242916401913: Tournament #3572954807, $0.92+$0.08 USD Hold'em No Limit - Level II (15/30) - 2023/04/06 10:28:42 CET [2023/04/06 4:28:42 ET]
Table '3572954807 1' 3-max Seat #1 is the button
Seat 1: BennyHenkman (210 in chips) 
Seat 2: Lalune500 (420 in chips) 
Seat 3: Mahu2021 (870 in chips) 
Lalune500: posts small blind 15
Mahu2021: posts big blind 30
*** HOLE CARDS ***
Dealt to Mahu2021 [3h 6s]
BennyHenkman: raises 30 to 60
Lalune500: calls 45
Mahu2021: calls 30
*** FLOP *** [Qd Kc 4h]
Lalune500: checks 
Mahu2021: checks 
BennyHenkman: checks 
*** TURN *** [Qd Kc 4h] [7h]
Lalune500: checks 
Mahu2021: checks 
BennyHenkman: bets 60
Lalune500: calls 60
Mahu2021: folds 
*** RIVER *** [Qd Kc 4h 7h] [6d]
Lalune500: checks 
BennyHenkman: bets 90 and is all-in
Lalune500: calls 90
*** SHOW DOWN ***
BennyHenkman: shows [Kd Ks] (three of a kind, Kings)
Lalune500: shows [Th Qc] (a pair of Queens)
BennyHenkman collected 480 from pot
*** SUMMARY ***
Total pot 480 | Rake 0 
Board [Qd Kc 4h 7h 6d]
Seat 1: BennyHenkman (button) showed [Kd Ks] and won (480) with three of a kind, Kings
Seat 2: Lalune500 (small blind) showed [Th Qc] and lost with a pair of Queens
Seat 3: Mahu2021 (big blind) folded on the Turn



PokerStars Hand #242916407359: Tournament #3572954807, $0.92+$0.08 USD Hold'em No Limit - Level III (20/40) - 2023/04/06 10:29:25 CET [2023/04/06 4:29:25 ET]
Table '3572954807 1' 3-max Seat #2 is the button
Seat 1: BennyHenkman (480 in chips) 
Seat 2: Lalune500 (210 in chips) 
Seat 3: Mahu2021 (810 in chips) 
Mahu2021: posts small blind 20
BennyHenkman: posts big blind 40
*** HOLE CARDS ***
Dealt to Mahu2021 [Jc Js]
Lalune500: raises 40 to 80
Mahu2021: raises 730 to 810 and is all-in
BennyHenkman: folds 
Lalune500: calls 130 and is all-in
Uncalled bet (600) returned to Mahu2021
*** FLOP *** [5c Jh 5s]
*** TURN *** [5c Jh 5s] [9d]
*** RIVER *** [5c Jh 5s 9d] [Ts]
*** SHOW DOWN ***
Mahu2021: shows [Jc Js] (a full house, Jacks full of Fives)
Lalune500: shows [Td Kd] (two pair, Tens and Fives)
Mahu2021 collected 460 from pot
Lalune500 finished the tournament in 3rd place
*** SUMMARY ***
Total pot 460 | Rake 0 
Board [5c Jh 5s 9d Ts]
Seat 1: BennyHenkman (big blind) folded before Flop
Seat 2: Lalune500 (button) showed [Td Kd] and lost with two pair, Tens and Fives
Seat 3: Mahu2021 (small blind) showed [Jc Js] and won (460) with a full house, Jacks full of Fives



PokerStars Hand #242916410269: Tournament #3572954807, $0.92+$0.08 USD Hold'em No Limit - Level III (20/40) - 2023/04/06 10:29:48 CET [2023/04/06 4:29:48 ET]
Table '3572954807 1' 3-max Seat #1 is the button
Seat 1: BennyHenkman (440 in chips) 
Seat 3: Mahu2021 (1060 in chips) 
BennyHenkman: posts small blind 20
Mahu2021: posts big blind 40
*** HOLE CARDS ***
Dealt to Mahu2021 [Tc Jh]
BennyHenkman: folds 
Uncalled bet (20) returned to Mahu2021
Mahu2021 collected 40 from pot
Mahu2021: doesn't show hand 
*** SUMMARY ***
Total pot 40 | Rake 0 
Seat 1: BennyHenkman (button) (small blind) folded before Flop
Seat 3: Mahu2021 (big blind) collected (40)



PokerStars Hand #242916410822: Tournament #3572954807, $0.92+$0.08 USD Hold'em No Limit - Level III (20/40) - 2023/04/06 10:29:52 CET [2023/04/06 4:29:52 ET]
Table '3572954807 1' 3-max Seat #3 is the button
Seat 1: BennyHenkman (420 in chips) 
Seat 3: Mahu2021 (1080 in chips) 
Mahu2021: posts small blind 20
BennyHenkman: posts big blind 40
*** HOLE CARDS ***
Dealt to Mahu2021 [Tc Kc]
Mahu2021: raises 40 to 80
BennyHenkman: calls 40
*** FLOP *** [Ah 7d As]
BennyHenkman: checks 
Mahu2021: checks 
*** TURN *** [Ah 7d As] [3c]
BennyHenkman: checks 
Mahu2021: checks 
*** RIVER *** [Ah 7d As 3c] [Th]
BennyHenkman: bets 40
Mahu2021: calls 40
*** SHOW DOWN ***
BennyHenkman: shows [Qh 9h] (a pair of Aces)
Mahu2021: shows [Tc Kc] (two pair, Aces and Tens)
Mahu2021 collected 240 from pot
*** SUMMARY ***
Total pot 240 | Rake 0 
Board [Ah 7d As 3c Th]
Seat 1: BennyHenkman (big blind) showed [Qh 9h] and lost with a pair of Aces
Seat 3: Mahu2021 (button) (small blind) showed [Tc Kc] and won (240) with two pair, Aces and Tens



PokerStars Hand #242916412881: Tournament #3572954807, $0.92+$0.08 USD Hold'em No Limit - Level III (20/40) - 2023/04/06 10:30:08 CET [2023/04/06 4:30:08 ET]
Table '3572954807 1' 3-max Seat #1 is the button
Seat 1: BennyHenkman (300 in chips) 
Seat 3: Mahu2021 (1200 in chips) 
BennyHenkman: posts small blind 20
Mahu2021: posts big blind 40
*** HOLE CARDS ***
Dealt to Mahu2021 [Qh 5c]
BennyHenkman: folds 
Uncalled bet (20) returned to Mahu2021
Mahu2021 collected 40 from pot
Mahu2021: doesn't show hand 
*** SUMMARY ***
Total pot 40 | Rake 0 
Seat 1: BennyHenkman (button) (small blind) folded before Flop
Seat 3: Mahu2021 (big blind) collected (40)



PokerStars Hand #242916413441: Tournament #3572954807, $0.92+$0.08 USD Hold'em No Limit - Level III (20/40) - 2023/04/06 10:30:12 CET [2023/04/06 4:30:12 ET]
Table '3572954807 1' 3-max Seat #3 is the button
Seat 1: BennyHenkman (280 in chips) 
Seat 3: Mahu2021 (1220 in chips) 
Mahu2021: posts small blind 20
BennyHenkman: posts big blind 40
*** HOLE CARDS ***
Dealt to Mahu2021 [9d Ac]
Mahu2021: raises 40 to 80
BennyHenkman: folds 
Uncalled bet (40) returned to Mahu2021
Mahu2021 collected 80 from pot
Mahu2021: doesn't show hand 
*** SUMMARY ***
Total pot 80 | Rake 0 
Seat 1: BennyHenkman (big blind) folded before Flop
Seat 3: Mahu2021 (button) (small blind) collected (80)



PokerStars Hand #242916414320: Tournament #3572954807, $0.92+$0.08 USD Hold'em No Limit - Level III (20/40) - 2023/04/06 10:30:19 CET [2023/04/06 4:30:19 ET]
Table '3572954807 1' 3-max Seat #1 is the button
Seat 1: BennyHenkman (240 in chips) 
Seat 3: Mahu2021 (1260 in chips) 
BennyHenkman: posts small blind 20
Mahu2021: posts big blind 40
*** HOLE CARDS ***
Dealt to Mahu2021 [Qd Ah]
BennyHenkman: folds 
Uncalled bet (20) returned to Mahu2021
Mahu2021 collected 40 from pot
Mahu2021: doesn't show hand 
*** SUMMARY ***
Total pot 40 | Rake 0 
Seat 1: BennyHenkman (button) (small blind) folded before Flop
Seat 3: Mahu2021 (big blind) collected (40)



PokerStars Hand #242916414742: Tournament #3572954807, $0.92+$0.08 USD Hold'em No Limit - Level III (20/40) - 2023/04/06 10:30:22 CET [2023/04/06 4:30:22 ET]
Table '3572954807 1' 3-max Seat #3 is the button
Seat 1: BennyHenkman (220 in chips) 
Seat 3: Mahu2021 (1280 in chips) 
Mahu2021: posts small blind 20
BennyHenkman: posts big blind 40
*** HOLE CARDS ***
Dealt to Mahu2021 [3d Jh]
Mahu2021: calls 20
BennyHenkman: raises 180 to 220 and is all-in
Mahu2021: folds 
Uncalled bet (180) returned to BennyHenkman
BennyHenkman collected 80 from pot
*** SUMMARY ***
Total pot 80 | Rake 0 
Seat 1: BennyHenkman (big blind) collected (80)
Seat 3: Mahu2021 (button) (small blind) folded before Flop



PokerStars Hand #242916416092: Tournament #3572954807, $0.92+$0.08 USD Hold'em No Limit - Level III (20/40) - 2023/04/06 10:30:32 CET [2023/04/06 4:30:32 ET]
Table '3572954807 1' 3-max Seat #1 is the button
Seat 1: BennyHenkman (260 in chips) 
Seat 3: Mahu2021 (1240 in chips) 
BennyHenkman: posts small blind 20
Mahu2021: posts big blind 40
*** HOLE CARDS ***
Dealt to Mahu2021 [6s Ts]
BennyHenkman: folds 
Uncalled bet (20) returned to Mahu2021
Mahu2021 collected 40 from pot
Mahu2021: doesn't show hand 
*** SUMMARY ***
Total pot 40 | Rake 0 
Seat 1: BennyHenkman (button) (small blind) folded before Flop
Seat 3: Mahu2021 (big blind) collected (40)



PokerStars Hand #242916416549: Tournament #3572954807, $0.92+$0.08 USD Hold'em No Limit - Level III (20/40) - 2023/04/06 10:30:36 CET [2023/04/06 4:30:36 ET]
Table '3572954807 1' 3-max Seat #3 is the button
Seat 1: BennyHenkman (240 in chips) 
Seat 3: Mahu2021 (1260 in chips) 
Mahu2021: posts small blind 20
BennyHenkman: posts big blind 40
*** HOLE CARDS ***
Dealt to Mahu2021 [6s 9h]
Mahu2021: calls 20
BennyHenkman: checks 
*** FLOP *** [3s Ts 9s]
BennyHenkman: checks 
Mahu2021: bets 40
BennyHenkman: folds 
Uncalled bet (40) returned to Mahu2021
Mahu2021 collected 80 from pot
Mahu2021: doesn't show hand 
*** SUMMARY ***
Total pot 80 | Rake 0 
Board [3s Ts 9s]
Seat 1: BennyHenkman (big blind) folded on the Flop
Seat 3: Mahu2021 (button) (small blind) collected (80)



PokerStars Hand #242916418215: Tournament #3572954807, $0.92+$0.08 USD Hold'em No Limit - Level III (20/40) - 2023/04/06 10:30:49 CET [2023/04/06 4:30:49 ET]
Table '3572954807 1' 3-max Seat #1 is the button
Seat 1: BennyHenkman (200 in chips) 
Seat 3: Mahu2021 (1300 in chips) 
BennyHenkman: posts small blind 20
Mahu2021: posts big blind 40
*** HOLE CARDS ***
Dealt to Mahu2021 [Qh Kc]
BennyHenkman: calls 20
Mahu2021: raises 1260 to 1300 and is all-in
BennyHenkman: calls 160 and is all-in
Uncalled bet (1100) returned to Mahu2021
*** FLOP *** [Ts Jc 2s]
*** TURN *** [Ts Jc 2s] [Ah]
*** RIVER *** [Ts Jc 2s Ah] [3h]
*** SHOW DOWN ***
Mahu2021: shows [Qh Kc] (a straight, Ten to Ace)
BennyHenkman: shows [8d Qc] (high card Ace)
Mahu2021 collected 400 from pot
BennyHenkman finished the tournament in 2nd place
Mahu2021 wins the tournament and receives $2.00 - congratulations!
*** SUMMARY ***
Total pot 400 | Rake 0 
Board [Ts Jc 2s Ah 3h]
Seat 1: BennyHenkman (button) (small blind) showed [8d Qc] and lost with high card Ace
Seat 3: Mahu2021 (big blind) showed [Qh Kc] and won (400) with a straight, Ten to Ace



