PokerStars Hand #253446824128: Tournament #3824541610, $1.84+$0.16 USD Hold'em No Limit - Level I (10/20) - 2024/11/17 18:01:13 CET [2024/11/17 12:01:13 ET]
Table '3824541610 1' 3-max Seat #1 is the button
Seat 1: El Kurdtino (500 in chips) 
Seat 2: Mahu2021 (500 in chips) 
Seat 3: kamilsan83 (500 in chips) 
Mahu2021: posts small blind 10
kamilsan83: posts big blind 20
*** HOLE CARDS ***
Dealt to Mahu2021 [7s 8c]
El Kurdtino: calls 20
Mahu2021: calls 10
kamilsan83: checks 
*** FLOP *** [4c 4h 5h]
Mahu2021: checks 
kamilsan83: bets 40
El Kurdtino: calls 40
Mahu2021: folds 
*** TURN *** [4c 4h 5h] [2s]
kamilsan83: checks 
El Kurdtino: bets 60
kamilsan83: folds 
Uncalled bet (60) returned to El Kurdtino
El Kurdtino collected 140 from pot
El Kurdtino: doesn't show hand 
*** SUMMARY ***
Total pot 140 | Rake 0 
Board [4c 4h 5h 2s]
Seat 1: El Kurdtino (button) collected (140)
Seat 2: Mahu2021 (small blind) folded on the Flop
Seat 3: kamilsan83 (big blind) folded on the Turn



PokerStars Hand #253446835106: Tournament #3824541610, $1.84+$0.16 USD Hold'em No Limit - Level I (10/20) - 2024/11/17 18:01:58 CET [2024/11/17 12:01:58 ET]
Table '3824541610 1' 3-max Seat #2 is the button
Seat 1: El Kurdtino (580 in chips) 
Seat 2: Mahu2021 (480 in chips) 
Seat 3: kamilsan83 (440 in chips) 
kamilsan83: posts small blind 10
El Kurdtino: posts big blind 20
*** HOLE CARDS ***
Dealt to Mahu2021 [Ks 4c]
Mahu2021: folds 
kamilsan83: calls 10
El Kurdtino: checks 
*** FLOP *** [8h Jd 8d]
kamilsan83: bets 40
El Kurdtino: folds 
Uncalled bet (40) returned to kamilsan83
kamilsan83 collected 40 from pot
*** SUMMARY ***
Total pot 40 | Rake 0 
Board [8h Jd 8d]
Seat 1: El Kurdtino (big blind) folded on the Flop
Seat 2: Mahu2021 (button) folded before Flop (didn't bet)
Seat 3: kamilsan83 (small blind) collected (40)



PokerStars Hand #253446841220: Tournament #3824541610, $1.84+$0.16 USD Hold'em No Limit - Level I (10/20) - 2024/11/17 18:02:21 CET [2024/11/17 12:02:21 ET]
Table '3824541610 1' 3-max Seat #3 is the button
Seat 1: El Kurdtino (560 in chips) 
Seat 2: Mahu2021 (480 in chips) 
Seat 3: kamilsan83 (460 in chips) 
El Kurdtino: posts small blind 10
Mahu2021: posts big blind 20
*** HOLE CARDS ***
Dealt to Mahu2021 [6s Js]
kamilsan83: raises 60 to 80
El Kurdtino: folds 
Mahu2021: calls 60
*** FLOP *** [Th 8c Jc]
Mahu2021: bets 400 and is all-in
kamilsan83: calls 380 and is all-in
Uncalled bet (20) returned to Mahu2021
*** TURN *** [Th 8c Jc] [8d]
*** RIVER *** [Th 8c Jc 8d] [9s]
*** SHOW DOWN ***
Mahu2021: shows [6s Js] (two pair, Jacks and Eights)
kamilsan83: shows [Qh Ah] (a straight, Eight to Queen)
kamilsan83 collected 930 from pot
*** SUMMARY ***
Total pot 930 | Rake 0 
Board [Th 8c Jc 8d 9s]
Seat 1: El Kurdtino (small blind) folded before Flop
Seat 2: Mahu2021 (big blind) showed [6s Js] and lost with two pair, Jacks and Eights
Seat 3: kamilsan83 (button) showed [Qh Ah] and won (930) with a straight, Eight to Queen



PokerStars Hand #253446846730: Tournament #3824541610, $1.84+$0.16 USD Hold'em No Limit - Level I (10/20) - 2024/11/17 18:02:42 CET [2024/11/17 12:02:42 ET]
Table '3824541610 1' 3-max Seat #1 is the button
Seat 1: El Kurdtino (550 in chips) 
Seat 2: Mahu2021 (20 in chips) 
Seat 3: kamilsan83 (930 in chips) 
Mahu2021: posts small blind 10
kamilsan83: posts big blind 20
*** HOLE CARDS ***
Dealt to Mahu2021 [8d Jd]
El Kurdtino: raises 20 to 40
Mahu2021: calls 10 and is all-in
kamilsan83: raises 40 to 80
El Kurdtino: calls 40
*** FLOP *** [Kc Jc Qh]
kamilsan83: bets 40
El Kurdtino: raises 40 to 80
kamilsan83: calls 40
*** TURN *** [Kc Jc Qh] [6c]
kamilsan83: checks 
El Kurdtino: bets 80
kamilsan83: folds 
Uncalled bet (80) returned to El Kurdtino
*** RIVER *** [Kc Jc Qh 6c] [5c]
*** SHOW DOWN ***
El Kurdtino: shows [9c Kd] (a flush, King high)
El Kurdtino collected 280 from side pot
Mahu2021: shows [8d Jd] (a pair of Jacks)
El Kurdtino collected 60 from main pot
Mahu2021 finished the tournament in 3rd place
*** SUMMARY ***
Total pot 340 Main pot 60. Side pot 280. | Rake 0 
Board [Kc Jc Qh 6c 5c]
Seat 1: El Kurdtino (button) showed [9c Kd] and won (340) with a flush, King high
Seat 2: Mahu2021 (small blind) showed [8d Jd] and lost with a pair of Jacks
Seat 3: kamilsan83 (big blind) folded on the Turn



