PokerStars Hand #254378235913: Tournament #3847046280, $4.60+$0.40 USD Hold'em No Limit - Level I (10/20) - 2025/01/15 6:44:21 CET [2025/01/15 0:44:21 ET]
Table '3847046280 1' 3-max Seat #1 is the button
Seat 1: Mahu2021 (500 in chips) 
Seat 2: justmuck343 (500 in chips) 
Seat 3: fabricioCigano (500 in chips) 
justmuck343: posts small blind 10
fabricioCigano: posts big blind 20
*** HOLE CARDS ***
Dealt to Mahu2021 [4c Ac]
Mahu2021: raises 20 to 40
justmuck343: calls 30
fabricioCigano: raises 120 to 160
Mahu2021: folds 
justmuck343: folds 
Uncalled bet (120) returned to fabricioCigano
fabricioCigano collected 120 from pot
*** SUMMARY ***
Total pot 120 | Rake 0 
Seat 1: Mahu2021 (button) folded before Flop
Seat 2: justmuck343 (small blind) folded before Flop
Seat 3: fabricioCigano (big blind) collected (120)



PokerStars Hand #254378236846: Tournament #3847046280, $4.60+$0.40 USD Hold'em No Limit - Level I (10/20) - 2025/01/15 6:44:33 CET [2025/01/15 0:44:33 ET]
Table '3847046280 1' 3-max Seat #2 is the button
Seat 1: Mahu2021 (460 in chips) 
Seat 2: justmuck343 (460 in chips) 
Seat 3: fabricioCigano (580 in chips) 
fabricioCigano: posts small blind 10
Mahu2021: posts big blind 20
*** HOLE CARDS ***
Dealt to Mahu2021 [Kc Ts]
justmuck343: raises 40 to 60
fabricioCigano: calls 50
Mahu2021: calls 40
*** FLOP *** [Jc 6s 7h]
fabricioCigano: bets 520 and is all-in
Mahu2021: folds 
justmuck343: calls 400 and is all-in
Uncalled bet (120) returned to fabricioCigano
*** TURN *** [Jc 6s 7h] [4h]
*** RIVER *** [Jc 6s 7h 4h] [Tc]
*** SHOW DOWN ***
fabricioCigano: shows [7c 3h] (a pair of Sevens)
justmuck343: shows [6c 8h] (a pair of Sixes)
fabricioCigano collected 980 from pot
justmuck343 finished the tournament in 3rd place
*** SUMMARY ***
Total pot 980 | Rake 0 
Board [Jc 6s 7h 4h Tc]
Seat 1: Mahu2021 (big blind) folded on the Flop
Seat 2: justmuck343 (button) showed [6c 8h] and lost with a pair of Sixes
Seat 3: fabricioCigano (small blind) showed [7c 3h] and won (980) with a pair of Sevens



PokerStars Hand #254378238546: Tournament #3847046280, $4.60+$0.40 USD Hold'em No Limit - Level I (10/20) - 2025/01/15 6:44:53 CET [2025/01/15 0:44:53 ET]
Table '3847046280 1' 3-max Seat #1 is the button
Seat 1: Mahu2021 (400 in chips) 
Seat 3: fabricioCigano (1100 in chips) 
Mahu2021: posts small blind 10
fabricioCigano: posts big blind 20
*** HOLE CARDS ***
Dealt to Mahu2021 [As 4d]
Mahu2021: raises 380 to 400 and is all-in
fabricioCigano: folds 
Uncalled bet (380) returned to Mahu2021
Mahu2021 collected 40 from pot
Mahu2021: doesn't show hand 
*** SUMMARY ***
Total pot 40 | Rake 0 
Seat 1: Mahu2021 (button) (small blind) collected (40)
Seat 3: fabricioCigano (big blind) folded before Flop



PokerStars Hand #254378239056: Tournament #3847046280, $4.60+$0.40 USD Hold'em No Limit - Level I (10/20) - 2025/01/15 6:45:00 CET [2025/01/15 0:45:00 ET]
Table '3847046280 1' 3-max Seat #3 is the button
Seat 1: Mahu2021 (420 in chips) 
Seat 3: fabricioCigano (1080 in chips) 
fabricioCigano: posts small blind 10
Mahu2021: posts big blind 20
*** HOLE CARDS ***
Dealt to Mahu2021 [5s Tc]
fabricioCigano: calls 10
Mahu2021: checks 
*** FLOP *** [6h 2h Jd]
Mahu2021: checks 
fabricioCigano: bets 40
Mahu2021: folds 
Uncalled bet (40) returned to fabricioCigano
fabricioCigano collected 40 from pot
*** SUMMARY ***
Total pot 40 | Rake 0 
Board [6h 2h Jd]
Seat 1: Mahu2021 (big blind) folded on the Flop
Seat 3: fabricioCigano (button) (small blind) collected (40)



PokerStars Hand #254378239999: Tournament #3847046280, $4.60+$0.40 USD Hold'em No Limit - Level I (10/20) - 2025/01/15 6:45:12 CET [2025/01/15 0:45:12 ET]
Table '3847046280 1' 3-max Seat #1 is the button
Seat 1: Mahu2021 (400 in chips) 
Seat 3: fabricioCigano (1100 in chips) 
Mahu2021: posts small blind 10
fabricioCigano: posts big blind 20
*** HOLE CARDS ***
Dealt to Mahu2021 [6d 4d]
Mahu2021: folds 
Uncalled bet (10) returned to fabricioCigano
fabricioCigano collected 20 from pot
*** SUMMARY ***
Total pot 20 | Rake 0 
Seat 1: Mahu2021 (button) (small blind) folded before Flop
Seat 3: fabricioCigano (big blind) collected (20)



PokerStars Hand #254378240398: Tournament #3847046280, $4.60+$0.40 USD Hold'em No Limit - Level I (10/20) - 2025/01/15 6:45:16 CET [2025/01/15 0:45:16 ET]
Table '3847046280 1' 3-max Seat #3 is the button
Seat 1: Mahu2021 (390 in chips) 
Seat 3: fabricioCigano (1110 in chips) 
fabricioCigano: posts small blind 10
Mahu2021: posts big blind 20
*** HOLE CARDS ***
Dealt to Mahu2021 [8h 2c]
fabricioCigano: raises 20 to 40
Mahu2021: folds 
Uncalled bet (20) returned to fabricioCigano
fabricioCigano collected 40 from pot
*** SUMMARY ***
Total pot 40 | Rake 0 
Seat 1: Mahu2021 (big blind) folded before Flop
Seat 3: fabricioCigano (button) (small blind) collected (40)



PokerStars Hand #254378240803: Tournament #3847046280, $4.60+$0.40 USD Hold'em No Limit - Level I (10/20) - 2025/01/15 6:45:21 CET [2025/01/15 0:45:21 ET]
Table '3847046280 1' 3-max Seat #1 is the button
Seat 1: Mahu2021 (370 in chips) 
Seat 3: fabricioCigano (1130 in chips) 
Mahu2021: posts small blind 10
fabricioCigano: posts big blind 20
*** HOLE CARDS ***
Dealt to Mahu2021 [4h 2c]
Mahu2021: folds 
Uncalled bet (10) returned to fabricioCigano
fabricioCigano collected 20 from pot
*** SUMMARY ***
Total pot 20 | Rake 0 
Seat 1: Mahu2021 (button) (small blind) folded before Flop
Seat 3: fabricioCigano (big blind) collected (20)



PokerStars Hand #254378241175: Tournament #3847046280, $4.60+$0.40 USD Hold'em No Limit - Level I (10/20) - 2025/01/15 6:45:26 CET [2025/01/15 0:45:26 ET]
Table '3847046280 1' 3-max Seat #3 is the button
Seat 1: Mahu2021 (360 in chips) 
Seat 3: fabricioCigano (1140 in chips) 
fabricioCigano: posts small blind 10
Mahu2021: posts big blind 20
*** HOLE CARDS ***
Dealt to Mahu2021 [9s 3h]
fabricioCigano: calls 10
Mahu2021: checks 
*** FLOP *** [3s 7h 8d]
Mahu2021: checks 
fabricioCigano: checks 
*** TURN *** [3s 7h 8d] [5c]
Mahu2021: checks 
fabricioCigano: bets 20
Mahu2021: calls 20
*** RIVER *** [3s 7h 8d 5c] [6s]
Mahu2021: checks 
fabricioCigano: checks 
*** SHOW DOWN ***
Mahu2021: shows [9s 3h] (a straight, Five to Nine)
fabricioCigano: mucks hand 
Mahu2021 collected 80 from pot
*** SUMMARY ***
Total pot 80 | Rake 0 
Board [3s 7h 8d 5c 6s]
Seat 1: Mahu2021 (big blind) showed [9s 3h] and won (80) with a straight, Five to Nine
Seat 3: fabricioCigano (button) (small blind) mucked [3d As]



PokerStars Hand #254378242351: Tournament #3847046280, $4.60+$0.40 USD Hold'em No Limit - Level I (10/20) - 2025/01/15 6:45:41 CET [2025/01/15 0:45:41 ET]
Table '3847046280 1' 3-max Seat #1 is the button
Seat 1: Mahu2021 (400 in chips) 
Seat 3: fabricioCigano (1100 in chips) 
Mahu2021: posts small blind 10
fabricioCigano: posts big blind 20
*** HOLE CARDS ***
Dealt to Mahu2021 [Jc Qc]
Mahu2021: raises 40 to 60
fabricioCigano: calls 40
*** FLOP *** [4h 5h Th]
fabricioCigano: bets 120
Mahu2021: folds 
Uncalled bet (120) returned to fabricioCigano
fabricioCigano collected 120 from pot
*** SUMMARY ***
Total pot 120 | Rake 0 
Board [4h 5h Th]
Seat 1: Mahu2021 (button) (small blind) folded on the Flop
Seat 3: fabricioCigano (big blind) collected (120)



PokerStars Hand #254378243402: Tournament #3847046280, $4.60+$0.40 USD Hold'em No Limit - Level I (10/20) - 2025/01/15 6:45:54 CET [2025/01/15 0:45:54 ET]
Table '3847046280 1' 3-max Seat #3 is the button
Seat 1: Mahu2021 (340 in chips) 
Seat 3: fabricioCigano (1160 in chips) 
fabricioCigano: posts small blind 10
Mahu2021: posts big blind 20
*** HOLE CARDS ***
Dealt to Mahu2021 [Jc 8h]
fabricioCigano: raises 20 to 40
Mahu2021: calls 20
*** FLOP *** [Qs 4s Qc]
Mahu2021: checks 
fabricioCigano: checks 
*** TURN *** [Qs 4s Qc] [8s]
Mahu2021: bets 40
fabricioCigano: calls 40
*** RIVER *** [Qs 4s Qc 8s] [2d]
Mahu2021: bets 260 and is all-in
fabricioCigano: folds 
Uncalled bet (260) returned to Mahu2021
Mahu2021 collected 160 from pot
Mahu2021: doesn't show hand 
*** SUMMARY ***
Total pot 160 | Rake 0 
Board [Qs 4s Qc 8s 2d]
Seat 1: Mahu2021 (big blind) collected (160)
Seat 3: fabricioCigano (button) (small blind) folded on the River



PokerStars Hand #254378244731: Tournament #3847046280, $4.60+$0.40 USD Hold'em No Limit - Level I (10/20) - 2025/01/15 6:46:11 CET [2025/01/15 0:46:11 ET]
Table '3847046280 1' 3-max Seat #1 is the button
Seat 1: Mahu2021 (420 in chips) 
Seat 3: fabricioCigano (1080 in chips) 
Mahu2021: posts small blind 10
fabricioCigano: posts big blind 20
*** HOLE CARDS ***
Dealt to Mahu2021 [8s Kh]
Mahu2021: raises 20 to 40
fabricioCigano: calls 20
*** FLOP *** [7s 3h Qc]
fabricioCigano: checks 
Mahu2021: checks 
*** TURN *** [7s 3h Qc] [Ks]
fabricioCigano: bets 80
Mahu2021: raises 300 to 380 and is all-in
fabricioCigano: calls 300
*** RIVER *** [7s 3h Qc Ks] [Ah]
*** SHOW DOWN ***
fabricioCigano: shows [Js 7h] (a pair of Sevens)
Mahu2021: shows [8s Kh] (a pair of Kings)
Mahu2021 collected 840 from pot
*** SUMMARY ***
Total pot 840 | Rake 0 
Board [7s 3h Qc Ks Ah]
Seat 1: Mahu2021 (button) (small blind) showed [8s Kh] and won (840) with a pair of Kings
Seat 3: fabricioCigano (big blind) showed [Js 7h] and lost with a pair of Sevens



PokerStars Hand #254378246082: Tournament #3847046280, $4.60+$0.40 USD Hold'em No Limit - Level I (10/20) - 2025/01/15 6:46:28 CET [2025/01/15 0:46:28 ET]
Table '3847046280 1' 3-max Seat #3 is the button
Seat 1: Mahu2021 (840 in chips) 
Seat 3: fabricioCigano (660 in chips) 
fabricioCigano: posts small blind 10
Mahu2021: posts big blind 20
*** HOLE CARDS ***
Dealt to Mahu2021 [7h Ad]
fabricioCigano: calls 10
Mahu2021: checks 
*** FLOP *** [Kc Jd 3d]
Mahu2021: checks 
fabricioCigano: checks 
*** TURN *** [Kc Jd 3d] [Qs]
Mahu2021: checks 
fabricioCigano: bets 40
Mahu2021: folds 
Uncalled bet (40) returned to fabricioCigano
fabricioCigano collected 40 from pot
*** SUMMARY ***
Total pot 40 | Rake 0 
Board [Kc Jd 3d Qs]
Seat 1: Mahu2021 (big blind) folded on the Turn
Seat 3: fabricioCigano (button) (small blind) collected (40)



PokerStars Hand #254378247959: Tournament #3847046280, $4.60+$0.40 USD Hold'em No Limit - Level I (10/20) - 2025/01/15 6:46:51 CET [2025/01/15 0:46:51 ET]
Table '3847046280 1' 3-max Seat #1 is the button
Seat 1: Mahu2021 (820 in chips) 
Seat 3: fabricioCigano (680 in chips) 
Mahu2021: posts small blind 10
fabricioCigano: posts big blind 20
*** HOLE CARDS ***
Dealt to Mahu2021 [4c Kd]
Mahu2021: raises 20 to 40
fabricioCigano: calls 20
*** FLOP *** [Ac 3d 6c]
fabricioCigano: checks 
Mahu2021: bets 40
fabricioCigano: folds 
Uncalled bet (40) returned to Mahu2021
Mahu2021 collected 80 from pot
Mahu2021: doesn't show hand 
*** SUMMARY ***
Total pot 80 | Rake 0 
Board [Ac 3d 6c]
Seat 1: Mahu2021 (button) (small blind) collected (80)
Seat 3: fabricioCigano (big blind) folded on the Flop



PokerStars Hand #254378248818: Tournament #3847046280, $4.60+$0.40 USD Hold'em No Limit - Level I (10/20) - 2025/01/15 6:47:02 CET [2025/01/15 0:47:02 ET]
Table '3847046280 1' 3-max Seat #3 is the button
Seat 1: Mahu2021 (860 in chips) 
Seat 3: fabricioCigano (640 in chips) 
fabricioCigano: posts small blind 10
Mahu2021: posts big blind 20
*** HOLE CARDS ***
Dealt to Mahu2021 [9c 2d]
fabricioCigano: calls 10
Mahu2021: checks 
*** FLOP *** [7c 8d Th]
Mahu2021: checks 
fabricioCigano: bets 40
Mahu2021: calls 40
*** TURN *** [7c 8d Th] [2s]
Mahu2021: checks 
fabricioCigano: checks 
*** RIVER *** [7c 8d Th 2s] [9d]
Mahu2021: bets 120
fabricioCigano: folds 
Uncalled bet (120) returned to Mahu2021
Mahu2021 collected 120 from pot
Mahu2021: doesn't show hand 
*** SUMMARY ***
Total pot 120 | Rake 0 
Board [7c 8d Th 2s 9d]
Seat 1: Mahu2021 (big blind) collected (120)
Seat 3: fabricioCigano (button) (small blind) folded on the River



PokerStars Hand #254378250061: Tournament #3847046280, $4.60+$0.40 USD Hold'em No Limit - Level I (10/20) - 2025/01/15 6:47:18 CET [2025/01/15 0:47:18 ET]
Table '3847046280 1' 3-max Seat #1 is the button
Seat 1: Mahu2021 (920 in chips) 
Seat 3: fabricioCigano (580 in chips) 
Mahu2021: posts small blind 10
fabricioCigano: posts big blind 20
*** HOLE CARDS ***
Dealt to Mahu2021 [Ks Td]
Mahu2021: raises 20 to 40
fabricioCigano: calls 20
*** FLOP *** [Kh 8d Jd]
fabricioCigano: checks 
Mahu2021: checks 
*** TURN *** [Kh 8d Jd] [9d]
fabricioCigano: checks 
Mahu2021: checks 
*** RIVER *** [Kh 8d Jd 9d] [5s]
fabricioCigano: checks 
Mahu2021: bets 880 and is all-in
fabricioCigano: folds 
Uncalled bet (880) returned to Mahu2021
Mahu2021 collected 80 from pot
Mahu2021: doesn't show hand 
*** SUMMARY ***
Total pot 80 | Rake 0 
Board [Kh 8d Jd 9d 5s]
Seat 1: Mahu2021 (button) (small blind) collected (80)
Seat 3: fabricioCigano (big blind) folded on the River



PokerStars Hand #254378251728: Tournament #3847046280, $4.60+$0.40 USD Hold'em No Limit - Level II (15/30) - 2025/01/15 6:47:39 CET [2025/01/15 0:47:39 ET]
Table '3847046280 1' 3-max Seat #3 is the button
Seat 1: Mahu2021 (960 in chips) 
Seat 3: fabricioCigano (540 in chips) 
fabricioCigano: posts small blind 15
Mahu2021: posts big blind 30
*** HOLE CARDS ***
Dealt to Mahu2021 [Ks Jc]
fabricioCigano: calls 15
Mahu2021: raises 930 to 960 and is all-in
fabricioCigano: folds 
Uncalled bet (930) returned to Mahu2021
Mahu2021 collected 60 from pot
Mahu2021: doesn't show hand 
*** SUMMARY ***
Total pot 60 | Rake 0 
Seat 1: Mahu2021 (big blind) collected (60)
Seat 3: fabricioCigano (button) (small blind) folded before Flop



PokerStars Hand #254378252326: Tournament #3847046280, $4.60+$0.40 USD Hold'em No Limit - Level II (15/30) - 2025/01/15 6:47:46 CET [2025/01/15 0:47:46 ET]
Table '3847046280 1' 3-max Seat #1 is the button
Seat 1: Mahu2021 (990 in chips) 
Seat 3: fabricioCigano (510 in chips) 
Mahu2021: posts small blind 15
fabricioCigano: posts big blind 30
*** HOLE CARDS ***
Dealt to Mahu2021 [Th 3h]
Mahu2021: folds 
Uncalled bet (15) returned to fabricioCigano
fabricioCigano collected 30 from pot
*** SUMMARY ***
Total pot 30 | Rake 0 
Seat 1: Mahu2021 (button) (small blind) folded before Flop
Seat 3: fabricioCigano (big blind) collected (30)



PokerStars Hand #254378252758: Tournament #3847046280, $4.60+$0.40 USD Hold'em No Limit - Level II (15/30) - 2025/01/15 6:47:52 CET [2025/01/15 0:47:52 ET]
Table '3847046280 1' 3-max Seat #3 is the button
Seat 1: Mahu2021 (975 in chips) 
Seat 3: fabricioCigano (525 in chips) 
fabricioCigano: posts small blind 15
Mahu2021: posts big blind 30
*** HOLE CARDS ***
Dealt to Mahu2021 [Ah 7s]
fabricioCigano: calls 15
Mahu2021: raises 945 to 975 and is all-in
fabricioCigano: folds 
Uncalled bet (945) returned to Mahu2021
Mahu2021 collected 60 from pot
Mahu2021: doesn't show hand 
*** SUMMARY ***
Total pot 60 | Rake 0 
Seat 1: Mahu2021 (big blind) collected (60)
Seat 3: fabricioCigano (button) (small blind) folded before Flop



PokerStars Hand #254378253390: Tournament #3847046280, $4.60+$0.40 USD Hold'em No Limit - Level II (15/30) - 2025/01/15 6:48:00 CET [2025/01/15 0:48:00 ET]
Table '3847046280 1' 3-max Seat #1 is the button
Seat 1: Mahu2021 (1005 in chips) 
Seat 3: fabricioCigano (495 in chips) 
Mahu2021: posts small blind 15
fabricioCigano: posts big blind 30
*** HOLE CARDS ***
Dealt to Mahu2021 [9c Kh]
Mahu2021: raises 30 to 60
fabricioCigano: calls 30
*** FLOP *** [Jd 4c Ad]
fabricioCigano: checks 
Mahu2021: bets 60
fabricioCigano: calls 60
*** TURN *** [Jd 4c Ad] [7h]
fabricioCigano: checks 
Mahu2021: bets 240
fabricioCigano: folds 
Uncalled bet (240) returned to Mahu2021
Mahu2021 collected 240 from pot
Mahu2021: doesn't show hand 
*** SUMMARY ***
Total pot 240 | Rake 0 
Board [Jd 4c Ad 7h]
Seat 1: Mahu2021 (button) (small blind) collected (240)
Seat 3: fabricioCigano (big blind) folded on the Turn



PokerStars Hand #254378254573: Tournament #3847046280, $4.60+$0.40 USD Hold'em No Limit - Level II (15/30) - 2025/01/15 6:48:15 CET [2025/01/15 0:48:15 ET]
Table '3847046280 1' 3-max Seat #3 is the button
Seat 1: Mahu2021 (1125 in chips) 
Seat 3: fabricioCigano (375 in chips) 
fabricioCigano: posts small blind 15
Mahu2021: posts big blind 30
*** HOLE CARDS ***
Dealt to Mahu2021 [3h Jc]
fabricioCigano: calls 15
Mahu2021: checks 
*** FLOP *** [Ts 7h Kd]
Mahu2021: checks 
fabricioCigano: bets 60
Mahu2021: folds 
Uncalled bet (60) returned to fabricioCigano
fabricioCigano collected 60 from pot
*** SUMMARY ***
Total pot 60 | Rake 0 
Board [Ts 7h Kd]
Seat 1: Mahu2021 (big blind) folded on the Flop
Seat 3: fabricioCigano (button) (small blind) collected (60)



PokerStars Hand #254378255519: Tournament #3847046280, $4.60+$0.40 USD Hold'em No Limit - Level II (15/30) - 2025/01/15 6:48:27 CET [2025/01/15 0:48:27 ET]
Table '3847046280 1' 3-max Seat #1 is the button
Seat 1: Mahu2021 (1095 in chips) 
Seat 3: fabricioCigano (405 in chips) 
Mahu2021: posts small blind 15
fabricioCigano: posts big blind 30
*** HOLE CARDS ***
Dealt to Mahu2021 [As 4d]
Mahu2021: raises 1065 to 1095 and is all-in
fabricioCigano: folds 
Uncalled bet (1065) returned to Mahu2021
Mahu2021 collected 60 from pot
Mahu2021: doesn't show hand 
*** SUMMARY ***
Total pot 60 | Rake 0 
Seat 1: Mahu2021 (button) (small blind) collected (60)
Seat 3: fabricioCigano (big blind) folded before Flop



PokerStars Hand #254378255981: Tournament #3847046280, $4.60+$0.40 USD Hold'em No Limit - Level II (15/30) - 2025/01/15 6:48:33 CET [2025/01/15 0:48:33 ET]
Table '3847046280 1' 3-max Seat #3 is the button
Seat 1: Mahu2021 (1125 in chips) 
Seat 3: fabricioCigano (375 in chips) 
fabricioCigano: posts small blind 15
Mahu2021: posts big blind 30
*** HOLE CARDS ***
Dealt to Mahu2021 [Ts Ah]
fabricioCigano: calls 15
Mahu2021: raises 1095 to 1125 and is all-in
fabricioCigano: folds 
Uncalled bet (1095) returned to Mahu2021
Mahu2021 collected 60 from pot
Mahu2021: doesn't show hand 
*** SUMMARY ***
Total pot 60 | Rake 0 
Seat 1: Mahu2021 (big blind) collected (60)
Seat 3: fabricioCigano (button) (small blind) folded before Flop



PokerStars Hand #254378256619: Tournament #3847046280, $4.60+$0.40 USD Hold'em No Limit - Level II (15/30) - 2025/01/15 6:48:41 CET [2025/01/15 0:48:41 ET]
Table '3847046280 1' 3-max Seat #1 is the button
Seat 1: Mahu2021 (1155 in chips) 
Seat 3: fabricioCigano (345 in chips) 
Mahu2021: posts small blind 15
fabricioCigano: posts big blind 30
*** HOLE CARDS ***
Dealt to Mahu2021 [Ad Qh]
Mahu2021: raises 30 to 60
fabricioCigano: calls 30
*** FLOP *** [7s Ts Jh]
fabricioCigano: bets 285 and is all-in
Mahu2021: folds 
Uncalled bet (285) returned to fabricioCigano
fabricioCigano collected 120 from pot
fabricioCigano: shows [Ac]
*** SUMMARY ***
Total pot 120 | Rake 0 
Board [7s Ts Jh]
Seat 1: Mahu2021 (button) (small blind) folded on the Flop
Seat 3: fabricioCigano (big blind) collected (120)



PokerStars Hand #254378257536: Tournament #3847046280, $4.60+$0.40 USD Hold'em No Limit - Level II (15/30) - 2025/01/15 6:48:53 CET [2025/01/15 0:48:53 ET]
Table '3847046280 1' 3-max Seat #3 is the button
Seat 1: Mahu2021 (1095 in chips) 
Seat 3: fabricioCigano (405 in chips) 
fabricioCigano: posts small blind 15
Mahu2021: posts big blind 30
*** HOLE CARDS ***
Dealt to Mahu2021 [Ks Qc]
fabricioCigano: calls 15
Mahu2021: checks 
*** FLOP *** [8d 9c 3h]
Mahu2021: checks 
fabricioCigano: checks 
*** TURN *** [8d 9c 3h] [3c]
Mahu2021: bets 30
fabricioCigano: calls 30
*** RIVER *** [8d 9c 3h 3c] [Ts]
Mahu2021: checks 
fabricioCigano: bets 120
Mahu2021: folds 
Uncalled bet (120) returned to fabricioCigano
fabricioCigano collected 120 from pot
*** SUMMARY ***
Total pot 120 | Rake 0 
Board [8d 9c 3h 3c Ts]
Seat 1: Mahu2021 (big blind) folded on the River
Seat 3: fabricioCigano (button) (small blind) collected (120)



PokerStars Hand #254378258801: Tournament #3847046280, $4.60+$0.40 USD Hold'em No Limit - Level II (15/30) - 2025/01/15 6:49:09 CET [2025/01/15 0:49:09 ET]
Table '3847046280 1' 3-max Seat #1 is the button
Seat 1: Mahu2021 (1035 in chips) 
Seat 3: fabricioCigano (465 in chips) 
Mahu2021: posts small blind 15
fabricioCigano: posts big blind 30
*** HOLE CARDS ***
Dealt to Mahu2021 [5h 6h]
Mahu2021: calls 15
fabricioCigano: checks 
*** FLOP *** [Qd 5d Ts]
fabricioCigano: bets 60
Mahu2021: calls 60
*** TURN *** [Qd 5d Ts] [6c]
fabricioCigano: bets 375 and is all-in
Mahu2021: calls 375
*** RIVER *** [Qd 5d Ts 6c] [As]
*** SHOW DOWN ***
fabricioCigano: shows [Qs 4d] (a pair of Queens)
Mahu2021: shows [5h 6h] (two pair, Sixes and Fives)
Mahu2021 collected 930 from pot
fabricioCigano finished the tournament in 2nd place
Mahu2021 wins the tournament and receives $15.00 - congratulations!
*** SUMMARY ***
Total pot 930 | Rake 0 
Board [Qd 5d Ts 6c As]
Seat 1: Mahu2021 (button) (small blind) showed [5h 6h] and won (930) with two pair, Sixes and Fives
Seat 3: fabricioCigano (big blind) showed [Qs 4d] and lost with a pair of Queens



