PokerStars Hand #254603693904: Tournament #3852767456, $4.60+$0.40 USD Hold'em No Limit - Level I (10/20) - 2025/01/29 9:20:27 CET [2025/01/29 3:20:27 ET]
Table '3852767456 1' 3-max Seat #1 is the button
Seat 1: BalticPagan (500 in chips) 
Seat 2: Mahu2021 (500 in chips) 
Seat 3: SirGeof21 (500 in chips) 
Mahu2021: posts small blind 10
SirGeof21: posts big blind 20
*** HOLE CARDS ***
Dealt to Mahu2021 [Th 2d]
BalticPagan: raises 20 to 40
Mahu2021: folds 
SirGeof21: calls 20
*** FLOP *** [Ks 4c 5d]
SirGeof21: checks 
BalticPagan: bets 30
SirGeof21: calls 30
*** TURN *** [Ks 4c 5d] [Kh]
SirGeof21: bets 20
BalticPagan: calls 20
*** RIVER *** [Ks 4c 5d Kh] [9s]
SirGeof21: bets 50
BalticPagan: folds 
Uncalled bet (50) returned to SirGeof21
SirGeof21 collected 190 from pot
*** SUMMARY ***
Total pot 190 | Rake 0 
Board [Ks 4c 5d Kh 9s]
Seat 1: BalticPagan (button) folded on the River
Seat 2: Mahu2021 (small blind) folded before Flop
Seat 3: SirGeof21 (big blind) collected (190)



PokerStars Hand #254603695713: Tournament #3852767456, $4.60+$0.40 USD Hold'em No Limit - Level I (10/20) - 2025/01/29 9:20:50 CET [2025/01/29 3:20:50 ET]
Table '3852767456 1' 3-max Seat #2 is the button
Seat 1: BalticPagan (410 in chips) 
Seat 2: Mahu2021 (490 in chips) 
Seat 3: SirGeof21 (600 in chips) 
SirGeof21: posts small blind 10
BalticPagan: posts big blind 20
*** HOLE CARDS ***
Dealt to Mahu2021 [Ah Jc]
Mahu2021: raises 20 to 40
SirGeof21: folds 
BalticPagan: calls 20
*** FLOP *** [Kc 8c 9c]
BalticPagan: checks 
Mahu2021: bets 40
BalticPagan: calls 40
*** TURN *** [Kc 8c 9c] [Qs]
BalticPagan: checks 
Mahu2021: checks 
*** RIVER *** [Kc 8c 9c Qs] [9d]
BalticPagan: bets 140
Mahu2021: folds 
Uncalled bet (140) returned to BalticPagan
BalticPagan collected 170 from pot
BalticPagan: doesn't show hand 
*** SUMMARY ***
Total pot 170 | Rake 0 
Board [Kc 8c 9c Qs 9d]
Seat 1: BalticPagan (big blind) collected (170)
Seat 2: Mahu2021 (button) folded on the River
Seat 3: SirGeof21 (small blind) folded before Flop



PokerStars Hand #254603698272: Tournament #3852767456, $4.60+$0.40 USD Hold'em No Limit - Level I (10/20) - 2025/01/29 9:21:23 CET [2025/01/29 3:21:23 ET]
Table '3852767456 1' 3-max Seat #3 is the button
Seat 1: BalticPagan (500 in chips) 
Seat 2: Mahu2021 (410 in chips) 
Seat 3: SirGeof21 (590 in chips) 
BalticPagan: posts small blind 10
Mahu2021: posts big blind 20
*** HOLE CARDS ***
Dealt to Mahu2021 [6d 7c]
SirGeof21: folds 
BalticPagan: raises 30 to 50
Mahu2021: folds 
Uncalled bet (30) returned to BalticPagan
BalticPagan collected 40 from pot
BalticPagan: doesn't show hand 
*** SUMMARY ***
Total pot 40 | Rake 0 
Seat 1: BalticPagan (small blind) collected (40)
Seat 2: Mahu2021 (big blind) folded before Flop
Seat 3: SirGeof21 (button) folded before Flop (didn't bet)



PokerStars Hand #254603699064: Tournament #3852767456, $4.60+$0.40 USD Hold'em No Limit - Level I (10/20) - 2025/01/29 9:21:33 CET [2025/01/29 3:21:33 ET]
Table '3852767456 1' 3-max Seat #1 is the button
Seat 1: BalticPagan (520 in chips) 
Seat 2: Mahu2021 (390 in chips) 
Seat 3: SirGeof21 (590 in chips) 
Mahu2021: posts small blind 10
SirGeof21: posts big blind 20
*** HOLE CARDS ***
Dealt to Mahu2021 [2h Qs]
BalticPagan: raises 20 to 40
Mahu2021: folds 
SirGeof21: calls 20
*** FLOP *** [Th Ks 7s]
SirGeof21: bets 20
BalticPagan: calls 20
*** TURN *** [Th Ks 7s] [3h]
SirGeof21: checks 
BalticPagan: bets 65
SirGeof21: folds 
Uncalled bet (65) returned to BalticPagan
BalticPagan collected 130 from pot
BalticPagan: doesn't show hand 
*** SUMMARY ***
Total pot 130 | Rake 0 
Board [Th Ks 7s 3h]
Seat 1: BalticPagan (button) collected (130)
Seat 2: Mahu2021 (small blind) folded before Flop
Seat 3: SirGeof21 (big blind) folded on the Turn



PokerStars Hand #254603700505: Tournament #3852767456, $4.60+$0.40 USD Hold'em No Limit - Level I (10/20) - 2025/01/29 9:21:51 CET [2025/01/29 3:21:51 ET]
Table '3852767456 1' 3-max Seat #2 is the button
Seat 1: BalticPagan (590 in chips) 
Seat 2: Mahu2021 (380 in chips) 
Seat 3: SirGeof21 (530 in chips) 
SirGeof21: posts small blind 10
BalticPagan: posts big blind 20
*** HOLE CARDS ***
Dealt to Mahu2021 [5d 3s]
Mahu2021: folds 
SirGeof21: raises 20 to 40
BalticPagan: calls 20
*** FLOP *** [6c Ac 6h]
SirGeof21: bets 20
BalticPagan: folds 
Uncalled bet (20) returned to SirGeof21
SirGeof21 collected 80 from pot
*** SUMMARY ***
Total pot 80 | Rake 0 
Board [6c Ac 6h]
Seat 1: BalticPagan (big blind) folded on the Flop
Seat 2: Mahu2021 (button) folded before Flop (didn't bet)
Seat 3: SirGeof21 (small blind) collected (80)



PokerStars Hand #254603701792: Tournament #3852767456, $4.60+$0.40 USD Hold'em No Limit - Level I (10/20) - 2025/01/29 9:22:07 CET [2025/01/29 3:22:07 ET]
Table '3852767456 1' 3-max Seat #3 is the button
Seat 1: BalticPagan (550 in chips) 
Seat 2: Mahu2021 (380 in chips) 
Seat 3: SirGeof21 (570 in chips) 
BalticPagan: posts small blind 10
Mahu2021: posts big blind 20
*** HOLE CARDS ***
Dealt to Mahu2021 [9h Qh]
SirGeof21: calls 20
BalticPagan: folds 
Mahu2021: checks 
*** FLOP *** [8c 5s Ks]
Mahu2021: checks 
SirGeof21: bets 30
Mahu2021: folds 
Uncalled bet (30) returned to SirGeof21
SirGeof21 collected 50 from pot
*** SUMMARY ***
Total pot 50 | Rake 0 
Board [8c 5s Ks]
Seat 1: BalticPagan (small blind) folded before Flop
Seat 2: Mahu2021 (big blind) folded on the Flop
Seat 3: SirGeof21 (button) collected (50)



PokerStars Hand #254603703192: Tournament #3852767456, $4.60+$0.40 USD Hold'em No Limit - Level I (10/20) - 2025/01/29 9:22:25 CET [2025/01/29 3:22:25 ET]
Table '3852767456 1' 3-max Seat #1 is the button
Seat 1: BalticPagan (540 in chips) 
Seat 2: Mahu2021 (360 in chips) 
Seat 3: SirGeof21 (600 in chips) 
Mahu2021: posts small blind 10
SirGeof21: posts big blind 20
*** HOLE CARDS ***
Dealt to Mahu2021 [3s 3h]
BalticPagan: folds 
Mahu2021: raises 340 to 360 and is all-in
SirGeof21: folds 
Uncalled bet (340) returned to Mahu2021
Mahu2021 collected 40 from pot
Mahu2021: doesn't show hand 
*** SUMMARY ***
Total pot 40 | Rake 0 
Seat 1: BalticPagan (button) folded before Flop (didn't bet)
Seat 2: Mahu2021 (small blind) collected (40)
Seat 3: SirGeof21 (big blind) folded before Flop



PokerStars Hand #254603703743: Tournament #3852767456, $4.60+$0.40 USD Hold'em No Limit - Level I (10/20) - 2025/01/29 9:22:32 CET [2025/01/29 3:22:32 ET]
Table '3852767456 1' 3-max Seat #2 is the button
Seat 1: BalticPagan (540 in chips) 
Seat 2: Mahu2021 (380 in chips) 
Seat 3: SirGeof21 (580 in chips) 
SirGeof21: posts small blind 10
BalticPagan: posts big blind 20
*** HOLE CARDS ***
Dealt to Mahu2021 [9h Kc]
Mahu2021: folds 
SirGeof21: calls 10
BalticPagan: checks 
*** FLOP *** [6d 8c Ah]
SirGeof21: bets 20
BalticPagan: calls 20
*** TURN *** [6d 8c Ah] [5c]
SirGeof21: checks 
BalticPagan: checks 
*** RIVER *** [6d 8c Ah 5c] [5s]
SirGeof21: bets 70
BalticPagan: calls 70
*** SHOW DOWN ***
SirGeof21: shows [8d Jd] (two pair, Eights and Fives)
BalticPagan: mucks hand 
SirGeof21 collected 220 from pot
*** SUMMARY ***
Total pot 220 | Rake 0 
Board [6d 8c Ah 5c 5s]
Seat 1: BalticPagan (big blind) mucked [6c 7h]
Seat 2: Mahu2021 (button) folded before Flop (didn't bet)
Seat 3: SirGeof21 (small blind) showed [8d Jd] and won (220) with two pair, Eights and Fives



PokerStars Hand #254603707808: Tournament #3852767456, $4.60+$0.40 USD Hold'em No Limit - Level I (10/20) - 2025/01/29 9:23:22 CET [2025/01/29 3:23:22 ET]
Table '3852767456 1' 3-max Seat #3 is the button
Seat 1: BalticPagan (430 in chips) 
Seat 2: Mahu2021 (380 in chips) 
Seat 3: SirGeof21 (690 in chips) 
BalticPagan: posts small blind 10
Mahu2021: posts big blind 20
*** HOLE CARDS ***
Dealt to Mahu2021 [5c 3d]
SirGeof21: folds 
BalticPagan: calls 10
Mahu2021: checks 
*** FLOP *** [4d 4h As]
BalticPagan: bets 20
Mahu2021: folds 
Uncalled bet (20) returned to BalticPagan
BalticPagan collected 40 from pot
BalticPagan: doesn't show hand 
*** SUMMARY ***
Total pot 40 | Rake 0 
Board [4d 4h As]
Seat 1: BalticPagan (small blind) collected (40)
Seat 2: Mahu2021 (big blind) folded on the Flop
Seat 3: SirGeof21 (button) folded before Flop (didn't bet)



PokerStars Hand #254603709404: Tournament #3852767456, $4.60+$0.40 USD Hold'em No Limit - Level II (15/30) - 2025/01/29 9:23:43 CET [2025/01/29 3:23:43 ET]
Table '3852767456 1' 3-max Seat #1 is the button
Seat 1: BalticPagan (450 in chips) 
Seat 2: Mahu2021 (360 in chips) 
Seat 3: SirGeof21 (690 in chips) 
Mahu2021: posts small blind 15
SirGeof21: posts big blind 30
*** HOLE CARDS ***
Dealt to Mahu2021 [6d Qc]
BalticPagan: folds 
Mahu2021: folds 
Uncalled bet (15) returned to SirGeof21
SirGeof21 collected 30 from pot
*** SUMMARY ***
Total pot 30 | Rake 0 
Seat 1: BalticPagan (button) folded before Flop (didn't bet)
Seat 2: Mahu2021 (small blind) folded before Flop
Seat 3: SirGeof21 (big blind) collected (30)



PokerStars Hand #254603709883: Tournament #3852767456, $4.60+$0.40 USD Hold'em No Limit - Level II (15/30) - 2025/01/29 9:23:49 CET [2025/01/29 3:23:49 ET]
Table '3852767456 1' 3-max Seat #2 is the button
Seat 1: BalticPagan (450 in chips) 
Seat 2: Mahu2021 (345 in chips) 
Seat 3: SirGeof21 (705 in chips) 
SirGeof21: posts small blind 15
BalticPagan: posts big blind 30
*** HOLE CARDS ***
Dealt to Mahu2021 [6d 7h]
Mahu2021: folds 
SirGeof21: calls 15
BalticPagan: raises 420 to 450 and is all-in
SirGeof21: folds 
Uncalled bet (420) returned to BalticPagan
BalticPagan collected 60 from pot
BalticPagan: doesn't show hand 
*** SUMMARY ***
Total pot 60 | Rake 0 
Seat 1: BalticPagan (big blind) collected (60)
Seat 2: Mahu2021 (button) folded before Flop (didn't bet)
Seat 3: SirGeof21 (small blind) folded before Flop



PokerStars Hand #254603710988: Tournament #3852767456, $4.60+$0.40 USD Hold'em No Limit - Level II (15/30) - 2025/01/29 9:24:02 CET [2025/01/29 3:24:02 ET]
Table '3852767456 1' 3-max Seat #3 is the button
Seat 1: BalticPagan (480 in chips) 
Seat 2: Mahu2021 (345 in chips) 
Seat 3: SirGeof21 (675 in chips) 
BalticPagan: posts small blind 15
Mahu2021: posts big blind 30
*** HOLE CARDS ***
Dealt to Mahu2021 [Ts Th]
SirGeof21: raises 60 to 90
BalticPagan: folds 
Mahu2021: raises 255 to 345 and is all-in
SirGeof21: calls 255
*** FLOP *** [Tc 7s 4s]
*** TURN *** [Tc 7s 4s] [9c]
*** RIVER *** [Tc 7s 4s 9c] [3h]
*** SHOW DOWN ***
Mahu2021: shows [Ts Th] (three of a kind, Tens)
SirGeof21: shows [As 8d] (high card Ace)
Mahu2021 collected 705 from pot
*** SUMMARY ***
Total pot 705 | Rake 0 
Board [Tc 7s 4s 9c 3h]
Seat 1: BalticPagan (small blind) folded before Flop
Seat 2: Mahu2021 (big blind) showed [Ts Th] and won (705) with three of a kind, Tens
Seat 3: SirGeof21 (button) showed [As 8d] and lost with high card Ace



PokerStars Hand #254603712303: Tournament #3852767456, $4.60+$0.40 USD Hold'em No Limit - Level II (15/30) - 2025/01/29 9:24:20 CET [2025/01/29 3:24:20 ET]
Table '3852767456 1' 3-max Seat #1 is the button
Seat 1: BalticPagan (465 in chips) 
Seat 2: Mahu2021 (705 in chips) 
Seat 3: SirGeof21 (330 in chips) 
Mahu2021: posts small blind 15
SirGeof21: posts big blind 30
*** HOLE CARDS ***
Dealt to Mahu2021 [6s Qc]
BalticPagan: folds 
Mahu2021: folds 
Uncalled bet (15) returned to SirGeof21
SirGeof21 collected 30 from pot
*** SUMMARY ***
Total pot 30 | Rake 0 
Seat 1: BalticPagan (button) folded before Flop (didn't bet)
Seat 2: Mahu2021 (small blind) folded before Flop
Seat 3: SirGeof21 (big blind) collected (30)



PokerStars Hand #254603712876: Tournament #3852767456, $4.60+$0.40 USD Hold'em No Limit - Level II (15/30) - 2025/01/29 9:24:27 CET [2025/01/29 3:24:27 ET]
Table '3852767456 1' 3-max Seat #2 is the button
Seat 1: BalticPagan (465 in chips) 
Seat 2: Mahu2021 (690 in chips) 
Seat 3: SirGeof21 (345 in chips) 
SirGeof21: posts small blind 15
BalticPagan: posts big blind 30
*** HOLE CARDS ***
Dealt to Mahu2021 [Th 6d]
Mahu2021: folds 
SirGeof21: calls 15
BalticPagan: checks 
*** FLOP *** [Jh 9d 4d]
SirGeof21: checks 
BalticPagan: checks 
*** TURN *** [Jh 9d 4d] [7s]
SirGeof21: checks 
BalticPagan: checks 
*** RIVER *** [Jh 9d 4d 7s] [3c]
SirGeof21: bets 50
BalticPagan: calls 50
*** SHOW DOWN ***
SirGeof21: shows [5h 8h] (high card Jack)
BalticPagan: shows [3d 4h] (two pair, Fours and Threes)
BalticPagan collected 160 from pot
*** SUMMARY ***
Total pot 160 | Rake 0 
Board [Jh 9d 4d 7s 3c]
Seat 1: BalticPagan (big blind) showed [3d 4h] and won (160) with two pair, Fours and Threes
Seat 2: Mahu2021 (button) folded before Flop (didn't bet)
Seat 3: SirGeof21 (small blind) showed [5h 8h] and lost with high card Jack



PokerStars Hand #254603715430: Tournament #3852767456, $4.60+$0.40 USD Hold'em No Limit - Level II (15/30) - 2025/01/29 9:24:59 CET [2025/01/29 3:24:59 ET]
Table '3852767456 1' 3-max Seat #3 is the button
Seat 1: BalticPagan (545 in chips) 
Seat 2: Mahu2021 (690 in chips) 
Seat 3: SirGeof21 (265 in chips) 
BalticPagan: posts small blind 15
Mahu2021: posts big blind 30
*** HOLE CARDS ***
Dealt to Mahu2021 [Qh 6h]
SirGeof21: folds 
BalticPagan: calls 15
Mahu2021: checks 
*** FLOP *** [7s Th 3s]
BalticPagan: bets 30
Mahu2021: calls 30
*** TURN *** [7s Th 3s] [4c]
BalticPagan: bets 60
Mahu2021: folds 
Uncalled bet (60) returned to BalticPagan
BalticPagan collected 120 from pot
BalticPagan: doesn't show hand 
*** SUMMARY ***
Total pot 120 | Rake 0 
Board [7s Th 3s 4c]
Seat 1: BalticPagan (small blind) collected (120)
Seat 2: Mahu2021 (big blind) folded on the Turn
Seat 3: SirGeof21 (button) folded before Flop (didn't bet)



PokerStars Hand #254603716941: Tournament #3852767456, $4.60+$0.40 USD Hold'em No Limit - Level II (15/30) - 2025/01/29 9:25:18 CET [2025/01/29 3:25:18 ET]
Table '3852767456 1' 3-max Seat #1 is the button
Seat 1: BalticPagan (605 in chips) 
Seat 2: Mahu2021 (630 in chips) 
Seat 3: SirGeof21 (265 in chips) 
Mahu2021: posts small blind 15
SirGeof21: posts big blind 30
*** HOLE CARDS ***
Dealt to Mahu2021 [Kd As]
BalticPagan: folds 
Mahu2021: raises 60 to 90
SirGeof21: calls 60
*** FLOP *** [Qd 6d 7s]
Mahu2021: checks 
SirGeof21: checks 
*** TURN *** [Qd 6d 7s] [5c]
Mahu2021: checks 
SirGeof21: bets 30
Mahu2021: calls 30
*** RIVER *** [Qd 6d 7s 5c] [Qc]
Mahu2021: checks 
SirGeof21: bets 90
Mahu2021: calls 90
*** SHOW DOWN ***
SirGeof21: shows [Jd Qs] (three of a kind, Queens)
Mahu2021: mucks hand 
SirGeof21 collected 420 from pot
*** SUMMARY ***
Total pot 420 | Rake 0 
Board [Qd 6d 7s 5c Qc]
Seat 1: BalticPagan (button) folded before Flop (didn't bet)
Seat 2: Mahu2021 (small blind) mucked [Kd As]
Seat 3: SirGeof21 (big blind) showed [Jd Qs] and won (420) with three of a kind, Queens



PokerStars Hand #254603718485: Tournament #3852767456, $4.60+$0.40 USD Hold'em No Limit - Level II (15/30) - 2025/01/29 9:25:37 CET [2025/01/29 3:25:37 ET]
Table '3852767456 1' 3-max Seat #2 is the button
Seat 1: BalticPagan (605 in chips) 
Seat 2: Mahu2021 (420 in chips) 
Seat 3: SirGeof21 (475 in chips) 
SirGeof21: posts small blind 15
BalticPagan: posts big blind 30
*** HOLE CARDS ***
Dealt to Mahu2021 [5s As]
Mahu2021: raises 30 to 60
SirGeof21: folds 
BalticPagan: calls 30
*** FLOP *** [2h Qs 2d]
BalticPagan: checks 
Mahu2021: checks 
*** TURN *** [2h Qs 2d] [4s]
BalticPagan: checks 
Mahu2021: bets 135
BalticPagan: folds 
Uncalled bet (135) returned to Mahu2021
Mahu2021 collected 135 from pot
Mahu2021: doesn't show hand 
*** SUMMARY ***
Total pot 135 | Rake 0 
Board [2h Qs 2d 4s]
Seat 1: BalticPagan (big blind) folded on the Turn
Seat 2: Mahu2021 (button) collected (135)
Seat 3: SirGeof21 (small blind) folded before Flop



PokerStars Hand #254603720003: Tournament #3852767456, $4.60+$0.40 USD Hold'em No Limit - Level II (15/30) - 2025/01/29 9:25:56 CET [2025/01/29 3:25:56 ET]
Table '3852767456 1' 3-max Seat #3 is the button
Seat 1: BalticPagan (545 in chips) 
Seat 2: Mahu2021 (495 in chips) 
Seat 3: SirGeof21 (460 in chips) 
BalticPagan: posts small blind 15
Mahu2021: posts big blind 30
*** HOLE CARDS ***
Dealt to Mahu2021 [6c Qd]
SirGeof21: folds 
BalticPagan: raises 30 to 60
Mahu2021: calls 30
*** FLOP *** [6d 3d 6s]
BalticPagan: bets 30
Mahu2021: calls 30
*** TURN *** [6d 3d 6s] [Th]
BalticPagan: checks 
Mahu2021: bets 60
BalticPagan: calls 60
*** RIVER *** [6d 3d 6s Th] [Qh]
BalticPagan: checks 
Mahu2021: bets 90
BalticPagan: folds 
Uncalled bet (90) returned to Mahu2021
Mahu2021 collected 300 from pot
Mahu2021: doesn't show hand 
*** SUMMARY ***
Total pot 300 | Rake 0 
Board [6d 3d 6s Th Qh]
Seat 1: BalticPagan (small blind) folded on the River
Seat 2: Mahu2021 (big blind) collected (300)
Seat 3: SirGeof21 (button) folded before Flop (didn't bet)



PokerStars Hand #254603724103: Tournament #3852767456, $4.60+$0.40 USD Hold'em No Limit - Level III (20/40) - 2025/01/29 9:26:48 CET [2025/01/29 3:26:48 ET]
Table '3852767456 1' 3-max Seat #1 is the button
Seat 1: BalticPagan (395 in chips) 
Seat 2: Mahu2021 (645 in chips) 
Seat 3: SirGeof21 (460 in chips) 
Mahu2021: posts small blind 20
SirGeof21: posts big blind 40
*** HOLE CARDS ***
Dealt to Mahu2021 [6s 9s]
BalticPagan: folds 
Mahu2021: folds 
Uncalled bet (20) returned to SirGeof21
SirGeof21 collected 40 from pot
*** SUMMARY ***
Total pot 40 | Rake 0 
Seat 1: BalticPagan (button) folded before Flop (didn't bet)
Seat 2: Mahu2021 (small blind) folded before Flop
Seat 3: SirGeof21 (big blind) collected (40)



PokerStars Hand #254603724610: Tournament #3852767456, $4.60+$0.40 USD Hold'em No Limit - Level III (20/40) - 2025/01/29 9:26:54 CET [2025/01/29 3:26:54 ET]
Table '3852767456 1' 3-max Seat #2 is the button
Seat 1: BalticPagan (395 in chips) 
Seat 2: Mahu2021 (625 in chips) 
Seat 3: SirGeof21 (480 in chips) 
SirGeof21: posts small blind 20
BalticPagan: posts big blind 40
*** HOLE CARDS ***
Dealt to Mahu2021 [Jc Td]
Mahu2021: folds 
SirGeof21: calls 20
BalticPagan: checks 
*** FLOP *** [8s Jd Kd]
SirGeof21: bets 40
BalticPagan: calls 40
*** TURN *** [8s Jd Kd] [Ks]
SirGeof21: checks 
BalticPagan: checks 
*** RIVER *** [8s Jd Kd Ks] [Kh]
SirGeof21: bets 100
BalticPagan: folds 
Uncalled bet (100) returned to SirGeof21
SirGeof21 collected 160 from pot
*** SUMMARY ***
Total pot 160 | Rake 0 
Board [8s Jd Kd Ks Kh]
Seat 1: BalticPagan (big blind) folded on the River
Seat 2: Mahu2021 (button) folded before Flop (didn't bet)
Seat 3: SirGeof21 (small blind) collected (160)



PokerStars Hand #254603727889: Tournament #3852767456, $4.60+$0.40 USD Hold'em No Limit - Level III (20/40) - 2025/01/29 9:27:36 CET [2025/01/29 3:27:36 ET]
Table '3852767456 1' 3-max Seat #3 is the button
Seat 1: BalticPagan (315 in chips) 
Seat 2: Mahu2021 (625 in chips) 
Seat 3: SirGeof21 (560 in chips) 
BalticPagan: posts small blind 20
Mahu2021: posts big blind 40
*** HOLE CARDS ***
Dealt to Mahu2021 [9d 8c]
SirGeof21: raises 140 to 180
BalticPagan: folds 
Mahu2021: folds 
Uncalled bet (140) returned to SirGeof21
SirGeof21 collected 100 from pot
*** SUMMARY ***
Total pot 100 | Rake 0 
Seat 1: BalticPagan (small blind) folded before Flop
Seat 2: Mahu2021 (big blind) folded before Flop
Seat 3: SirGeof21 (button) collected (100)



PokerStars Hand #254603728595: Tournament #3852767456, $4.60+$0.40 USD Hold'em No Limit - Level III (20/40) - 2025/01/29 9:27:45 CET [2025/01/29 3:27:45 ET]
Table '3852767456 1' 3-max Seat #1 is the button
Seat 1: BalticPagan (295 in chips) 
Seat 2: Mahu2021 (585 in chips) 
Seat 3: SirGeof21 (620 in chips) 
Mahu2021: posts small blind 20
SirGeof21: posts big blind 40
*** HOLE CARDS ***
Dealt to Mahu2021 [5h Td]
BalticPagan: folds 
Mahu2021: folds 
Uncalled bet (20) returned to SirGeof21
SirGeof21 collected 40 from pot
*** SUMMARY ***
Total pot 40 | Rake 0 
Seat 1: BalticPagan (button) folded before Flop (didn't bet)
Seat 2: Mahu2021 (small blind) folded before Flop
Seat 3: SirGeof21 (big blind) collected (40)



PokerStars Hand #254603728988: Tournament #3852767456, $4.60+$0.40 USD Hold'em No Limit - Level III (20/40) - 2025/01/29 9:27:50 CET [2025/01/29 3:27:50 ET]
Table '3852767456 1' 3-max Seat #2 is the button
Seat 1: BalticPagan (295 in chips) 
Seat 2: Mahu2021 (565 in chips) 
Seat 3: SirGeof21 (640 in chips) 
SirGeof21: posts small blind 20
BalticPagan: posts big blind 40
*** HOLE CARDS ***
Dealt to Mahu2021 [Ad Jd]
Mahu2021: raises 40 to 80
SirGeof21: folds 
BalticPagan: calls 40
*** FLOP *** [5s Kd 4s]
BalticPagan: checks 
Mahu2021: bets 120
BalticPagan: folds 
Uncalled bet (120) returned to Mahu2021
Mahu2021 collected 180 from pot
Mahu2021: doesn't show hand 
*** SUMMARY ***
Total pot 180 | Rake 0 
Board [5s Kd 4s]
Seat 1: BalticPagan (big blind) folded on the Flop
Seat 2: Mahu2021 (button) collected (180)
Seat 3: SirGeof21 (small blind) folded before Flop



PokerStars Hand #254603730391: Tournament #3852767456, $4.60+$0.40 USD Hold'em No Limit - Level III (20/40) - 2025/01/29 9:28:08 CET [2025/01/29 3:28:08 ET]
Table '3852767456 1' 3-max Seat #3 is the button
Seat 1: BalticPagan (215 in chips) 
Seat 2: Mahu2021 (665 in chips) 
Seat 3: SirGeof21 (620 in chips) 
BalticPagan: posts small blind 20
Mahu2021: posts big blind 40
*** HOLE CARDS ***
Dealt to Mahu2021 [4d 9c]
SirGeof21: calls 40
BalticPagan: calls 20
Mahu2021: checks 
*** FLOP *** [3d 8d 7d]
BalticPagan: bets 175 and is all-in
Mahu2021: folds 
SirGeof21: folds 
Uncalled bet (175) returned to BalticPagan
BalticPagan collected 120 from pot
BalticPagan: doesn't show hand 
*** SUMMARY ***
Total pot 120 | Rake 0 
Board [3d 8d 7d]
Seat 1: BalticPagan (small blind) collected (120)
Seat 2: Mahu2021 (big blind) folded on the Flop
Seat 3: SirGeof21 (button) folded on the Flop



PokerStars Hand #254603732397: Tournament #3852767456, $4.60+$0.40 USD Hold'em No Limit - Level III (20/40) - 2025/01/29 9:28:34 CET [2025/01/29 3:28:34 ET]
Table '3852767456 1' 3-max Seat #1 is the button
Seat 1: BalticPagan (295 in chips) 
Seat 2: Mahu2021 (625 in chips) 
Seat 3: SirGeof21 (580 in chips) 
Mahu2021: posts small blind 20
SirGeof21: posts big blind 40
*** HOLE CARDS ***
Dealt to Mahu2021 [Qh 8c]
BalticPagan: folds 
Mahu2021: calls 20
SirGeof21: checks 
*** FLOP *** [Ks 6c 8s]
Mahu2021: bets 40
SirGeof21: folds 
Uncalled bet (40) returned to Mahu2021
Mahu2021 collected 80 from pot
Mahu2021: doesn't show hand 
*** SUMMARY ***
Total pot 80 | Rake 0 
Board [Ks 6c 8s]
Seat 1: BalticPagan (button) folded before Flop (didn't bet)
Seat 2: Mahu2021 (small blind) collected (80)
Seat 3: SirGeof21 (big blind) folded on the Flop



PokerStars Hand #254603733376: Tournament #3852767456, $4.60+$0.40 USD Hold'em No Limit - Level III (20/40) - 2025/01/29 9:28:45 CET [2025/01/29 3:28:45 ET]
Table '3852767456 1' 3-max Seat #2 is the button
Seat 1: BalticPagan (295 in chips) 
Seat 2: Mahu2021 (665 in chips) 
Seat 3: SirGeof21 (540 in chips) 
SirGeof21: posts small blind 20
BalticPagan: posts big blind 40
*** HOLE CARDS ***
Dealt to Mahu2021 [8c 3d]
Mahu2021: folds 
SirGeof21: folds 
Uncalled bet (20) returned to BalticPagan
BalticPagan collected 40 from pot
BalticPagan: doesn't show hand 
*** SUMMARY ***
Total pot 40 | Rake 0 
Seat 1: BalticPagan (big blind) collected (40)
Seat 2: Mahu2021 (button) folded before Flop (didn't bet)
Seat 3: SirGeof21 (small blind) folded before Flop



PokerStars Hand #254603733845: Tournament #3852767456, $4.60+$0.40 USD Hold'em No Limit - Level III (20/40) - 2025/01/29 9:28:52 CET [2025/01/29 3:28:52 ET]
Table '3852767456 1' 3-max Seat #3 is the button
Seat 1: BalticPagan (315 in chips) 
Seat 2: Mahu2021 (665 in chips) 
Seat 3: SirGeof21 (520 in chips) 
BalticPagan: posts small blind 20
Mahu2021: posts big blind 40
*** HOLE CARDS ***
Dealt to Mahu2021 [Ad 3c]
SirGeof21: folds 
BalticPagan: calls 20
Mahu2021: raises 625 to 665 and is all-in
BalticPagan: folds 
Uncalled bet (625) returned to Mahu2021
Mahu2021 collected 80 from pot
Mahu2021: doesn't show hand 
*** SUMMARY ***
Total pot 80 | Rake 0 
Seat 1: BalticPagan (small blind) folded before Flop
Seat 2: Mahu2021 (big blind) collected (80)
Seat 3: SirGeof21 (button) folded before Flop (didn't bet)



PokerStars Hand #254603735087: Tournament #3852767456, $4.60+$0.40 USD Hold'em No Limit - Level III (20/40) - 2025/01/29 9:29:08 CET [2025/01/29 3:29:08 ET]
Table '3852767456 1' 3-max Seat #1 is the button
Seat 1: BalticPagan (275 in chips) 
Seat 2: Mahu2021 (705 in chips) 
Seat 3: SirGeof21 (520 in chips) 
Mahu2021: posts small blind 20
SirGeof21: posts big blind 40
*** HOLE CARDS ***
Dealt to Mahu2021 [4c 4h]
BalticPagan: folds 
Mahu2021: raises 40 to 80
SirGeof21: calls 40
*** FLOP *** [5s Ah Ac]
Mahu2021: checks 
SirGeof21: bets 80
Mahu2021: calls 80
*** TURN *** [5s Ah Ac] [2c]
Mahu2021: checks 
SirGeof21: checks 
*** RIVER *** [5s Ah Ac 2c] [3h]
Mahu2021: bets 545 and is all-in
SirGeof21: folds 
Uncalled bet (545) returned to Mahu2021
Mahu2021 collected 320 from pot
Mahu2021: doesn't show hand 
*** SUMMARY ***
Total pot 320 | Rake 0 
Board [5s Ah Ac 2c 3h]
Seat 1: BalticPagan (button) folded before Flop (didn't bet)
Seat 2: Mahu2021 (small blind) collected (320)
Seat 3: SirGeof21 (big blind) folded on the River



PokerStars Hand #254603737645: Tournament #3852767456, $4.60+$0.40 USD Hold'em No Limit - Level IV (30/60) - 2025/01/29 9:29:40 CET [2025/01/29 3:29:40 ET]
Table '3852767456 1' 3-max Seat #2 is the button
Seat 1: BalticPagan (275 in chips) 
Seat 2: Mahu2021 (865 in chips) 
Seat 3: SirGeof21 (360 in chips) 
SirGeof21: posts small blind 30
BalticPagan: posts big blind 60
*** HOLE CARDS ***
Dealt to Mahu2021 [Jd 9s]
Mahu2021: folds 
SirGeof21: raises 120 to 180
BalticPagan: folds 
Uncalled bet (120) returned to SirGeof21
SirGeof21 collected 120 from pot
*** SUMMARY ***
Total pot 120 | Rake 0 
Seat 1: BalticPagan (big blind) folded before Flop
Seat 2: Mahu2021 (button) folded before Flop (didn't bet)
Seat 3: SirGeof21 (small blind) collected (120)



PokerStars Hand #254603738658: Tournament #3852767456, $4.60+$0.40 USD Hold'em No Limit - Level IV (30/60) - 2025/01/29 9:29:52 CET [2025/01/29 3:29:52 ET]
Table '3852767456 1' 3-max Seat #3 is the button
Seat 1: BalticPagan (215 in chips) 
Seat 2: Mahu2021 (865 in chips) 
Seat 3: SirGeof21 (420 in chips) 
BalticPagan: posts small blind 30
Mahu2021: posts big blind 60
*** HOLE CARDS ***
Dealt to Mahu2021 [9c 5h]
SirGeof21: folds 
BalticPagan: raises 155 to 215 and is all-in
Mahu2021: folds 
Uncalled bet (155) returned to BalticPagan
BalticPagan collected 120 from pot
BalticPagan: doesn't show hand 
*** SUMMARY ***
Total pot 120 | Rake 0 
Seat 1: BalticPagan (small blind) collected (120)
Seat 2: Mahu2021 (big blind) folded before Flop
Seat 3: SirGeof21 (button) folded before Flop (didn't bet)



PokerStars Hand #254603739196: Tournament #3852767456, $4.60+$0.40 USD Hold'em No Limit - Level IV (30/60) - 2025/01/29 9:29:59 CET [2025/01/29 3:29:59 ET]
Table '3852767456 1' 3-max Seat #1 is the button
Seat 1: BalticPagan (275 in chips) 
Seat 2: Mahu2021 (805 in chips) 
Seat 3: SirGeof21 (420 in chips) 
Mahu2021: posts small blind 30
SirGeof21: posts big blind 60
*** HOLE CARDS ***
Dealt to Mahu2021 [As 7c]
BalticPagan: raises 215 to 275 and is all-in
Mahu2021: folds 
SirGeof21: calls 215
*** FLOP *** [Th 8h 5s]
*** TURN *** [Th 8h 5s] [2d]
*** RIVER *** [Th 8h 5s 2d] [6c]
*** SHOW DOWN ***
SirGeof21: shows [5d Js] (a pair of Fives)
BalticPagan: shows [9c Kd] (high card King)
SirGeof21 collected 580 from pot
BalticPagan finished the tournament in 3rd place
*** SUMMARY ***
Total pot 580 | Rake 0 
Board [Th 8h 5s 2d 6c]
Seat 1: BalticPagan (button) showed [9c Kd] and lost with high card King
Seat 2: Mahu2021 (small blind) folded before Flop
Seat 3: SirGeof21 (big blind) showed [5d Js] and won (580) with a pair of Fives



PokerStars Hand #254603740887: Tournament #3852767456, $4.60+$0.40 USD Hold'em No Limit - Level IV (30/60) - 2025/01/29 9:30:20 CET [2025/01/29 3:30:20 ET]
Table '3852767456 1' 3-max Seat #3 is the button
Seat 2: Mahu2021 (775 in chips) 
Seat 3: SirGeof21 (725 in chips) 
SirGeof21: posts small blind 30
Mahu2021: posts big blind 60
*** HOLE CARDS ***
Dealt to Mahu2021 [Kc Ah]
SirGeof21: raises 60 to 120
Mahu2021: raises 655 to 775 and is all-in
SirGeof21: calls 605 and is all-in
Uncalled bet (50) returned to Mahu2021
*** FLOP *** [5d 4c 3h]
*** TURN *** [5d 4c 3h] [2c]
*** RIVER *** [5d 4c 3h 2c] [3d]
*** SHOW DOWN ***
Mahu2021: shows [Kc Ah] (a straight, Ace to Five)
SirGeof21: shows [Ts Jc] (a pair of Threes)
Mahu2021 collected 1450 from pot
SirGeof21 finished the tournament in 2nd place
Mahu2021 wins the tournament and receives $20.00 - congratulations!
*** SUMMARY ***
Total pot 1450 | Rake 0 
Board [5d 4c 3h 2c 3d]
Seat 2: Mahu2021 (big blind) showed [Kc Ah] and won (1450) with a straight, Ace to Five
Seat 3: SirGeof21 (button) (small blind) showed [Ts Jc] and lost with a pair of Threes



