PokerStars Hand #246334393434: Tournament #3653605094, $9.30+$0.70 USD Hold'em No Limit - Level I (10/20) - 2023/10/03 22:58:35 CET [2023/10/03 16:58:35 ET]
Table '3653605094 1' 3-max Seat #1 is the button
Seat 1: Cep8aHTYC (500 in chips) 
Seat 2: Tipatushka (500 in chips) 
Seat 3: Mahu2021 (500 in chips) 
Tipatushka: posts small blind 10
Mahu2021: posts big blind 20
*** HOLE CARDS ***
Dealt to Mahu2021 [Th 3c]
Cep8aHTYC: raises 20 to 40
Tipatushka: folds 
Mahu2021: folds 
Uncalled bet (20) returned to Cep8aHTYC
Cep8aHTYC collected 50 from pot
Cep8aHTYC: doesn't show hand 
*** SUMMARY ***
Total pot 50 | Rake 0 
Seat 1: Cep8aHTYC (button) collected (50)
Seat 2: Tipatushka (small blind) folded before Flop
Seat 3: Mahu2021 (big blind) folded before Flop



PokerStars Hand #246334395406: Tournament #3653605094, $9.30+$0.70 USD Hold'em No Limit - Level I (10/20) - 2023/10/03 22:58:43 CET [2023/10/03 16:58:43 ET]
Table '3653605094 1' 3-max Seat #2 is the button
Seat 1: Cep8aHTYC (530 in chips) 
Seat 2: Tipatushka (490 in chips) 
Seat 3: Mahu2021 (480 in chips) 
Mahu2021: posts small blind 10
Cep8aHTYC: posts big blind 20
*** HOLE CARDS ***
Dealt to Mahu2021 [8s 9d]
Tipatushka: raises 20 to 40
Mahu2021: calls 30
Cep8aHTYC: calls 20
*** FLOP *** [As Ks 5s]
Mahu2021: checks 
Cep8aHTYC: checks 
Tipatushka: bets 60
Mahu2021: folds 
Cep8aHTYC: folds 
Uncalled bet (60) returned to Tipatushka
Tipatushka collected 120 from pot
Tipatushka: doesn't show hand 
*** SUMMARY ***
Total pot 120 | Rake 0 
Board [As Ks 5s]
Seat 1: Cep8aHTYC (big blind) folded on the Flop
Seat 2: Tipatushka (button) collected (120)
Seat 3: Mahu2021 (small blind) folded on the Flop



PokerStars Hand #246334404188: Tournament #3653605094, $9.30+$0.70 USD Hold'em No Limit - Level I (10/20) - 2023/10/03 22:59:20 CET [2023/10/03 16:59:20 ET]
Table '3653605094 1' 3-max Seat #3 is the button
Seat 1: Cep8aHTYC (490 in chips) 
Seat 2: Tipatushka (570 in chips) 
Seat 3: Mahu2021 (440 in chips) 
Cep8aHTYC: posts small blind 10
Tipatushka: posts big blind 20
*** HOLE CARDS ***
Dealt to Mahu2021 [3d 2s]
Mahu2021: folds 
Cep8aHTYC: raises 30 to 50
Tipatushka: folds 
Uncalled bet (30) returned to Cep8aHTYC
Cep8aHTYC collected 40 from pot
Cep8aHTYC: doesn't show hand 
*** SUMMARY ***
Total pot 40 | Rake 0 
Seat 1: Cep8aHTYC (small blind) collected (40)
Seat 2: Tipatushka (big blind) folded before Flop
Seat 3: Mahu2021 (button) folded before Flop (didn't bet)



PokerStars Hand #246334406543: Tournament #3653605094, $9.30+$0.70 USD Hold'em No Limit - Level I (10/20) - 2023/10/03 22:59:29 CET [2023/10/03 16:59:29 ET]
Table '3653605094 1' 3-max Seat #1 is the button
Seat 1: Cep8aHTYC (510 in chips) 
Seat 2: Tipatushka (550 in chips) 
Seat 3: Mahu2021 (440 in chips) 
Tipatushka: posts small blind 10
Mahu2021: posts big blind 20
*** HOLE CARDS ***
Dealt to Mahu2021 [Kh As]
Cep8aHTYC: folds 
Tipatushka: raises 40 to 60
Mahu2021: calls 40
*** FLOP *** [3h 4h 6h]
Tipatushka: checks 
Mahu2021: bets 120
Tipatushka: folds 
Uncalled bet (120) returned to Mahu2021
Mahu2021 collected 120 from pot
Mahu2021: doesn't show hand 
*** SUMMARY ***
Total pot 120 | Rake 0 
Board [3h 4h 6h]
Seat 1: Cep8aHTYC (button) folded before Flop (didn't bet)
Seat 2: Tipatushka (small blind) folded on the Flop
Seat 3: Mahu2021 (big blind) collected (120)



PokerStars Hand #246334411916: Tournament #3653605094, $9.30+$0.70 USD Hold'em No Limit - Level I (10/20) - 2023/10/03 22:59:51 CET [2023/10/03 16:59:51 ET]
Table '3653605094 1' 3-max Seat #2 is the button
Seat 1: Cep8aHTYC (510 in chips) 
Seat 2: Tipatushka (490 in chips) 
Seat 3: Mahu2021 (500 in chips) 
Mahu2021: posts small blind 10
Cep8aHTYC: posts big blind 20
*** HOLE CARDS ***
Dealt to Mahu2021 [Kh 3c]
Tipatushka: raises 20 to 40
Mahu2021: folds 
Cep8aHTYC: calls 20
*** FLOP *** [9c Tc 2h]
Cep8aHTYC: checks 
Tipatushka: checks 
*** TURN *** [9c Tc 2h] [8s]
Cep8aHTYC: checks 
Tipatushka: checks 
*** RIVER *** [9c Tc 2h 8s] [Ad]
Cep8aHTYC: bets 20
Tipatushka: raises 40 to 60
Cep8aHTYC: folds 
Uncalled bet (40) returned to Tipatushka
Tipatushka collected 130 from pot
Tipatushka: doesn't show hand 
*** SUMMARY ***
Total pot 130 | Rake 0 
Board [9c Tc 2h 8s Ad]
Seat 1: Cep8aHTYC (big blind) folded on the River
Seat 2: Tipatushka (button) collected (130)
Seat 3: Mahu2021 (small blind) folded before Flop



PokerStars Hand #246334426301: Tournament #3653605094, $9.30+$0.70 USD Hold'em No Limit - Level II (15/30) - 2023/10/03 23:00:49 CET [2023/10/03 17:00:49 ET]
Table '3653605094 1' 3-max Seat #3 is the button
Seat 1: Cep8aHTYC (450 in chips) 
Seat 2: Tipatushka (560 in chips) 
Seat 3: Mahu2021 (490 in chips) 
Cep8aHTYC: posts small blind 15
Tipatushka: posts big blind 30
*** HOLE CARDS ***
Dealt to Mahu2021 [Ah 5h]
Mahu2021: raises 30 to 60
Cep8aHTYC: folds 
Tipatushka: folds 
Uncalled bet (30) returned to Mahu2021
Mahu2021 collected 75 from pot
Mahu2021: doesn't show hand 
*** SUMMARY ***
Total pot 75 | Rake 0 
Seat 1: Cep8aHTYC (small blind) folded before Flop
Seat 2: Tipatushka (big blind) folded before Flop
Seat 3: Mahu2021 (button) collected (75)



PokerStars Hand #246334428524: Tournament #3653605094, $9.30+$0.70 USD Hold'em No Limit - Level II (15/30) - 2023/10/03 23:00:57 CET [2023/10/03 17:00:57 ET]
Table '3653605094 1' 3-max Seat #1 is the button
Seat 1: Cep8aHTYC (435 in chips) 
Seat 2: Tipatushka (530 in chips) 
Seat 3: Mahu2021 (535 in chips) 
Tipatushka: posts small blind 15
Mahu2021: posts big blind 30
*** HOLE CARDS ***
Dealt to Mahu2021 [Ts 2d]
Cep8aHTYC: folds 
Tipatushka: calls 15
Mahu2021: checks 
*** FLOP *** [Td 9h 6h]
Tipatushka: bets 30
Mahu2021: calls 30
*** TURN *** [Td 9h 6h] [5d]
Tipatushka: checks 
Mahu2021: bets 30
Tipatushka: calls 30
*** RIVER *** [Td 9h 6h 5d] [Ad]
Tipatushka: checks 
Mahu2021: checks 
*** SHOW DOWN ***
Tipatushka: shows [Jh 2h] (high card Ace)
Mahu2021: shows [Ts 2d] (a pair of Tens)
Mahu2021 collected 180 from pot
*** SUMMARY ***
Total pot 180 | Rake 0 
Board [Td 9h 6h 5d Ad]
Seat 1: Cep8aHTYC (button) folded before Flop (didn't bet)
Seat 2: Tipatushka (small blind) showed [Jh 2h] and lost with high card Ace
Seat 3: Mahu2021 (big blind) showed [Ts 2d] and won (180) with a pair of Tens



PokerStars Hand #246334438598: Tournament #3653605094, $9.30+$0.70 USD Hold'em No Limit - Level II (15/30) - 2023/10/03 23:01:30 CET [2023/10/03 17:01:30 ET]
Table '3653605094 1' 3-max Seat #2 is the button
Seat 1: Cep8aHTYC (435 in chips) 
Seat 2: Tipatushka (440 in chips) 
Seat 3: Mahu2021 (625 in chips) 
Mahu2021: posts small blind 15
Cep8aHTYC: posts big blind 30
*** HOLE CARDS ***
Dealt to Mahu2021 [Jc 2d]
Tipatushka: raises 30 to 60
Mahu2021: folds 
Cep8aHTYC: folds 
Uncalled bet (30) returned to Tipatushka
Tipatushka collected 75 from pot
Tipatushka: doesn't show hand 
*** SUMMARY ***
Total pot 75 | Rake 0 
Seat 1: Cep8aHTYC (big blind) folded before Flop
Seat 2: Tipatushka (button) collected (75)
Seat 3: Mahu2021 (small blind) folded before Flop



PokerStars Hand #246334445520: Tournament #3653605094, $9.30+$0.70 USD Hold'em No Limit - Level II (15/30) - 2023/10/03 23:01:50 CET [2023/10/03 17:01:50 ET]
Table '3653605094 1' 3-max Seat #3 is the button
Seat 1: Cep8aHTYC (405 in chips) 
Seat 2: Tipatushka (485 in chips) 
Seat 3: Mahu2021 (610 in chips) 
Cep8aHTYC: posts small blind 15
Tipatushka: posts big blind 30
*** HOLE CARDS ***
Dealt to Mahu2021 [Th Kh]
Mahu2021: raises 30 to 60
Cep8aHTYC: folds 
Tipatushka: raises 425 to 485 and is all-in
Mahu2021: calls 425
*** FLOP *** [9c 5h 3h]
*** TURN *** [9c 5h 3h] [2s]
*** RIVER *** [9c 5h 3h 2s] [Kc]
*** SHOW DOWN ***
Tipatushka: shows [As 8c] (high card Ace)
Mahu2021: shows [Th Kh] (a pair of Kings)
Mahu2021 collected 985 from pot
Tipatushka finished the tournament in 3rd place
*** SUMMARY ***
Total pot 985 | Rake 0 
Board [9c 5h 3h 2s Kc]
Seat 1: Cep8aHTYC (small blind) folded before Flop
Seat 2: Tipatushka (big blind) showed [As 8c] and lost with high card Ace
Seat 3: Mahu2021 (button) showed [Th Kh] and won (985) with a pair of Kings



PokerStars Hand #246334452881: Tournament #3653605094, $9.30+$0.70 USD Hold'em No Limit - Level II (15/30) - 2023/10/03 23:02:11 CET [2023/10/03 17:02:11 ET]
Table '3653605094 1' 3-max Seat #1 is the button
Seat 1: Cep8aHTYC (390 in chips) 
Seat 3: Mahu2021 (1110 in chips) 
Cep8aHTYC: posts small blind 15
Mahu2021: posts big blind 30
*** HOLE CARDS ***
Dealt to Mahu2021 [Ts 8c]
Cep8aHTYC: calls 15
Mahu2021: checks 
*** FLOP *** [As Jd 3c]
Mahu2021: bets 30
Cep8aHTYC: calls 30
*** TURN *** [As Jd 3c] [Ac]
Mahu2021: checks 
Cep8aHTYC: checks 
*** RIVER *** [As Jd 3c Ac] [Ah]
Mahu2021: checks 
Cep8aHTYC: bets 105
Mahu2021: folds 
Uncalled bet (105) returned to Cep8aHTYC
Cep8aHTYC collected 120 from pot
Cep8aHTYC: doesn't show hand 
*** SUMMARY ***
Total pot 120 | Rake 0 
Board [As Jd 3c Ac Ah]
Seat 1: Cep8aHTYC (button) (small blind) collected (120)
Seat 3: Mahu2021 (big blind) folded on the River



PokerStars Hand #246334465029: Tournament #3653605094, $9.30+$0.70 USD Hold'em No Limit - Level III (20/40) - 2023/10/03 23:02:45 CET [2023/10/03 17:02:45 ET]
Table '3653605094 1' 3-max Seat #3 is the button
Seat 1: Cep8aHTYC (450 in chips) 
Seat 3: Mahu2021 (1050 in chips) 
Mahu2021: posts small blind 20
Cep8aHTYC: posts big blind 40
*** HOLE CARDS ***
Dealt to Mahu2021 [3s 4c]
Mahu2021: calls 20
Cep8aHTYC: raises 410 to 450 and is all-in
Mahu2021: folds 
Uncalled bet (410) returned to Cep8aHTYC
Cep8aHTYC collected 80 from pot
Cep8aHTYC: doesn't show hand 
*** SUMMARY ***
Total pot 80 | Rake 0 
Seat 1: Cep8aHTYC (big blind) collected (80)
Seat 3: Mahu2021 (button) (small blind) folded before Flop



PokerStars Hand #246334468172: Tournament #3653605094, $9.30+$0.70 USD Hold'em No Limit - Level III (20/40) - 2023/10/03 23:02:54 CET [2023/10/03 17:02:54 ET]
Table '3653605094 1' 3-max Seat #1 is the button
Seat 1: Cep8aHTYC (490 in chips) 
Seat 3: Mahu2021 (1010 in chips) 
Cep8aHTYC: posts small blind 20
Mahu2021: posts big blind 40
*** HOLE CARDS ***
Dealt to Mahu2021 [Ts Qc]
Cep8aHTYC: calls 20
Mahu2021: checks 
*** FLOP *** [4h 2h 9h]
Mahu2021: bets 40
Cep8aHTYC: folds 
Uncalled bet (40) returned to Mahu2021
Mahu2021 collected 80 from pot
Mahu2021: doesn't show hand 
*** SUMMARY ***
Total pot 80 | Rake 0 
Board [4h 2h 9h]
Seat 1: Cep8aHTYC (button) (small blind) folded on the Flop
Seat 3: Mahu2021 (big blind) collected (80)



PokerStars Hand #246334472668: Tournament #3653605094, $9.30+$0.70 USD Hold'em No Limit - Level III (20/40) - 2023/10/03 23:03:07 CET [2023/10/03 17:03:07 ET]
Table '3653605094 1' 3-max Seat #3 is the button
Seat 1: Cep8aHTYC (450 in chips) 
Seat 3: Mahu2021 (1050 in chips) 
Mahu2021: posts small blind 20
Cep8aHTYC: posts big blind 40
*** HOLE CARDS ***
Dealt to Mahu2021 [7c 4s]
Mahu2021: calls 20
Cep8aHTYC: raises 60 to 100
Mahu2021: folds 
Uncalled bet (60) returned to Cep8aHTYC
Cep8aHTYC collected 80 from pot
Cep8aHTYC: doesn't show hand 
*** SUMMARY ***
Total pot 80 | Rake 0 
Seat 1: Cep8aHTYC (big blind) collected (80)
Seat 3: Mahu2021 (button) (small blind) folded before Flop



PokerStars Hand #246334479195: Tournament #3653605094, $9.30+$0.70 USD Hold'em No Limit - Level III (20/40) - 2023/10/03 23:03:25 CET [2023/10/03 17:03:25 ET]
Table '3653605094 1' 3-max Seat #1 is the button
Seat 1: Cep8aHTYC (490 in chips) 
Seat 3: Mahu2021 (1010 in chips) 
Cep8aHTYC: posts small blind 20
Mahu2021: posts big blind 40
*** HOLE CARDS ***
Dealt to Mahu2021 [2c 4c]
Cep8aHTYC: calls 20
Mahu2021: checks 
*** FLOP *** [8h Ah Qs]
Mahu2021: checks 
Cep8aHTYC: checks 
*** TURN *** [8h Ah Qs] [Th]
Mahu2021: checks 
Cep8aHTYC: checks 
*** RIVER *** [8h Ah Qs Th] [2s]
Mahu2021: bets 40
Cep8aHTYC: folds 
Uncalled bet (40) returned to Mahu2021
Mahu2021 collected 80 from pot
Mahu2021: doesn't show hand 
*** SUMMARY ***
Total pot 80 | Rake 0 
Board [8h Ah Qs Th 2s]
Seat 1: Cep8aHTYC (button) (small blind) folded on the River
Seat 3: Mahu2021 (big blind) collected (80)



PokerStars Hand #246334489924: Tournament #3653605094, $9.30+$0.70 USD Hold'em No Limit - Level III (20/40) - 2023/10/03 23:03:55 CET [2023/10/03 17:03:55 ET]
Table '3653605094 1' 3-max Seat #3 is the button
Seat 1: Cep8aHTYC (450 in chips) 
Seat 3: Mahu2021 (1050 in chips) 
Mahu2021: posts small blind 20
Cep8aHTYC: posts big blind 40
*** HOLE CARDS ***
Dealt to Mahu2021 [6h Qd]
Mahu2021: calls 20
Cep8aHTYC: raises 410 to 450 and is all-in
Mahu2021: folds 
Uncalled bet (410) returned to Cep8aHTYC
Cep8aHTYC collected 80 from pot
Cep8aHTYC: doesn't show hand 
*** SUMMARY ***
Total pot 80 | Rake 0 
Seat 1: Cep8aHTYC (big blind) collected (80)
Seat 3: Mahu2021 (button) (small blind) folded before Flop



PokerStars Hand #246334494282: Tournament #3653605094, $9.30+$0.70 USD Hold'em No Limit - Level III (20/40) - 2023/10/03 23:04:07 CET [2023/10/03 17:04:07 ET]
Table '3653605094 1' 3-max Seat #1 is the button
Seat 1: Cep8aHTYC (490 in chips) 
Seat 3: Mahu2021 (1010 in chips) 
Cep8aHTYC: posts small blind 20
Mahu2021: posts big blind 40
*** HOLE CARDS ***
Dealt to Mahu2021 [5h Js]
Cep8aHTYC: calls 20
Mahu2021: checks 
*** FLOP *** [7c 2s 9s]
Mahu2021: checks 
Cep8aHTYC: bets 40
Mahu2021: folds 
Uncalled bet (40) returned to Cep8aHTYC
Cep8aHTYC collected 80 from pot
Cep8aHTYC: doesn't show hand 
*** SUMMARY ***
Total pot 80 | Rake 0 
Board [7c 2s 9s]
Seat 1: Cep8aHTYC (button) (small blind) collected (80)
Seat 3: Mahu2021 (big blind) folded on the Flop



PokerStars Hand #246334502739: Tournament #3653605094, $9.30+$0.70 USD Hold'em No Limit - Level III (20/40) - 2023/10/03 23:04:31 CET [2023/10/03 17:04:31 ET]
Table '3653605094 1' 3-max Seat #3 is the button
Seat 1: Cep8aHTYC (530 in chips) 
Seat 3: Mahu2021 (970 in chips) 
Mahu2021: posts small blind 20
Cep8aHTYC: posts big blind 40
*** HOLE CARDS ***
Dealt to Mahu2021 [2d Qh]
Mahu2021: raises 40 to 80
Cep8aHTYC: calls 40
*** FLOP *** [3d 9h Ah]
Cep8aHTYC: checks 
Mahu2021: bets 80
Cep8aHTYC: folds 
Uncalled bet (80) returned to Mahu2021
Mahu2021 collected 160 from pot
Mahu2021: doesn't show hand 
*** SUMMARY ***
Total pot 160 | Rake 0 
Board [3d 9h Ah]
Seat 1: Cep8aHTYC (big blind) folded on the Flop
Seat 3: Mahu2021 (button) (small blind) collected (160)



PokerStars Hand #246334514914: Tournament #3653605094, $9.30+$0.70 USD Hold'em No Limit - Level IV (30/60) - 2023/10/03 23:05:04 CET [2023/10/03 17:05:04 ET]
Table '3653605094 1' 3-max Seat #1 is the button
Seat 1: Cep8aHTYC (450 in chips) 
Seat 3: Mahu2021 (1050 in chips) 
Cep8aHTYC: posts small blind 30
Mahu2021: posts big blind 60
*** HOLE CARDS ***
Dealt to Mahu2021 [3s 2h]
Cep8aHTYC: raises 390 to 450 and is all-in
Mahu2021: folds 
Uncalled bet (390) returned to Cep8aHTYC
Cep8aHTYC collected 120 from pot
Cep8aHTYC: doesn't show hand 
*** SUMMARY ***
Total pot 120 | Rake 0 
Seat 1: Cep8aHTYC (button) (small blind) collected (120)
Seat 3: Mahu2021 (big blind) folded before Flop



PokerStars Hand #246334516531: Tournament #3653605094, $9.30+$0.70 USD Hold'em No Limit - Level IV (30/60) - 2023/10/03 23:05:09 CET [2023/10/03 17:05:09 ET]
Table '3653605094 1' 3-max Seat #3 is the button
Seat 1: Cep8aHTYC (510 in chips) 
Seat 3: Mahu2021 (990 in chips) 
Mahu2021: posts small blind 30
Cep8aHTYC: posts big blind 60
*** HOLE CARDS ***
Dealt to Mahu2021 [7d 5s]
Mahu2021: folds 
Uncalled bet (30) returned to Cep8aHTYC
Cep8aHTYC collected 60 from pot
Cep8aHTYC: doesn't show hand 
*** SUMMARY ***
Total pot 60 | Rake 0 
Seat 1: Cep8aHTYC (big blind) collected (60)
Seat 3: Mahu2021 (button) (small blind) folded before Flop



PokerStars Hand #246334518052: Tournament #3653605094, $9.30+$0.70 USD Hold'em No Limit - Level IV (30/60) - 2023/10/03 23:05:13 CET [2023/10/03 17:05:13 ET]
Table '3653605094 1' 3-max Seat #1 is the button
Seat 1: Cep8aHTYC (540 in chips) 
Seat 3: Mahu2021 (960 in chips) 
Cep8aHTYC: posts small blind 30
Mahu2021: posts big blind 60
*** HOLE CARDS ***
Dealt to Mahu2021 [4h Jc]
Cep8aHTYC: calls 30
Mahu2021: checks 
*** FLOP *** [Js 3d 9h]
Mahu2021: checks 
Cep8aHTYC: checks 
*** TURN *** [Js 3d 9h] [8d]
Mahu2021: bets 60
Cep8aHTYC: calls 60
*** RIVER *** [Js 3d 9h 8d] [8c]
Mahu2021: checks 
Cep8aHTYC: bets 79
Mahu2021: calls 79
*** SHOW DOWN ***
Cep8aHTYC: shows [2d 7d] (a pair of Eights)
Mahu2021: shows [4h Jc] (two pair, Jacks and Eights)
Mahu2021 collected 398 from pot
*** SUMMARY ***
Total pot 398 | Rake 0 
Board [Js 3d 9h 8d 8c]
Seat 1: Cep8aHTYC (button) (small blind) showed [2d 7d] and lost with a pair of Eights
Seat 3: Mahu2021 (big blind) showed [4h Jc] and won (398) with two pair, Jacks and Eights



PokerStars Hand #246334536791: Tournament #3653605094, $9.30+$0.70 USD Hold'em No Limit - Level IV (30/60) - 2023/10/03 23:06:06 CET [2023/10/03 17:06:06 ET]
Table '3653605094 1' 3-max Seat #3 is the button
Seat 1: Cep8aHTYC (341 in chips) 
Seat 3: Mahu2021 (1159 in chips) 
Mahu2021: posts small blind 30
Cep8aHTYC: posts big blind 60
*** HOLE CARDS ***
Dealt to Mahu2021 [Jd Tc]
Mahu2021: raises 1099 to 1159 and is all-in
Cep8aHTYC: calls 281 and is all-in
Uncalled bet (818) returned to Mahu2021
*** FLOP *** [7c Ah 2c]
*** TURN *** [7c Ah 2c] [Js]
*** RIVER *** [7c Ah 2c Js] [3s]
*** SHOW DOWN ***
Cep8aHTYC: shows [Qh Jc] (a pair of Jacks)
Mahu2021: shows [Jd Tc] (a pair of Jacks - lower kicker)
Cep8aHTYC collected 682 from pot
*** SUMMARY ***
Total pot 682 | Rake 0 
Board [7c Ah 2c Js 3s]
Seat 1: Cep8aHTYC (big blind) showed [Qh Jc] and won (682) with a pair of Jacks
Seat 3: Mahu2021 (button) (small blind) showed [Jd Tc] and lost with a pair of Jacks



PokerStars Hand #246334541884: Tournament #3653605094, $9.30+$0.70 USD Hold'em No Limit - Level IV (30/60) - 2023/10/03 23:06:20 CET [2023/10/03 17:06:20 ET]
Table '3653605094 1' 3-max Seat #1 is the button
Seat 1: Cep8aHTYC (682 in chips) 
Seat 3: Mahu2021 (818 in chips) 
Cep8aHTYC: posts small blind 30
Mahu2021: posts big blind 60
*** HOLE CARDS ***
Dealt to Mahu2021 [4d 9s]
Cep8aHTYC: raises 622 to 682 and is all-in
Mahu2021: folds 
Uncalled bet (622) returned to Cep8aHTYC
Cep8aHTYC collected 120 from pot
Cep8aHTYC: doesn't show hand 
*** SUMMARY ***
Total pot 120 | Rake 0 
Seat 1: Cep8aHTYC (button) (small blind) collected (120)
Seat 3: Mahu2021 (big blind) folded before Flop



PokerStars Hand #246334546171: Tournament #3653605094, $9.30+$0.70 USD Hold'em No Limit - Level IV (30/60) - 2023/10/03 23:06:32 CET [2023/10/03 17:06:32 ET]
Table '3653605094 1' 3-max Seat #3 is the button
Seat 1: Cep8aHTYC (742 in chips) 
Seat 3: Mahu2021 (758 in chips) 
Mahu2021: posts small blind 30
Cep8aHTYC: posts big blind 60
*** HOLE CARDS ***
Dealt to Mahu2021 [4d Qd]
Mahu2021: calls 30
Cep8aHTYC: checks 
*** FLOP *** [4h Kc 8c]
Cep8aHTYC: checks 
Mahu2021: bets 60
Cep8aHTYC: calls 60
*** TURN *** [4h Kc 8c] [Tc]
Cep8aHTYC: checks 
Mahu2021: checks 
*** RIVER *** [4h Kc 8c Tc] [Ah]
Cep8aHTYC: checks 
Mahu2021: checks 
*** SHOW DOWN ***
Cep8aHTYC: shows [4c 9h] (a pair of Fours)
Mahu2021: shows [4d Qd] (a pair of Fours - Ace+King+Queen kicker)
Mahu2021 collected 240 from pot
*** SUMMARY ***
Total pot 240 | Rake 0 
Board [4h Kc 8c Tc Ah]
Seat 1: Cep8aHTYC (big blind) showed [4c 9h] and lost with a pair of Fours
Seat 3: Mahu2021 (button) (small blind) showed [4d Qd] and won (240) with a pair of Fours



PokerStars Hand #246334559356: Tournament #3653605094, $9.30+$0.70 USD Hold'em No Limit - Level V (40/80) - 2023/10/03 23:07:09 CET [2023/10/03 17:07:09 ET]
Table '3653605094 1' 3-max Seat #1 is the button
Seat 1: Cep8aHTYC (622 in chips) 
Seat 3: Mahu2021 (878 in chips) 
Cep8aHTYC: posts small blind 40
Mahu2021: posts big blind 80
*** HOLE CARDS ***
Dealt to Mahu2021 [Kd Js]
Cep8aHTYC: raises 80 to 160
Mahu2021: raises 718 to 878 and is all-in
Cep8aHTYC: calls 462 and is all-in
Uncalled bet (256) returned to Mahu2021
*** FLOP *** [6s Jd 4s]
*** TURN *** [6s Jd 4s] [5s]
*** RIVER *** [6s Jd 4s 5s] [Qd]
*** SHOW DOWN ***
Mahu2021: shows [Kd Js] (a pair of Jacks)
Cep8aHTYC: shows [9d 9c] (a pair of Nines)
Mahu2021 collected 1244 from pot
Cep8aHTYC finished the tournament in 2nd place
Mahu2021 wins the tournament and receives $20.00 - congratulations!
*** SUMMARY ***
Total pot 1244 | Rake 0 
Board [6s Jd 4s 5s Qd]
Seat 1: Cep8aHTYC (button) (small blind) showed [9d 9c] and lost with a pair of Nines
Seat 3: Mahu2021 (big blind) showed [Kd Js] and won (1244) with a pair of Jacks



