PokerStars Hand #246752320655: Tournament #3664154540, $0.92+$0.08 USD Hold'em No Limit - Level I (10/20) - 2023/10/26 16:29:03 CET [2023/10/26 10:29:03 ET]
Table '3664154540 1' 3-max Seat #1 is the button
Seat 1: themonk666 (500 in chips) 
Seat 2: grogan head (500 in chips) 
Seat 3: Mahu2021 (500 in chips) 
grogan head: posts small blind 10
Mahu2021: posts big blind 20
*** HOLE CARDS ***
Dealt to Mahu2021 [Jc Ks]
themonk666: folds 
grogan head: folds 
Uncalled bet (10) returned to Mahu2021
Mahu2021 collected 20 from pot
Mahu2021: doesn't show hand 
*** SUMMARY ***
Total pot 20 | Rake 0 
Seat 1: themonk666 (button) folded before Flop (didn't bet)
Seat 2: grogan head (small blind) folded before Flop
Seat 3: Mahu2021 (big blind) collected (20)



PokerStars Hand #246752322027: Tournament #3664154540, $0.92+$0.08 USD Hold'em No Limit - Level I (10/20) - 2023/10/26 16:29:09 CET [2023/10/26 10:29:09 ET]
Table '3664154540 1' 3-max Seat #2 is the button
Seat 1: themonk666 (500 in chips) 
Seat 2: grogan head (490 in chips) 
Seat 3: Mahu2021 (510 in chips) 
Mahu2021: posts small blind 10
themonk666: posts big blind 20
*** HOLE CARDS ***
Dealt to Mahu2021 [8c 6h]
grogan head: folds 
Mahu2021: folds 
Uncalled bet (10) returned to themonk666
themonk666 collected 20 from pot
*** SUMMARY ***
Total pot 20 | Rake 0 
Seat 1: themonk666 (big blind) collected (20)
Seat 2: grogan head (button) folded before Flop (didn't bet)
Seat 3: Mahu2021 (small blind) folded before Flop



PokerStars Hand #246752323561: Tournament #3664154540, $0.92+$0.08 USD Hold'em No Limit - Level I (10/20) - 2023/10/26 16:29:15 CET [2023/10/26 10:29:15 ET]
Table '3664154540 1' 3-max Seat #3 is the button
Seat 1: themonk666 (510 in chips) 
Seat 2: grogan head (490 in chips) 
Seat 3: Mahu2021 (500 in chips) 
themonk666: posts small blind 10
grogan head: posts big blind 20
*** HOLE CARDS ***
Dealt to Mahu2021 [Jc 8h]
Mahu2021: calls 20
themonk666: raises 40 to 60
grogan head: folds 
Mahu2021: folds 
Uncalled bet (40) returned to themonk666
themonk666 collected 60 from pot
*** SUMMARY ***
Total pot 60 | Rake 0 
Seat 1: themonk666 (small blind) collected (60)
Seat 2: grogan head (big blind) folded before Flop
Seat 3: Mahu2021 (button) folded before Flop



PokerStars Hand #246752326562: Tournament #3664154540, $0.92+$0.08 USD Hold'em No Limit - Level I (10/20) - 2023/10/26 16:29:28 CET [2023/10/26 10:29:28 ET]
Table '3664154540 1' 3-max Seat #1 is the button
Seat 1: themonk666 (550 in chips) 
Seat 2: grogan head (470 in chips) 
Seat 3: Mahu2021 (480 in chips) 
grogan head: posts small blind 10
Mahu2021: posts big blind 20
*** HOLE CARDS ***
Dealt to Mahu2021 [Jd Qh]
themonk666: folds 
grogan head: folds 
Uncalled bet (10) returned to Mahu2021
Mahu2021 collected 20 from pot
Mahu2021: doesn't show hand 
*** SUMMARY ***
Total pot 20 | Rake 0 
Seat 1: themonk666 (button) folded before Flop (didn't bet)
Seat 2: grogan head (small blind) folded before Flop
Seat 3: Mahu2021 (big blind) collected (20)



PokerStars Hand #246752328921: Tournament #3664154540, $0.92+$0.08 USD Hold'em No Limit - Level I (10/20) - 2023/10/26 16:29:38 CET [2023/10/26 10:29:38 ET]
Table '3664154540 1' 3-max Seat #2 is the button
Seat 1: themonk666 (550 in chips) 
Seat 2: grogan head (460 in chips) 
Seat 3: Mahu2021 (490 in chips) 
Mahu2021: posts small blind 10
themonk666: posts big blind 20
*** HOLE CARDS ***
Dealt to Mahu2021 [2h 3h]
grogan head: folds 
Mahu2021: calls 10
themonk666: checks 
*** FLOP *** [9d 4h Jd]
Mahu2021: checks 
themonk666: bets 20
Mahu2021: folds 
Uncalled bet (20) returned to themonk666
themonk666 collected 40 from pot
*** SUMMARY ***
Total pot 40 | Rake 0 
Board [9d 4h Jd]
Seat 1: themonk666 (big blind) collected (40)
Seat 2: grogan head (button) folded before Flop (didn't bet)
Seat 3: Mahu2021 (small blind) folded on the Flop



PokerStars Hand #246752334836: Tournament #3664154540, $0.92+$0.08 USD Hold'em No Limit - Level I (10/20) - 2023/10/26 16:30:03 CET [2023/10/26 10:30:03 ET]
Table '3664154540 1' 3-max Seat #3 is the button
Seat 1: themonk666 (570 in chips) 
Seat 2: grogan head (460 in chips) 
Seat 3: Mahu2021 (470 in chips) 
themonk666: posts small blind 10
grogan head: posts big blind 20
*** HOLE CARDS ***
Dealt to Mahu2021 [5d 4c]
Mahu2021: folds 
themonk666: raises 20 to 40
grogan head: calls 20
*** FLOP *** [Jd 9c 7h]
themonk666: bets 80
grogan head: folds 
Uncalled bet (80) returned to themonk666
themonk666 collected 80 from pot
*** SUMMARY ***
Total pot 80 | Rake 0 
Board [Jd 9c 7h]
Seat 1: themonk666 (small blind) collected (80)
Seat 2: grogan head (big blind) folded on the Flop
Seat 3: Mahu2021 (button) folded before Flop (didn't bet)



PokerStars Hand #246752339411: Tournament #3664154540, $0.92+$0.08 USD Hold'em No Limit - Level I (10/20) - 2023/10/26 16:30:22 CET [2023/10/26 10:30:22 ET]
Table '3664154540 1' 3-max Seat #1 is the button
Seat 1: themonk666 (610 in chips) 
Seat 2: grogan head (420 in chips) 
Seat 3: Mahu2021 (470 in chips) 
grogan head: posts small blind 10
Mahu2021: posts big blind 20
*** HOLE CARDS ***
Dealt to Mahu2021 [Jc 4c]
themonk666: folds 
grogan head: folds 
Uncalled bet (10) returned to Mahu2021
Mahu2021 collected 20 from pot
Mahu2021: doesn't show hand 
*** SUMMARY ***
Total pot 20 | Rake 0 
Seat 1: themonk666 (button) folded before Flop (didn't bet)
Seat 2: grogan head (small blind) folded before Flop
Seat 3: Mahu2021 (big blind) collected (20)



PokerStars Hand #246752341033: Tournament #3664154540, $0.92+$0.08 USD Hold'em No Limit - Level I (10/20) - 2023/10/26 16:30:29 CET [2023/10/26 10:30:29 ET]
Table '3664154540 1' 3-max Seat #2 is the button
Seat 1: themonk666 (610 in chips) 
Seat 2: grogan head (410 in chips) 
Seat 3: Mahu2021 (480 in chips) 
Mahu2021: posts small blind 10
themonk666: posts big blind 20
*** HOLE CARDS ***
Dealt to Mahu2021 [Jd 9h]
grogan head: raises 20 to 40
Mahu2021: calls 30
themonk666: folds 
*** FLOP *** [3c Ks 7c]
Mahu2021: checks 
grogan head: bets 44
Mahu2021: folds 
Uncalled bet (44) returned to grogan head
grogan head collected 100 from pot
grogan head: doesn't show hand 
*** SUMMARY ***
Total pot 100 | Rake 0 
Board [3c Ks 7c]
Seat 1: themonk666 (big blind) folded before Flop
Seat 2: grogan head (button) collected (100)
Seat 3: Mahu2021 (small blind) folded on the Flop



PokerStars Hand #246752345201: Tournament #3664154540, $0.92+$0.08 USD Hold'em No Limit - Level I (10/20) - 2023/10/26 16:30:47 CET [2023/10/26 10:30:47 ET]
Table '3664154540 1' 3-max Seat #3 is the button
Seat 1: themonk666 (590 in chips) 
Seat 2: grogan head (470 in chips) 
Seat 3: Mahu2021 (440 in chips) 
themonk666: posts small blind 10
grogan head: posts big blind 20
*** HOLE CARDS ***
Dealt to Mahu2021 [Ac 9c]
Mahu2021: raises 40 to 60
themonk666: calls 50
grogan head: folds 
*** FLOP *** [Th 6c 7c]
themonk666: checks 
Mahu2021: bets 140
themonk666: raises 390 to 530 and is all-in
Mahu2021: calls 240 and is all-in
Uncalled bet (150) returned to themonk666
*** TURN *** [Th 6c 7c] [3s]
*** RIVER *** [Th 6c 7c 3s] [7s]
*** SHOW DOWN ***
themonk666: shows [5c Jc] (a pair of Sevens)
Mahu2021: shows [Ac 9c] (a pair of Sevens - Ace kicker)
Mahu2021 collected 900 from pot
*** SUMMARY ***
Total pot 900 | Rake 0 
Board [Th 6c 7c 3s 7s]
Seat 1: themonk666 (small blind) showed [5c Jc] and lost with a pair of Sevens
Seat 2: grogan head (big blind) folded before Flop
Seat 3: Mahu2021 (button) showed [Ac 9c] and won (900) with a pair of Sevens



PokerStars Hand #246752351412: Tournament #3664154540, $0.92+$0.08 USD Hold'em No Limit - Level II (15/30) - 2023/10/26 16:31:13 CET [2023/10/26 10:31:13 ET]
Table '3664154540 1' 3-max Seat #1 is the button
Seat 1: themonk666 (150 in chips) 
Seat 2: grogan head (450 in chips) 
Seat 3: Mahu2021 (900 in chips) 
grogan head: posts small blind 15
Mahu2021: posts big blind 30
*** HOLE CARDS ***
Dealt to Mahu2021 [8s 3d]
themonk666: raises 30 to 60
grogan head: folds 
Mahu2021: folds 
Uncalled bet (30) returned to themonk666
themonk666 collected 75 from pot
*** SUMMARY ***
Total pot 75 | Rake 0 
Seat 1: themonk666 (button) collected (75)
Seat 2: grogan head (small blind) folded before Flop
Seat 3: Mahu2021 (big blind) folded before Flop



PokerStars Hand #246752353391: Tournament #3664154540, $0.92+$0.08 USD Hold'em No Limit - Level II (15/30) - 2023/10/26 16:31:21 CET [2023/10/26 10:31:21 ET]
Table '3664154540 1' 3-max Seat #2 is the button
Seat 1: themonk666 (195 in chips) 
Seat 2: grogan head (435 in chips) 
Seat 3: Mahu2021 (870 in chips) 
Mahu2021: posts small blind 15
themonk666: posts big blind 30
*** HOLE CARDS ***
Dealt to Mahu2021 [Kd 5s]
grogan head: folds 
Mahu2021: calls 15
themonk666: raises 30 to 60
Mahu2021: calls 30
*** FLOP *** [4d Qd 2d]
Mahu2021: checks 
themonk666: bets 30
Mahu2021: calls 30
*** TURN *** [4d Qd 2d] [6c]
Mahu2021: checks 
themonk666: checks 
*** RIVER *** [4d Qd 2d 6c] [6d]
Mahu2021: bets 120
themonk666: calls 105 and is all-in
Uncalled bet (15) returned to Mahu2021
*** SHOW DOWN ***
Mahu2021: shows [Kd 5s] (a flush, King high)
themonk666: shows [Kc 5d] (a flush, Queen high)
Mahu2021 collected 390 from pot
themonk666 finished the tournament in 3rd place
*** SUMMARY ***
Total pot 390 | Rake 0 
Board [4d Qd 2d 6c 6d]
Seat 1: themonk666 (big blind) showed [Kc 5d] and lost with a flush, Queen high
Seat 2: grogan head (button) folded before Flop (didn't bet)
Seat 3: Mahu2021 (small blind) showed [Kd 5s] and won (390) with a flush, King high



PokerStars Hand #246752359946: Tournament #3664154540, $0.92+$0.08 USD Hold'em No Limit - Level II (15/30) - 2023/10/26 16:31:49 CET [2023/10/26 10:31:49 ET]
Table '3664154540 1' 3-max Seat #3 is the button
Seat 2: grogan head (435 in chips) 
Seat 3: Mahu2021 (1065 in chips) 
Mahu2021: posts small blind 15
grogan head: posts big blind 30
*** HOLE CARDS ***
Dealt to Mahu2021 [Qd 5h]
Mahu2021: calls 15
grogan head: checks 
*** FLOP *** [5s Tc 7d]
grogan head: checks 
Mahu2021: bets 30
grogan head: folds 
Uncalled bet (30) returned to Mahu2021
Mahu2021 collected 60 from pot
Mahu2021: doesn't show hand 
*** SUMMARY ***
Total pot 60 | Rake 0 
Board [5s Tc 7d]
Seat 2: grogan head (big blind) folded on the Flop
Seat 3: Mahu2021 (button) (small blind) collected (60)



PokerStars Hand #246752363287: Tournament #3664154540, $0.92+$0.08 USD Hold'em No Limit - Level II (15/30) - 2023/10/26 16:32:03 CET [2023/10/26 10:32:03 ET]
Table '3664154540 1' 3-max Seat #2 is the button
Seat 2: grogan head (405 in chips) 
Seat 3: Mahu2021 (1095 in chips) 
grogan head: posts small blind 15
Mahu2021: posts big blind 30
*** HOLE CARDS ***
Dealt to Mahu2021 [Jh 7d]
grogan head: folds 
Uncalled bet (15) returned to Mahu2021
Mahu2021 collected 30 from pot
Mahu2021: doesn't show hand 
*** SUMMARY ***
Total pot 30 | Rake 0 
Seat 2: grogan head (button) (small blind) folded before Flop
Seat 3: Mahu2021 (big blind) collected (30)



PokerStars Hand #246752364406: Tournament #3664154540, $0.92+$0.08 USD Hold'em No Limit - Level II (15/30) - 2023/10/26 16:32:08 CET [2023/10/26 10:32:08 ET]
Table '3664154540 1' 3-max Seat #3 is the button
Seat 2: grogan head (390 in chips) 
Seat 3: Mahu2021 (1110 in chips) 
Mahu2021: posts small blind 15
grogan head: posts big blind 30
*** HOLE CARDS ***
Dealt to Mahu2021 [As Kc]
Mahu2021: raises 60 to 90
grogan head: calls 60
*** FLOP *** [6s Jh 5s]
grogan head: checks 
Mahu2021: checks 
*** TURN *** [6s Jh 5s] [Kd]
grogan head: bets 79
Mahu2021: raises 941 to 1020 and is all-in
grogan head: calls 221 and is all-in
Uncalled bet (720) returned to Mahu2021
*** RIVER *** [6s Jh 5s Kd] [Th]
*** SHOW DOWN ***
grogan head: shows [6h Kh] (two pair, Kings and Sixes)
Mahu2021: shows [As Kc] (a pair of Kings)
grogan head collected 780 from pot
*** SUMMARY ***
Total pot 780 | Rake 0 
Board [6s Jh 5s Kd Th]
Seat 2: grogan head (big blind) showed [6h Kh] and won (780) with two pair, Kings and Sixes
Seat 3: Mahu2021 (button) (small blind) showed [As Kc] and lost with a pair of Kings



PokerStars Hand #246752370112: Tournament #3664154540, $0.92+$0.08 USD Hold'em No Limit - Level II (15/30) - 2023/10/26 16:32:31 CET [2023/10/26 10:32:31 ET]
Table '3664154540 1' 3-max Seat #2 is the button
Seat 2: grogan head (780 in chips) 
Seat 3: Mahu2021 (720 in chips) 
grogan head: posts small blind 15
Mahu2021: posts big blind 30
*** HOLE CARDS ***
Dealt to Mahu2021 [Ks 9c]
grogan head: folds 
Uncalled bet (15) returned to Mahu2021
Mahu2021 collected 30 from pot
Mahu2021: doesn't show hand 
*** SUMMARY ***
Total pot 30 | Rake 0 
Seat 2: grogan head (button) (small blind) folded before Flop
Seat 3: Mahu2021 (big blind) collected (30)



PokerStars Hand #246752371213: Tournament #3664154540, $0.92+$0.08 USD Hold'em No Limit - Level II (15/30) - 2023/10/26 16:32:36 CET [2023/10/26 10:32:36 ET]
Table '3664154540 1' 3-max Seat #3 is the button
Seat 2: grogan head (765 in chips) 
Seat 3: Mahu2021 (735 in chips) 
Mahu2021: posts small blind 15
grogan head: posts big blind 30
*** HOLE CARDS ***
Dealt to Mahu2021 [Td Ad]
Mahu2021: raises 60 to 90
grogan head: calls 60
*** FLOP *** [7s 3s 5s]
grogan head: checks 
Mahu2021: checks 
*** TURN *** [7s 3s 5s] [9c]
grogan head: bets 79
Mahu2021: folds 
Uncalled bet (79) returned to grogan head
grogan head collected 180 from pot
grogan head: doesn't show hand 
*** SUMMARY ***
Total pot 180 | Rake 0 
Board [7s 3s 5s 9c]
Seat 2: grogan head (big blind) collected (180)
Seat 3: Mahu2021 (button) (small blind) folded on the Turn



PokerStars Hand #246752375455: Tournament #3664154540, $0.92+$0.08 USD Hold'em No Limit - Level II (15/30) - 2023/10/26 16:32:53 CET [2023/10/26 10:32:53 ET]
Table '3664154540 1' 3-max Seat #2 is the button
Seat 2: grogan head (855 in chips) 
Seat 3: Mahu2021 (645 in chips) 
grogan head: posts small blind 15
Mahu2021: posts big blind 30
*** HOLE CARDS ***
Dealt to Mahu2021 [2s 8s]
grogan head: folds 
Uncalled bet (15) returned to Mahu2021
Mahu2021 collected 30 from pot
Mahu2021: doesn't show hand 
*** SUMMARY ***
Total pot 30 | Rake 0 
Seat 2: grogan head (button) (small blind) folded before Flop
Seat 3: Mahu2021 (big blind) collected (30)



PokerStars Hand #246752376584: Tournament #3664154540, $0.92+$0.08 USD Hold'em No Limit - Level II (15/30) - 2023/10/26 16:32:58 CET [2023/10/26 10:32:58 ET]
Table '3664154540 1' 3-max Seat #3 is the button
Seat 2: grogan head (840 in chips) 
Seat 3: Mahu2021 (660 in chips) 
Mahu2021: posts small blind 15
grogan head: posts big blind 30
*** HOLE CARDS ***
Dealt to Mahu2021 [4s Ts]
Mahu2021: calls 15
grogan head: raises 60 to 90
Mahu2021: folds 
Uncalled bet (60) returned to grogan head
grogan head collected 60 from pot
grogan head: doesn't show hand 
*** SUMMARY ***
Total pot 60 | Rake 0 
Seat 2: grogan head (big blind) collected (60)
Seat 3: Mahu2021 (button) (small blind) folded before Flop



PokerStars Hand #246752379624: Tournament #3664154540, $0.92+$0.08 USD Hold'em No Limit - Level III (20/40) - 2023/10/26 16:33:11 CET [2023/10/26 10:33:11 ET]
Table '3664154540 1' 3-max Seat #2 is the button
Seat 2: grogan head (870 in chips) 
Seat 3: Mahu2021 (630 in chips) 
grogan head: posts small blind 20
Mahu2021: posts big blind 40
*** HOLE CARDS ***
Dealt to Mahu2021 [2s Th]
grogan head: raises 40 to 80
Mahu2021: folds 
Uncalled bet (40) returned to grogan head
grogan head collected 80 from pot
grogan head: doesn't show hand 
*** SUMMARY ***
Total pot 80 | Rake 0 
Seat 2: grogan head (button) (small blind) collected (80)
Seat 3: Mahu2021 (big blind) folded before Flop



PokerStars Hand #246752381048: Tournament #3664154540, $0.92+$0.08 USD Hold'em No Limit - Level III (20/40) - 2023/10/26 16:33:17 CET [2023/10/26 10:33:17 ET]
Table '3664154540 1' 3-max Seat #3 is the button
Seat 2: grogan head (910 in chips) 
Seat 3: Mahu2021 (590 in chips) 
Mahu2021: posts small blind 20
grogan head: posts big blind 40
*** HOLE CARDS ***
Dealt to Mahu2021 [4h 9d]
Mahu2021: folds 
Uncalled bet (20) returned to grogan head
grogan head collected 40 from pot
grogan head: doesn't show hand 
*** SUMMARY ***
Total pot 40 | Rake 0 
Seat 2: grogan head (big blind) collected (40)
Seat 3: Mahu2021 (button) (small blind) folded before Flop



PokerStars Hand #246752382106: Tournament #3664154540, $0.92+$0.08 USD Hold'em No Limit - Level III (20/40) - 2023/10/26 16:33:21 CET [2023/10/26 10:33:21 ET]
Table '3664154540 1' 3-max Seat #2 is the button
Seat 2: grogan head (930 in chips) 
Seat 3: Mahu2021 (570 in chips) 
grogan head: posts small blind 20
Mahu2021: posts big blind 40
*** HOLE CARDS ***
Dealt to Mahu2021 [9h 5d]
grogan head: folds 
Uncalled bet (20) returned to Mahu2021
Mahu2021 collected 40 from pot
Mahu2021: doesn't show hand 
*** SUMMARY ***
Total pot 40 | Rake 0 
Seat 2: grogan head (button) (small blind) folded before Flop
Seat 3: Mahu2021 (big blind) collected (40)



PokerStars Hand #246752383296: Tournament #3664154540, $0.92+$0.08 USD Hold'em No Limit - Level III (20/40) - 2023/10/26 16:33:26 CET [2023/10/26 10:33:26 ET]
Table '3664154540 1' 3-max Seat #3 is the button
Seat 2: grogan head (910 in chips) 
Seat 3: Mahu2021 (590 in chips) 
Mahu2021: posts small blind 20
grogan head: posts big blind 40
*** HOLE CARDS ***
Dealt to Mahu2021 [Td 6d]
Mahu2021: calls 20
grogan head: checks 
*** FLOP *** [3h 4h 3c]
grogan head: checks 
Mahu2021: checks 
*** TURN *** [3h 4h 3c] [6c]
grogan head: bets 40
Mahu2021: calls 40
*** RIVER *** [3h 4h 3c 6c] [5c]
grogan head: checks 
Mahu2021: checks 
*** SHOW DOWN ***
grogan head: shows [2d 5d] (a straight, Deuce to Six)
Mahu2021: mucks hand 
grogan head collected 160 from pot
*** SUMMARY ***
Total pot 160 | Rake 0 
Board [3h 4h 3c 6c 5c]
Seat 2: grogan head (big blind) showed [2d 5d] and won (160) with a straight, Deuce to Six
Seat 3: Mahu2021 (button) (small blind) mucked [Td 6d]



PokerStars Hand #246752387839: Tournament #3664154540, $0.92+$0.08 USD Hold'em No Limit - Level III (20/40) - 2023/10/26 16:33:45 CET [2023/10/26 10:33:45 ET]
Table '3664154540 1' 3-max Seat #2 is the button
Seat 2: grogan head (990 in chips) 
Seat 3: Mahu2021 (510 in chips) 
grogan head: posts small blind 20
Mahu2021: posts big blind 40
*** HOLE CARDS ***
Dealt to Mahu2021 [9h 3h]
grogan head: raises 40 to 80
Mahu2021: calls 40
*** FLOP *** [4c Qs 6d]
Mahu2021: checks 
grogan head: checks 
*** TURN *** [4c Qs 6d] [7c]
Mahu2021: bets 430 and is all-in
grogan head: folds 
Uncalled bet (430) returned to Mahu2021
Mahu2021 collected 160 from pot
Mahu2021: doesn't show hand 
*** SUMMARY ***
Total pot 160 | Rake 0 
Board [4c Qs 6d 7c]
Seat 2: grogan head (button) (small blind) folded on the Turn
Seat 3: Mahu2021 (big blind) collected (160)



PokerStars Hand #246752393268: Tournament #3664154540, $0.92+$0.08 USD Hold'em No Limit - Level III (20/40) - 2023/10/26 16:34:08 CET [2023/10/26 10:34:08 ET]
Table '3664154540 1' 3-max Seat #3 is the button
Seat 2: grogan head (910 in chips) 
Seat 3: Mahu2021 (590 in chips) 
Mahu2021: posts small blind 20
grogan head: posts big blind 40
*** HOLE CARDS ***
Dealt to Mahu2021 [9d Ks]
Mahu2021: calls 20
grogan head: checks 
*** FLOP *** [9c 9s 2s]
grogan head: checks 
Mahu2021: checks 
*** TURN *** [9c 9s 2s] [7s]
grogan head: bets 40
Mahu2021: calls 40
*** RIVER *** [9c 9s 2s 7s] [Tc]
grogan head: checks 
Mahu2021: bets 160
grogan head: folds 
Uncalled bet (160) returned to Mahu2021
Mahu2021 collected 160 from pot
Mahu2021: doesn't show hand 
*** SUMMARY ***
Total pot 160 | Rake 0 
Board [9c 9s 2s 7s Tc]
Seat 2: grogan head (big blind) folded on the River
Seat 3: Mahu2021 (button) (small blind) collected (160)



PokerStars Hand #246752401375: Tournament #3664154540, $0.92+$0.08 USD Hold'em No Limit - Level III (20/40) - 2023/10/26 16:34:41 CET [2023/10/26 10:34:41 ET]
Table '3664154540 1' 3-max Seat #2 is the button
Seat 2: grogan head (830 in chips) 
Seat 3: Mahu2021 (670 in chips) 
grogan head: posts small blind 20
Mahu2021: posts big blind 40
*** HOLE CARDS ***
Dealt to Mahu2021 [Kd Jd]
grogan head: raises 40 to 80
Mahu2021: calls 40
*** FLOP *** [9s Jh Tc]
Mahu2021: checks 
grogan head: checks 
*** TURN *** [9s Jh Tc] [Ts]
Mahu2021: checks 
grogan head: bets 70
Mahu2021: calls 70
*** RIVER *** [9s Jh Tc Ts] [3d]
Mahu2021: checks 
grogan head: checks 
*** SHOW DOWN ***
Mahu2021: shows [Kd Jd] (two pair, Jacks and Tens)
grogan head: mucks hand 
Mahu2021 collected 300 from pot
*** SUMMARY ***
Total pot 300 | Rake 0 
Board [9s Jh Tc Ts 3d]
Seat 2: grogan head (button) (small blind) mucked [As 5s]
Seat 3: Mahu2021 (big blind) showed [Kd Jd] and won (300) with two pair, Jacks and Tens



PokerStars Hand #246752408196: Tournament #3664154540, $0.92+$0.08 USD Hold'em No Limit - Level IV (30/60) - 2023/10/26 16:35:10 CET [2023/10/26 10:35:10 ET]
Table '3664154540 1' 3-max Seat #3 is the button
Seat 2: grogan head (680 in chips) 
Seat 3: Mahu2021 (820 in chips) 
Mahu2021: posts small blind 30
grogan head: posts big blind 60
*** HOLE CARDS ***
Dealt to Mahu2021 [Ac Td]
Mahu2021: raises 120 to 180
grogan head: folds 
Uncalled bet (120) returned to Mahu2021
Mahu2021 collected 120 from pot
Mahu2021: doesn't show hand 
*** SUMMARY ***
Total pot 120 | Rake 0 
Seat 2: grogan head (big blind) folded before Flop
Seat 3: Mahu2021 (button) (small blind) collected (120)



PokerStars Hand #246752410148: Tournament #3664154540, $0.92+$0.08 USD Hold'em No Limit - Level IV (30/60) - 2023/10/26 16:35:18 CET [2023/10/26 10:35:18 ET]
Table '3664154540 1' 3-max Seat #2 is the button
Seat 2: grogan head (620 in chips) 
Seat 3: Mahu2021 (880 in chips) 
grogan head: posts small blind 30
Mahu2021: posts big blind 60
*** HOLE CARDS ***
Dealt to Mahu2021 [Td 9s]
grogan head: folds 
Uncalled bet (30) returned to Mahu2021
Mahu2021 collected 60 from pot
Mahu2021: doesn't show hand 
*** SUMMARY ***
Total pot 60 | Rake 0 
Seat 2: grogan head (button) (small blind) folded before Flop
Seat 3: Mahu2021 (big blind) collected (60)



PokerStars Hand #246752411412: Tournament #3664154540, $0.92+$0.08 USD Hold'em No Limit - Level IV (30/60) - 2023/10/26 16:35:23 CET [2023/10/26 10:35:23 ET]
Table '3664154540 1' 3-max Seat #3 is the button
Seat 2: grogan head (590 in chips) 
Seat 3: Mahu2021 (910 in chips) 
Mahu2021: posts small blind 30
grogan head: posts big blind 60
*** HOLE CARDS ***
Dealt to Mahu2021 [As Jc]
Mahu2021: raises 120 to 180
grogan head: folds 
Uncalled bet (120) returned to Mahu2021
Mahu2021 collected 120 from pot
Mahu2021: doesn't show hand 
*** SUMMARY ***
Total pot 120 | Rake 0 
Seat 2: grogan head (big blind) folded before Flop
Seat 3: Mahu2021 (button) (small blind) collected (120)



PokerStars Hand #246752413360: Tournament #3664154540, $0.92+$0.08 USD Hold'em No Limit - Level IV (30/60) - 2023/10/26 16:35:31 CET [2023/10/26 10:35:31 ET]
Table '3664154540 1' 3-max Seat #2 is the button
Seat 2: grogan head (530 in chips) 
Seat 3: Mahu2021 (970 in chips) 
grogan head: posts small blind 30
Mahu2021: posts big blind 60
*** HOLE CARDS ***
Dealt to Mahu2021 [9h 9d]
grogan head: raises 470 to 530 and is all-in
Mahu2021: calls 470
*** FLOP *** [Qc 6d 4h]
*** TURN *** [Qc 6d 4h] [6c]
*** RIVER *** [Qc 6d 4h 6c] [Td]
*** SHOW DOWN ***
Mahu2021: shows [9h 9d] (two pair, Nines and Sixes)
grogan head: shows [Js Qs] (two pair, Queens and Sixes)
grogan head collected 1060 from pot
*** SUMMARY ***
Total pot 1060 | Rake 0 
Board [Qc 6d 4h 6c Td]
Seat 2: grogan head (button) (small blind) showed [Js Qs] and won (1060) with two pair, Queens and Sixes
Seat 3: Mahu2021 (big blind) showed [9h 9d] and lost with two pair, Nines and Sixes



PokerStars Hand #246752416449: Tournament #3664154540, $0.92+$0.08 USD Hold'em No Limit - Level IV (30/60) - 2023/10/26 16:35:44 CET [2023/10/26 10:35:44 ET]
Table '3664154540 1' 3-max Seat #3 is the button
Seat 2: grogan head (1060 in chips) 
Seat 3: Mahu2021 (440 in chips) 
Mahu2021: posts small blind 30
grogan head: posts big blind 60
*** HOLE CARDS ***
Dealt to Mahu2021 [3d 8h]
Mahu2021: folds 
Uncalled bet (30) returned to grogan head
grogan head collected 60 from pot
grogan head: doesn't show hand 
*** SUMMARY ***
Total pot 60 | Rake 0 
Seat 2: grogan head (big blind) collected (60)
Seat 3: Mahu2021 (button) (small blind) folded before Flop



PokerStars Hand #246752417472: Tournament #3664154540, $0.92+$0.08 USD Hold'em No Limit - Level IV (30/60) - 2023/10/26 16:35:49 CET [2023/10/26 10:35:49 ET]
Table '3664154540 1' 3-max Seat #2 is the button
Seat 2: grogan head (1090 in chips) 
Seat 3: Mahu2021 (410 in chips) 
grogan head: posts small blind 30
Mahu2021: posts big blind 60
*** HOLE CARDS ***
Dealt to Mahu2021 [Tc 4s]
grogan head: folds 
Uncalled bet (30) returned to Mahu2021
Mahu2021 collected 60 from pot
Mahu2021: doesn't show hand 
*** SUMMARY ***
Total pot 60 | Rake 0 
Seat 2: grogan head (button) (small blind) folded before Flop
Seat 3: Mahu2021 (big blind) collected (60)



PokerStars Hand #246752418780: Tournament #3664154540, $0.92+$0.08 USD Hold'em No Limit - Level IV (30/60) - 2023/10/26 16:35:54 CET [2023/10/26 10:35:54 ET]
Table '3664154540 1' 3-max Seat #3 is the button
Seat 2: grogan head (1060 in chips) 
Seat 3: Mahu2021 (440 in chips) 
Mahu2021: posts small blind 30
grogan head: posts big blind 60
*** HOLE CARDS ***
Dealt to Mahu2021 [Kh 8h]
Mahu2021: raises 120 to 180
grogan head: folds 
Uncalled bet (120) returned to Mahu2021
Mahu2021 collected 120 from pot
Mahu2021: doesn't show hand 
*** SUMMARY ***
Total pot 120 | Rake 0 
Seat 2: grogan head (big blind) folded before Flop
Seat 3: Mahu2021 (button) (small blind) collected (120)



PokerStars Hand #246752421083: Tournament #3664154540, $0.92+$0.08 USD Hold'em No Limit - Level IV (30/60) - 2023/10/26 16:36:04 CET [2023/10/26 10:36:04 ET]
Table '3664154540 1' 3-max Seat #2 is the button
Seat 2: grogan head (1000 in chips) 
Seat 3: Mahu2021 (500 in chips) 
grogan head: posts small blind 30
Mahu2021: posts big blind 60
*** HOLE CARDS ***
Dealt to Mahu2021 [9c 3s]
grogan head: folds 
Uncalled bet (30) returned to Mahu2021
Mahu2021 collected 60 from pot
Mahu2021: doesn't show hand 
*** SUMMARY ***
Total pot 60 | Rake 0 
Seat 2: grogan head (button) (small blind) folded before Flop
Seat 3: Mahu2021 (big blind) collected (60)



PokerStars Hand #246752422288: Tournament #3664154540, $0.92+$0.08 USD Hold'em No Limit - Level IV (30/60) - 2023/10/26 16:36:09 CET [2023/10/26 10:36:09 ET]
Table '3664154540 1' 3-max Seat #3 is the button
Seat 2: grogan head (970 in chips) 
Seat 3: Mahu2021 (530 in chips) 
Mahu2021: posts small blind 30
grogan head: posts big blind 60
*** HOLE CARDS ***
Dealt to Mahu2021 [4c 3h]
Mahu2021: calls 30
grogan head: checks 
*** FLOP *** [Ac 2s 8c]
grogan head: checks 
Mahu2021: bets 60
grogan head: folds 
Uncalled bet (60) returned to Mahu2021
Mahu2021 collected 120 from pot
Mahu2021: doesn't show hand 
*** SUMMARY ***
Total pot 120 | Rake 0 
Board [Ac 2s 8c]
Seat 2: grogan head (big blind) folded on the Flop
Seat 3: Mahu2021 (button) (small blind) collected (120)



PokerStars Hand #246752425920: Tournament #3664154540, $0.92+$0.08 USD Hold'em No Limit - Level IV (30/60) - 2023/10/26 16:36:24 CET [2023/10/26 10:36:24 ET]
Table '3664154540 1' 3-max Seat #2 is the button
Seat 2: grogan head (910 in chips) 
Seat 3: Mahu2021 (590 in chips) 
grogan head: posts small blind 30
Mahu2021: posts big blind 60
*** HOLE CARDS ***
Dealt to Mahu2021 [Th Kh]
grogan head: raises 582 to 642
Mahu2021: calls 530 and is all-in
Uncalled bet (52) returned to grogan head
*** FLOP *** [8h 7c 5s]
*** TURN *** [8h 7c 5s] [4s]
*** RIVER *** [8h 7c 5s 4s] [3s]
*** SHOW DOWN ***
Mahu2021: shows [Th Kh] (high card King)
grogan head: shows [8c Ks] (a pair of Eights)
grogan head collected 1180 from pot
Mahu2021 finished the tournament in 2nd place
grogan head wins the tournament and receives $2.00 - congratulations!
*** SUMMARY ***
Total pot 1180 | Rake 0 
Board [8h 7c 5s 4s 3s]
Seat 2: grogan head (button) (small blind) showed [8c Ks] and won (1180) with a pair of Eights
Seat 3: Mahu2021 (big blind) showed [Th Kh] and lost with high card King



