PokerStars Hand #255713829011: Tournament #3878822070, $0.46+$0.04 USD Hold'em No Limit - Level I (10/20) - 2025/04/13 11:22:33 CET [2025/04/13 5:22:33 ET]
Table '3878822070 1' 3-max Seat #1 is the button
Seat 1: Mahu2021 (500 in chips) 
Seat 2: bigBorov (500 in chips) 
Seat 3: Salsirela (500 in chips) 
bigBorov: posts small blind 10
Salsirela: posts big blind 20
*** HOLE CARDS ***
Dealt to Mahu2021 [7h 9h]
Mahu2021: raises 20 to 40
bigBorov: folds 
Salsirela: calls 20
*** FLOP *** [Ks 7s 4c]
Salsirela: checks 
Mahu2021: bets 40
Salsirela: calls 40
*** TURN *** [Ks 7s 4c] [6c]
Salsirela: checks 
Mahu2021: bets 40
Salsirela: folds 
Uncalled bet (40) returned to Mahu2021
Mahu2021 collected 170 from pot
Mahu2021: doesn't show hand 
*** SUMMARY ***
Total pot 170 | Rake 0 
Board [Ks 7s 4c 6c]
Seat 1: Mahu2021 (button) collected (170)
Seat 2: bigBorov (small blind) folded before Flop
Seat 3: Salsirela (big blind) folded on the Turn



PokerStars Hand #255713830786: Tournament #3878822070, $0.46+$0.04 USD Hold'em No Limit - Level I (10/20) - 2025/04/13 11:22:50 CET [2025/04/13 5:22:50 ET]
Table '3878822070 1' 3-max Seat #2 is the button
Seat 1: Mahu2021 (590 in chips) 
Seat 2: bigBorov (490 in chips) 
Seat 3: Salsirela (420 in chips) 
Salsirela: posts small blind 10
Mahu2021: posts big blind 20
*** HOLE CARDS ***
Dealt to Mahu2021 [3d 3c]
bigBorov: raises 20 to 40
Salsirela: raises 40 to 80
Mahu2021: folds 
bigBorov: folds 
Uncalled bet (40) returned to Salsirela
Salsirela collected 100 from pot
Salsirela: doesn't show hand 
*** SUMMARY ***
Total pot 100 | Rake 0 
Seat 1: Mahu2021 (big blind) folded before Flop
Seat 2: bigBorov (button) folded before Flop
Seat 3: Salsirela (small blind) collected (100)



PokerStars Hand #255713833124: Tournament #3878822070, $0.46+$0.04 USD Hold'em No Limit - Level I (10/20) - 2025/04/13 11:23:12 CET [2025/04/13 5:23:12 ET]
Table '3878822070 1' 3-max Seat #3 is the button
Seat 1: Mahu2021 (570 in chips) 
Seat 2: bigBorov (450 in chips) 
Seat 3: Salsirela (480 in chips) 
Mahu2021: posts small blind 10
bigBorov: posts big blind 20
*** HOLE CARDS ***
Dealt to Mahu2021 [6c Ah]
Salsirela: folds 
Mahu2021: raises 20 to 40
bigBorov: calls 20
*** FLOP *** [5d Qh 6h]
Mahu2021: bets 40
bigBorov: folds 
Uncalled bet (40) returned to Mahu2021
Mahu2021 collected 80 from pot
Mahu2021: doesn't show hand 
*** SUMMARY ***
Total pot 80 | Rake 0 
Board [5d Qh 6h]
Seat 1: Mahu2021 (small blind) collected (80)
Seat 2: bigBorov (big blind) folded on the Flop
Seat 3: Salsirela (button) folded before Flop (didn't bet)



PokerStars Hand #255713834960: Tournament #3878822070, $0.46+$0.04 USD Hold'em No Limit - Level I (10/20) - 2025/04/13 11:23:30 CET [2025/04/13 5:23:30 ET]
Table '3878822070 1' 3-max Seat #1 is the button
Seat 1: Mahu2021 (610 in chips) 
Seat 2: bigBorov (410 in chips) 
Seat 3: Salsirela (480 in chips) 
bigBorov: posts small blind 10
Salsirela: posts big blind 20
*** HOLE CARDS ***
Dealt to Mahu2021 [5s Jc]
Mahu2021: folds 
bigBorov: calls 10
Salsirela: checks 
*** FLOP *** [9d Ks 2d]
bigBorov: checks 
Salsirela: checks 
*** TURN *** [9d Ks 2d] [2s]
bigBorov: checks 
Salsirela: checks 
*** RIVER *** [9d Ks 2d 2s] [Ac]
bigBorov: checks 
Salsirela: checks 
*** SHOW DOWN ***
bigBorov: shows [Qs 6c] (a pair of Deuces)
Salsirela: mucks hand 
bigBorov collected 40 from pot
*** SUMMARY ***
Total pot 40 | Rake 0 
Board [9d Ks 2d 2s Ac]
Seat 1: Mahu2021 (button) folded before Flop (didn't bet)
Seat 2: bigBorov (small blind) showed [Qs 6c] and won (40) with a pair of Deuces
Seat 3: Salsirela (big blind) mucked [8d 6h]



PokerStars Hand #255713837220: Tournament #3878822070, $0.46+$0.04 USD Hold'em No Limit - Level I (10/20) - 2025/04/13 11:23:51 CET [2025/04/13 5:23:51 ET]
Table '3878822070 1' 3-max Seat #2 is the button
Seat 1: Mahu2021 (610 in chips) 
Seat 2: bigBorov (430 in chips) 
Seat 3: Salsirela (460 in chips) 
Salsirela: posts small blind 10
Mahu2021: posts big blind 20
*** HOLE CARDS ***
Dealt to Mahu2021 [4d 9h]
bigBorov: folds 
Salsirela: calls 10
Mahu2021: checks 
*** FLOP *** [9c Qh 3s]
Salsirela: checks 
Mahu2021: bets 40
Salsirela: folds 
Uncalled bet (40) returned to Mahu2021
Mahu2021 collected 40 from pot
Mahu2021: doesn't show hand 
*** SUMMARY ***
Total pot 40 | Rake 0 
Board [9c Qh 3s]
Seat 1: Mahu2021 (big blind) collected (40)
Seat 2: bigBorov (button) folded before Flop (didn't bet)
Seat 3: Salsirela (small blind) folded on the Flop



PokerStars Hand #255713839444: Tournament #3878822070, $0.46+$0.04 USD Hold'em No Limit - Level I (10/20) - 2025/04/13 11:24:13 CET [2025/04/13 5:24:13 ET]
Table '3878822070 1' 3-max Seat #3 is the button
Seat 1: Mahu2021 (630 in chips) 
Seat 2: bigBorov (430 in chips) 
Seat 3: Salsirela (440 in chips) 
Mahu2021: posts small blind 10
bigBorov: posts big blind 20
*** HOLE CARDS ***
Dealt to Mahu2021 [5s 5h]
Salsirela: raises 420 to 440 and is all-in
Mahu2021: folds 
bigBorov: folds 
Uncalled bet (420) returned to Salsirela
Salsirela collected 50 from pot
Salsirela: doesn't show hand 
*** SUMMARY ***
Total pot 50 | Rake 0 
Seat 1: Mahu2021 (small blind) folded before Flop
Seat 2: bigBorov (big blind) folded before Flop
Seat 3: Salsirela (button) collected (50)



PokerStars Hand #255713840668: Tournament #3878822070, $0.46+$0.04 USD Hold'em No Limit - Level I (10/20) - 2025/04/13 11:24:25 CET [2025/04/13 5:24:25 ET]
Table '3878822070 1' 3-max Seat #1 is the button
Seat 1: Mahu2021 (620 in chips) 
Seat 2: bigBorov (410 in chips) 
Seat 3: Salsirela (470 in chips) 
bigBorov: posts small blind 10
Salsirela: posts big blind 20
*** HOLE CARDS ***
Dealt to Mahu2021 [4c 8s]
Mahu2021: folds 
bigBorov: raises 20 to 40
Salsirela: raises 20 to 60
bigBorov: raises 350 to 410 and is all-in
Salsirela: calls 350
*** FLOP *** [8c 9h 2d]
*** TURN *** [8c 9h 2d] [8h]
*** RIVER *** [8c 9h 2d 8h] [Jh]
*** SHOW DOWN ***
bigBorov: shows [As Kd] (a pair of Eights)
Salsirela: shows [Kc Jd] (two pair, Jacks and Eights)
Salsirela collected 820 from pot
bigBorov finished the tournament in 3rd place
*** SUMMARY ***
Total pot 820 | Rake 0 
Board [8c 9h 2d 8h Jh]
Seat 1: Mahu2021 (button) folded before Flop (didn't bet)
Seat 2: bigBorov (small blind) showed [As Kd] and lost with a pair of Eights
Seat 3: Salsirela (big blind) showed [Kc Jd] and won (820) with two pair, Jacks and Eights



PokerStars Hand #255713846041: Tournament #3878822070, $0.46+$0.04 USD Hold'em No Limit - Level II (15/30) - 2025/04/13 11:25:15 CET [2025/04/13 5:25:15 ET]
Table '3878822070 1' 3-max Seat #3 is the button
Seat 1: Mahu2021 (620 in chips) 
Seat 3: Salsirela (880 in chips) 
Salsirela: posts small blind 15
Mahu2021: posts big blind 30
*** HOLE CARDS ***
Dealt to Mahu2021 [6d Jd]
Salsirela: folds 
Uncalled bet (15) returned to Mahu2021
Mahu2021 collected 30 from pot
Mahu2021: doesn't show hand 
*** SUMMARY ***
Total pot 30 | Rake 0 
Seat 1: Mahu2021 (big blind) collected (30)
Seat 3: Salsirela (button) (small blind) folded before Flop



PokerStars Hand #255713846594: Tournament #3878822070, $0.46+$0.04 USD Hold'em No Limit - Level II (15/30) - 2025/04/13 11:25:21 CET [2025/04/13 5:25:21 ET]
Table '3878822070 1' 3-max Seat #1 is the button
Seat 1: Mahu2021 (635 in chips) 
Seat 3: Salsirela (865 in chips) 
Mahu2021: posts small blind 15
Salsirela: posts big blind 30
*** HOLE CARDS ***
Dealt to Mahu2021 [3d Ts]
Mahu2021: folds 
Uncalled bet (15) returned to Salsirela
Salsirela collected 30 from pot
Salsirela: doesn't show hand 
*** SUMMARY ***
Total pot 30 | Rake 0 
Seat 1: Mahu2021 (button) (small blind) folded before Flop
Seat 3: Salsirela (big blind) collected (30)



PokerStars Hand #255713847084: Tournament #3878822070, $0.46+$0.04 USD Hold'em No Limit - Level II (15/30) - 2025/04/13 11:25:25 CET [2025/04/13 5:25:25 ET]
Table '3878822070 1' 3-max Seat #3 is the button
Seat 1: Mahu2021 (620 in chips) 
Seat 3: Salsirela (880 in chips) 
Salsirela: posts small blind 15
Mahu2021: posts big blind 30
*** HOLE CARDS ***
Dealt to Mahu2021 [Td 3s]
Salsirela: folds 
Uncalled bet (15) returned to Mahu2021
Mahu2021 collected 30 from pot
Mahu2021: doesn't show hand 
*** SUMMARY ***
Total pot 30 | Rake 0 
Seat 1: Mahu2021 (big blind) collected (30)
Seat 3: Salsirela (button) (small blind) folded before Flop



PokerStars Hand #255713847584: Tournament #3878822070, $0.46+$0.04 USD Hold'em No Limit - Level II (15/30) - 2025/04/13 11:25:30 CET [2025/04/13 5:25:30 ET]
Table '3878822070 1' 3-max Seat #1 is the button
Seat 1: Mahu2021 (635 in chips) 
Seat 3: Salsirela (865 in chips) 
Mahu2021: posts small blind 15
Salsirela: posts big blind 30
*** HOLE CARDS ***
Dealt to Mahu2021 [2d 4s]
Mahu2021: folds 
Uncalled bet (15) returned to Salsirela
Salsirela collected 30 from pot
Salsirela: doesn't show hand 
*** SUMMARY ***
Total pot 30 | Rake 0 
Seat 1: Mahu2021 (button) (small blind) folded before Flop
Seat 3: Salsirela (big blind) collected (30)



PokerStars Hand #255713848026: Tournament #3878822070, $0.46+$0.04 USD Hold'em No Limit - Level II (15/30) - 2025/04/13 11:25:34 CET [2025/04/13 5:25:34 ET]
Table '3878822070 1' 3-max Seat #3 is the button
Seat 1: Mahu2021 (620 in chips) 
Seat 3: Salsirela (880 in chips) 
Salsirela: posts small blind 15
Mahu2021: posts big blind 30
*** HOLE CARDS ***
Dealt to Mahu2021 [Jh Kh]
Salsirela: raises 30 to 60
Mahu2021: raises 560 to 620 and is all-in
Salsirela: calls 560
*** FLOP *** [Qd Kc 4d]
*** TURN *** [Qd Kc 4d] [Qs]
*** RIVER *** [Qd Kc 4d Qs] [9h]
*** SHOW DOWN ***
Mahu2021: shows [Jh Kh] (two pair, Kings and Queens)
Salsirela: shows [2s 2d] (two pair, Queens and Deuces)
Mahu2021 collected 1240 from pot
*** SUMMARY ***
Total pot 1240 | Rake 0 
Board [Qd Kc 4d Qs 9h]
Seat 1: Mahu2021 (big blind) showed [Jh Kh] and won (1240) with two pair, Kings and Queens
Seat 3: Salsirela (button) (small blind) showed [2s 2d] and lost with two pair, Queens and Deuces



PokerStars Hand #255713849666: Tournament #3878822070, $0.46+$0.04 USD Hold'em No Limit - Level II (15/30) - 2025/04/13 11:25:49 CET [2025/04/13 5:25:49 ET]
Table '3878822070 1' 3-max Seat #1 is the button
Seat 1: Mahu2021 (1240 in chips) 
Seat 3: Salsirela (260 in chips) 
Mahu2021: posts small blind 15
Salsirela: posts big blind 30
*** HOLE CARDS ***
Dealt to Mahu2021 [5h 5c]
Mahu2021: raises 1210 to 1240 and is all-in
Salsirela: calls 230 and is all-in
Uncalled bet (980) returned to Mahu2021
*** FLOP *** [Kc 7d 8c]
*** TURN *** [Kc 7d 8c] [Kh]
*** RIVER *** [Kc 7d 8c Kh] [Qc]
*** SHOW DOWN ***
Salsirela: shows [As 6s] (a pair of Kings)
Mahu2021: shows [5h 5c] (two pair, Kings and Fives)
Mahu2021 collected 520 from pot
Salsirela finished the tournament in 2nd place
Mahu2021 wins the tournament - congratulations!
Mahu2021 wins a '$1.00 Power Path Step 2 Ticket' ticket
*** SUMMARY ***
Total pot 520 | Rake 0 
Board [Kc 7d 8c Kh Qc]
Seat 1: Mahu2021 (button) (small blind) showed [5h 5c] and won (520) with two pair, Kings and Fives
Seat 3: Salsirela (big blind) showed [As 6s] and lost with a pair of Kings



