PokerStars Hand #252557828611: Tournament #3803527963, $1.84+$0.16 USD Hold'em No Limit - Level I (10/20) - 2024/09/21 18:10:54 CET [2024/09/21 12:10:54 ET]
Table '3803527963 1' 3-max Seat #1 is the button
Seat 1: bboppp (500 in chips) 
Seat 2: Mahu2021 (500 in chips) 
Seat 3: Gaga023 (500 in chips) 
Mahu2021: posts small blind 10
Gaga023: posts big blind 20
*** HOLE CARDS ***
Dealt to Mahu2021 [5d Ah]
bboppp: calls 20
Mahu2021: calls 10
Gaga023: raises 80 to 100
bboppp: calls 80
Mahu2021: folds 
*** FLOP *** [4d Jc 6h]
Gaga023: bets 110
bboppp: calls 110
*** TURN *** [4d Jc 6h] [7h]
Gaga023: bets 220
bboppp: calls 220
*** RIVER *** [4d Jc 6h 7h] [Js]
Gaga023: bets 70 and is all-in
bboppp: calls 70 and is all-in
*** SHOW DOWN ***
Gaga023: shows [As 7s] (two pair, Jacks and Sevens)
bboppp: shows [Jd 8d] (three of a kind, Jacks)
bboppp collected 1020 from pot
Gaga023 finished the tournament in 3rd place
*** SUMMARY ***
Total pot 1020 | Rake 0 
Board [4d Jc 6h 7h Js]
Seat 1: bboppp (button) showed [Jd 8d] and won (1020) with three of a kind, Jacks
Seat 2: Mahu2021 (small blind) folded before Flop
Seat 3: Gaga023 (big blind) showed [As 7s] and lost with two pair, Jacks and Sevens



PokerStars Hand #252557838058: Tournament #3803527963, $1.84+$0.16 USD Hold'em No Limit - Level I (10/20) - 2024/09/21 18:11:35 CET [2024/09/21 12:11:35 ET]
Table '3803527963 1' 3-max Seat #2 is the button
Seat 1: bboppp (1020 in chips) 
Seat 2: Mahu2021 (480 in chips) 
Mahu2021: posts small blind 10
bboppp: posts big blind 20
*** HOLE CARDS ***
Dealt to Mahu2021 [2c Kh]
Mahu2021: calls 10
bboppp: checks 
*** FLOP *** [Ac 8h 5h]
bboppp: bets 40
Mahu2021: folds 
Uncalled bet (40) returned to bboppp
bboppp collected 40 from pot
*** SUMMARY ***
Total pot 40 | Rake 0 
Board [Ac 8h 5h]
Seat 1: bboppp (big blind) collected (40)
Seat 2: Mahu2021 (button) (small blind) folded on the Flop



PokerStars Hand #252557842506: Tournament #3803527963, $1.84+$0.16 USD Hold'em No Limit - Level I (10/20) - 2024/09/21 18:11:53 CET [2024/09/21 12:11:53 ET]
Table '3803527963 1' 3-max Seat #1 is the button
Seat 1: bboppp (1040 in chips) 
Seat 2: Mahu2021 (460 in chips) 
bboppp: posts small blind 10
Mahu2021: posts big blind 20
*** HOLE CARDS ***
Dealt to Mahu2021 [4s Qh]
bboppp: calls 10
Mahu2021: checks 
*** FLOP *** [Ac 3s 8d]
Mahu2021: checks 
bboppp: checks 
*** TURN *** [Ac 3s 8d] [5c]
Mahu2021: checks 
bboppp: checks 
*** RIVER *** [Ac 3s 8d 5c] [Td]
Mahu2021: checks 
bboppp: checks 
*** SHOW DOWN ***
Mahu2021: shows [4s Qh] (high card Ace)
bboppp: mucks hand 
Mahu2021 collected 40 from pot
*** SUMMARY ***
Total pot 40 | Rake 0 
Board [Ac 3s 8d 5c Td]
Seat 1: bboppp (button) (small blind) mucked [7d 4d]
Seat 2: Mahu2021 (big blind) showed [4s Qh] and won (40) with high card Ace



PokerStars Hand #252557846543: Tournament #3803527963, $1.84+$0.16 USD Hold'em No Limit - Level I (10/20) - 2024/09/21 18:12:10 CET [2024/09/21 12:12:10 ET]
Table '3803527963 1' 3-max Seat #2 is the button
Seat 1: bboppp (1020 in chips) 
Seat 2: Mahu2021 (480 in chips) 
Mahu2021: posts small blind 10
bboppp: posts big blind 20
*** HOLE CARDS ***
Dealt to Mahu2021 [2s Qh]
Mahu2021: calls 10
bboppp: checks 
*** FLOP *** [Kd 3c 2d]
bboppp: checks 
Mahu2021: bets 20
bboppp: calls 20
*** TURN *** [Kd 3c 2d] [5d]
bboppp: checks 
Mahu2021: checks 
*** RIVER *** [Kd 3c 2d 5d] [2c]
bboppp: bets 20
Mahu2021: raises 60 to 80
bboppp: calls 60
*** SHOW DOWN ***
Mahu2021: shows [2s Qh] (three of a kind, Deuces)
bboppp: mucks hand 
Mahu2021 collected 240 from pot
*** SUMMARY ***
Total pot 240 | Rake 0 
Board [Kd 3c 2d 5d 2c]
Seat 1: bboppp (big blind) mucked [Kc 8s]
Seat 2: Mahu2021 (button) (small blind) showed [2s Qh] and won (240) with three of a kind, Deuces



PokerStars Hand #252557850153: Tournament #3803527963, $1.84+$0.16 USD Hold'em No Limit - Level I (10/20) - 2024/09/21 18:12:25 CET [2024/09/21 12:12:25 ET]
Table '3803527963 1' 3-max Seat #1 is the button
Seat 1: bboppp (900 in chips) 
Seat 2: Mahu2021 (600 in chips) 
bboppp: posts small blind 10
Mahu2021: posts big blind 20
*** HOLE CARDS ***
Dealt to Mahu2021 [2c 7s]
bboppp: raises 20 to 40
Mahu2021: folds 
Uncalled bet (20) returned to bboppp
bboppp collected 40 from pot
*** SUMMARY ***
Total pot 40 | Rake 0 
Seat 1: bboppp (button) (small blind) collected (40)
Seat 2: Mahu2021 (big blind) folded before Flop



PokerStars Hand #252557851574: Tournament #3803527963, $1.84+$0.16 USD Hold'em No Limit - Level I (10/20) - 2024/09/21 18:12:32 CET [2024/09/21 12:12:32 ET]
Table '3803527963 1' 3-max Seat #2 is the button
Seat 1: bboppp (920 in chips) 
Seat 2: Mahu2021 (580 in chips) 
Mahu2021: posts small blind 10
bboppp: posts big blind 20
*** HOLE CARDS ***
Dealt to Mahu2021 [9s Ad]
Mahu2021: raises 20 to 40
bboppp: calls 20
*** FLOP *** [Qd 9h 8c]
bboppp: checks 
Mahu2021: bets 40
bboppp: calls 40
*** TURN *** [Qd 9h 8c] [8s]
bboppp: checks 
Mahu2021: bets 40
bboppp: calls 40
*** RIVER *** [Qd 9h 8c 8s] [4h]
bboppp: checks 
Mahu2021: checks 
*** SHOW DOWN ***
bboppp: shows [7c Th] (a pair of Eights)
Mahu2021: shows [9s Ad] (two pair, Nines and Eights)
Mahu2021 collected 240 from pot
*** SUMMARY ***
Total pot 240 | Rake 0 
Board [Qd 9h 8c 8s 4h]
Seat 1: bboppp (big blind) showed [7c Th] and lost with a pair of Eights
Seat 2: Mahu2021 (button) (small blind) showed [9s Ad] and won (240) with two pair, Nines and Eights



PokerStars Hand #252557855142: Tournament #3803527963, $1.84+$0.16 USD Hold'em No Limit - Level I (10/20) - 2024/09/21 18:12:47 CET [2024/09/21 12:12:47 ET]
Table '3803527963 1' 3-max Seat #1 is the button
Seat 1: bboppp (800 in chips) 
Seat 2: Mahu2021 (700 in chips) 
bboppp: posts small blind 10
Mahu2021: posts big blind 20
*** HOLE CARDS ***
Dealt to Mahu2021 [6c 6s]
bboppp: raises 40 to 60
Mahu2021: calls 40
*** FLOP *** [7d Js Ah]
Mahu2021: checks 
bboppp: bets 20
Mahu2021: calls 20
*** TURN *** [7d Js Ah] [2h]
Mahu2021: checks 
bboppp: checks 
*** RIVER *** [7d Js Ah 2h] [8c]
Mahu2021: bets 160
bboppp: folds 
Uncalled bet (160) returned to Mahu2021
Mahu2021 collected 160 from pot
Mahu2021: doesn't show hand 
*** SUMMARY ***
Total pot 160 | Rake 0 
Board [7d Js Ah 2h 8c]
Seat 1: bboppp (button) (small blind) folded on the River
Seat 2: Mahu2021 (big blind) collected (160)



PokerStars Hand #252557859522: Tournament #3803527963, $1.84+$0.16 USD Hold'em No Limit - Level I (10/20) - 2024/09/21 18:13:05 CET [2024/09/21 12:13:05 ET]
Table '3803527963 1' 3-max Seat #2 is the button
Seat 1: bboppp (720 in chips) 
Seat 2: Mahu2021 (780 in chips) 
Mahu2021: posts small blind 10
bboppp: posts big blind 20
*** HOLE CARDS ***
Dealt to Mahu2021 [5h Ts]
Mahu2021: folds 
Uncalled bet (10) returned to bboppp
bboppp collected 20 from pot
*** SUMMARY ***
Total pot 20 | Rake 0 
Seat 1: bboppp (big blind) collected (20)
Seat 2: Mahu2021 (button) (small blind) folded before Flop



PokerStars Hand #252557860525: Tournament #3803527963, $1.84+$0.16 USD Hold'em No Limit - Level I (10/20) - 2024/09/21 18:13:09 CET [2024/09/21 12:13:09 ET]
Table '3803527963 1' 3-max Seat #1 is the button
Seat 1: bboppp (730 in chips) 
Seat 2: Mahu2021 (770 in chips) 
bboppp: posts small blind 10
Mahu2021: posts big blind 20
*** HOLE CARDS ***
Dealt to Mahu2021 [2c Qd]
bboppp: folds 
Uncalled bet (10) returned to Mahu2021
Mahu2021 collected 20 from pot
Mahu2021: doesn't show hand 
*** SUMMARY ***
Total pot 20 | Rake 0 
Seat 1: bboppp (button) (small blind) folded before Flop
Seat 2: Mahu2021 (big blind) collected (20)



PokerStars Hand #252557861620: Tournament #3803527963, $1.84+$0.16 USD Hold'em No Limit - Level I (10/20) - 2024/09/21 18:13:14 CET [2024/09/21 12:13:14 ET]
Table '3803527963 1' 3-max Seat #2 is the button
Seat 1: bboppp (720 in chips) 
Seat 2: Mahu2021 (780 in chips) 
Mahu2021: posts small blind 10
bboppp: posts big blind 20
*** HOLE CARDS ***
Dealt to Mahu2021 [Jc 9d]
Mahu2021: calls 10
bboppp: checks 
*** FLOP *** [Ah 9h Tc]
bboppp: checks 
Mahu2021: checks 
*** TURN *** [Ah 9h Tc] [Qh]
bboppp: checks 
Mahu2021: checks 
*** RIVER *** [Ah 9h Tc Qh] [Jd]
bboppp: bets 700 and is all-in
Mahu2021: folds [Jc 9d]
Uncalled bet (700) returned to bboppp
bboppp collected 40 from pot
*** SUMMARY ***
Total pot 40 | Rake 0 
Board [Ah 9h Tc Qh Jd]
Seat 1: bboppp (big blind) collected (40)
Seat 2: Mahu2021 (button) (small blind) folded on the River



PokerStars Hand #252557865728: Tournament #3803527963, $1.84+$0.16 USD Hold'em No Limit - Level I (10/20) - 2024/09/21 18:13:31 CET [2024/09/21 12:13:31 ET]
Table '3803527963 1' 3-max Seat #1 is the button
Seat 1: bboppp (740 in chips) 
Seat 2: Mahu2021 (760 in chips) 
bboppp: posts small blind 10
Mahu2021: posts big blind 20
*** HOLE CARDS ***
Dealt to Mahu2021 [6h Td]
bboppp: calls 10
Mahu2021: checks 
*** FLOP *** [9d 3s Jc]
Mahu2021: checks 
bboppp: checks 
*** TURN *** [9d 3s Jc] [Ac]
Mahu2021: checks 
bboppp: checks 
*** RIVER *** [9d 3s Jc Ac] [8h]
Mahu2021: bets 20
bboppp: folds 
Uncalled bet (20) returned to Mahu2021
Mahu2021 collected 40 from pot
Mahu2021: doesn't show hand 
*** SUMMARY ***
Total pot 40 | Rake 0 
Board [9d 3s Jc Ac 8h]
Seat 1: bboppp (button) (small blind) folded on the River
Seat 2: Mahu2021 (big blind) collected (40)



PokerStars Hand #252557870218: Tournament #3803527963, $1.84+$0.16 USD Hold'em No Limit - Level I (10/20) - 2024/09/21 18:13:50 CET [2024/09/21 12:13:50 ET]
Table '3803527963 1' 3-max Seat #2 is the button
Seat 1: bboppp (720 in chips) 
Seat 2: Mahu2021 (780 in chips) 
Mahu2021: posts small blind 10
bboppp: posts big blind 20
*** HOLE CARDS ***
Dealt to Mahu2021 [4c Ad]
Mahu2021: raises 20 to 40
bboppp has timed out
bboppp: folds 
bboppp is sitting out
Uncalled bet (20) returned to Mahu2021
Mahu2021 collected 40 from pot
Mahu2021: doesn't show hand 
*** SUMMARY ***
Total pot 40 | Rake 0 
Seat 1: bboppp (big blind) folded before Flop
Seat 2: Mahu2021 (button) (small blind) collected (40)



PokerStars Hand #252557877493: Tournament #3803527963, $1.84+$0.16 USD Hold'em No Limit - Level II (15/30) - 2024/09/21 18:14:21 CET [2024/09/21 12:14:21 ET]
Table '3803527963 1' 3-max Seat #1 is the button
Seat 1: bboppp (700 in chips) is sitting out
Seat 2: Mahu2021 (800 in chips) 
bboppp: posts small blind 15
Mahu2021: posts big blind 30
*** HOLE CARDS ***
Dealt to Mahu2021 [7d Kd]
bboppp: folds 
Uncalled bet (15) returned to Mahu2021
bboppp has returned
Mahu2021 collected 30 from pot
Mahu2021: doesn't show hand 
*** SUMMARY ***
Total pot 30 | Rake 0 
Seat 1: bboppp (button) (small blind) folded before Flop
Seat 2: Mahu2021 (big blind) collected (30)



PokerStars Hand #252557877943: Tournament #3803527963, $1.84+$0.16 USD Hold'em No Limit - Level II (15/30) - 2024/09/21 18:14:23 CET [2024/09/21 12:14:23 ET]
Table '3803527963 1' 3-max Seat #2 is the button
Seat 1: bboppp (685 in chips) 
Seat 2: Mahu2021 (815 in chips) 
Mahu2021: posts small blind 15
bboppp: posts big blind 30
*** HOLE CARDS ***
Dealt to Mahu2021 [8d Ks]
Mahu2021: calls 15
bboppp: raises 60 to 90
Mahu2021: calls 60
*** FLOP *** [7d Qs Qd]
bboppp: bets 30
Mahu2021: calls 30
*** TURN *** [7d Qs Qd] [9d]
bboppp: bets 240
Mahu2021: folds 
Uncalled bet (240) returned to bboppp
bboppp collected 240 from pot
*** SUMMARY ***
Total pot 240 | Rake 0 
Board [7d Qs Qd 9d]
Seat 1: bboppp (big blind) collected (240)
Seat 2: Mahu2021 (button) (small blind) folded on the Turn



PokerStars Hand #252557881811: Tournament #3803527963, $1.84+$0.16 USD Hold'em No Limit - Level II (15/30) - 2024/09/21 18:14:39 CET [2024/09/21 12:14:39 ET]
Table '3803527963 1' 3-max Seat #1 is the button
Seat 1: bboppp (805 in chips) 
Seat 2: Mahu2021 (695 in chips) 
bboppp: posts small blind 15
Mahu2021: posts big blind 30
*** HOLE CARDS ***
Dealt to Mahu2021 [5h Qs]
bboppp: calls 15
Mahu2021: checks 
*** FLOP *** [9s Ah 9c]
Mahu2021: checks 
bboppp: checks 
*** TURN *** [9s Ah 9c] [3c]
Mahu2021: checks 
bboppp: checks 
*** RIVER *** [9s Ah 9c 3c] [4h]
Mahu2021: checks 
bboppp: checks 
*** SHOW DOWN ***
Mahu2021: shows [5h Qs] (a pair of Nines)
bboppp: shows [Kc 5s] (a pair of Nines - Ace+King kicker)
bboppp collected 60 from pot
*** SUMMARY ***
Total pot 60 | Rake 0 
Board [9s Ah 9c 3c 4h]
Seat 1: bboppp (button) (small blind) showed [Kc 5s] and won (60) with a pair of Nines
Seat 2: Mahu2021 (big blind) showed [5h Qs] and lost with a pair of Nines



PokerStars Hand #252557886321: Tournament #3803527963, $1.84+$0.16 USD Hold'em No Limit - Level II (15/30) - 2024/09/21 18:14:58 CET [2024/09/21 12:14:58 ET]
Table '3803527963 1' 3-max Seat #2 is the button
Seat 1: bboppp (835 in chips) 
Seat 2: Mahu2021 (665 in chips) 
Mahu2021: posts small blind 15
bboppp: posts big blind 30
*** HOLE CARDS ***
Dealt to Mahu2021 [5d Ah]
Mahu2021: raises 30 to 60
bboppp: raises 30 to 90
Mahu2021: calls 30
*** FLOP *** [Td Ks Tc]
bboppp: bets 30
Mahu2021: calls 30
*** TURN *** [Td Ks Tc] [Qc]
bboppp: checks 
Mahu2021: checks 
*** RIVER *** [Td Ks Tc Qc] [7h]
bboppp: checks 
Mahu2021: checks 
*** SHOW DOWN ***
bboppp: shows [Ts Ac] (three of a kind, Tens)
Mahu2021: mucks hand 
bboppp collected 240 from pot
*** SUMMARY ***
Total pot 240 | Rake 0 
Board [Td Ks Tc Qc 7h]
Seat 1: bboppp (big blind) showed [Ts Ac] and won (240) with three of a kind, Tens
Seat 2: Mahu2021 (button) (small blind) mucked [5d Ah]



PokerStars Hand #252557892735: Tournament #3803527963, $1.84+$0.16 USD Hold'em No Limit - Level II (15/30) - 2024/09/21 18:15:25 CET [2024/09/21 12:15:25 ET]
Table '3803527963 1' 3-max Seat #1 is the button
Seat 1: bboppp (955 in chips) 
Seat 2: Mahu2021 (545 in chips) 
bboppp: posts small blind 15
Mahu2021: posts big blind 30
*** HOLE CARDS ***
Dealt to Mahu2021 [2c Tc]
bboppp: calls 15
Mahu2021: checks 
*** FLOP *** [7h 6c 9d]
Mahu2021: checks 
bboppp: checks 
*** TURN *** [7h 6c 9d] [8s]
Mahu2021: checks 
bboppp: checks 
*** RIVER *** [7h 6c 9d 8s] [Jc]
Mahu2021: bets 515 and is all-in
bboppp: folds 
Uncalled bet (515) returned to Mahu2021
Mahu2021 collected 60 from pot
Mahu2021: doesn't show hand 
*** SUMMARY ***
Total pot 60 | Rake 0 
Board [7h 6c 9d 8s Jc]
Seat 1: bboppp (button) (small blind) folded on the River
Seat 2: Mahu2021 (big blind) collected (60)



PokerStars Hand #252557898809: Tournament #3803527963, $1.84+$0.16 USD Hold'em No Limit - Level II (15/30) - 2024/09/21 18:15:50 CET [2024/09/21 12:15:50 ET]
Table '3803527963 1' 3-max Seat #2 is the button
Seat 1: bboppp (925 in chips) 
Seat 2: Mahu2021 (575 in chips) 
Mahu2021: posts small blind 15
bboppp: posts big blind 30
*** HOLE CARDS ***
Dealt to Mahu2021 [7c Qh]
Mahu2021: calls 15
bboppp: checks 
*** FLOP *** [Js Qd 4d]
bboppp: checks 
Mahu2021: bets 30
bboppp: calls 30
*** TURN *** [Js Qd 4d] [3s]
bboppp: checks 
Mahu2021: bets 30
bboppp: calls 30
*** RIVER *** [Js Qd 4d 3s] [8h]
bboppp: checks 
Mahu2021: bets 30
bboppp: calls 30
*** SHOW DOWN ***
Mahu2021: shows [7c Qh] (a pair of Queens)
bboppp: mucks hand 
Mahu2021 collected 240 from pot
*** SUMMARY ***
Total pot 240 | Rake 0 
Board [Js Qd 4d 3s 8h]
Seat 1: bboppp (big blind) mucked [6d 4c]
Seat 2: Mahu2021 (button) (small blind) showed [7c Qh] and won (240) with a pair of Queens



PokerStars Hand #252557905438: Tournament #3803527963, $1.84+$0.16 USD Hold'em No Limit - Level II (15/30) - 2024/09/21 18:16:18 CET [2024/09/21 12:16:18 ET]
Table '3803527963 1' 3-max Seat #1 is the button
Seat 1: bboppp (805 in chips) 
Seat 2: Mahu2021 (695 in chips) 
bboppp: posts small blind 15
Mahu2021: posts big blind 30
*** HOLE CARDS ***
Dealt to Mahu2021 [Jh Qc]
bboppp: raises 60 to 90
Mahu2021: calls 60
*** FLOP *** [Kd Qs 3h]
Mahu2021: checks 
bboppp: checks 
*** TURN *** [Kd Qs 3h] [2c]
Mahu2021: checks 
bboppp: checks 
*** RIVER *** [Kd Qs 3h 2c] [7s]
Mahu2021: checks 
bboppp: checks 
*** SHOW DOWN ***
Mahu2021: shows [Jh Qc] (a pair of Queens)
bboppp: mucks hand 
Mahu2021 collected 180 from pot
*** SUMMARY ***
Total pot 180 | Rake 0 
Board [Kd Qs 3h 2c 7s]
Seat 1: bboppp (button) (small blind) mucked [8d Ah]
Seat 2: Mahu2021 (big blind) showed [Jh Qc] and won (180) with a pair of Queens



PokerStars Hand #252557910834: Tournament #3803527963, $1.84+$0.16 USD Hold'em No Limit - Level II (15/30) - 2024/09/21 18:16:40 CET [2024/09/21 12:16:40 ET]
Table '3803527963 1' 3-max Seat #2 is the button
Seat 1: bboppp (715 in chips) 
Seat 2: Mahu2021 (785 in chips) 
Mahu2021: posts small blind 15
bboppp: posts big blind 30
*** HOLE CARDS ***
Dealt to Mahu2021 [9d Jc]
Mahu2021: raises 30 to 60
bboppp: raises 30 to 90
Mahu2021: calls 30
*** FLOP *** [8c Qc 8h]
bboppp: checks 
Mahu2021: checks 
*** TURN *** [8c Qc 8h] [4s]
bboppp: checks 
Mahu2021: checks 
*** RIVER *** [8c Qc 8h 4s] [3s]
bboppp: checks 
Mahu2021: bets 60
bboppp: calls 60
*** SHOW DOWN ***
Mahu2021: shows [9d Jc] (a pair of Eights)
bboppp: shows [Th As] (a pair of Eights - Ace kicker)
bboppp collected 300 from pot
*** SUMMARY ***
Total pot 300 | Rake 0 
Board [8c Qc 8h 4s 3s]
Seat 1: bboppp (big blind) showed [Th As] and won (300) with a pair of Eights
Seat 2: Mahu2021 (button) (small blind) showed [9d Jc] and lost with a pair of Eights



PokerStars Hand #252557914199: Tournament #3803527963, $1.84+$0.16 USD Hold'em No Limit - Level II (15/30) - 2024/09/21 18:16:54 CET [2024/09/21 12:16:54 ET]
Table '3803527963 1' 3-max Seat #1 is the button
Seat 1: bboppp (865 in chips) 
Seat 2: Mahu2021 (635 in chips) 
bboppp: posts small blind 15
Mahu2021: posts big blind 30
*** HOLE CARDS ***
Dealt to Mahu2021 [2d Js]
bboppp: raises 30 to 60
Mahu2021: folds 
Uncalled bet (30) returned to bboppp
bboppp collected 60 from pot
*** SUMMARY ***
Total pot 60 | Rake 0 
Seat 1: bboppp (button) (small blind) collected (60)
Seat 2: Mahu2021 (big blind) folded before Flop



PokerStars Hand #252557916505: Tournament #3803527963, $1.84+$0.16 USD Hold'em No Limit - Level III (20/40) - 2024/09/21 18:17:03 CET [2024/09/21 12:17:03 ET]
Table '3803527963 1' 3-max Seat #2 is the button
Seat 1: bboppp (895 in chips) 
Seat 2: Mahu2021 (605 in chips) 
Mahu2021: posts small blind 20
bboppp: posts big blind 40
*** HOLE CARDS ***
Dealt to Mahu2021 [Qc 7d]
Mahu2021: calls 20
bboppp: raises 80 to 120
Mahu2021: calls 80
*** FLOP *** [Ah 9s 7h]
bboppp: bets 40
Mahu2021: calls 40
*** TURN *** [Ah 9s 7h] [Qs]
bboppp: bets 40
Mahu2021: calls 40
*** RIVER *** [Ah 9s 7h Qs] [6h]
bboppp: bets 40
Mahu2021: raises 365 to 405 and is all-in
bboppp: folds 
Uncalled bet (365) returned to Mahu2021
Mahu2021 collected 480 from pot
Mahu2021: doesn't show hand 
*** SUMMARY ***
Total pot 480 | Rake 0 
Board [Ah 9s 7h Qs 6h]
Seat 1: bboppp (big blind) folded on the River
Seat 2: Mahu2021 (button) (small blind) collected (480)



PokerStars Hand #252557920698: Tournament #3803527963, $1.84+$0.16 USD Hold'em No Limit - Level III (20/40) - 2024/09/21 18:17:20 CET [2024/09/21 12:17:20 ET]
Table '3803527963 1' 3-max Seat #1 is the button
Seat 1: bboppp (655 in chips) 
Seat 2: Mahu2021 (845 in chips) 
bboppp: posts small blind 20
Mahu2021: posts big blind 40
*** HOLE CARDS ***
Dealt to Mahu2021 [3d Jh]
bboppp: folds 
Uncalled bet (20) returned to Mahu2021
Mahu2021 collected 40 from pot
Mahu2021: doesn't show hand 
*** SUMMARY ***
Total pot 40 | Rake 0 
Seat 1: bboppp (button) (small blind) folded before Flop
Seat 2: Mahu2021 (big blind) collected (40)



PokerStars Hand #252557921730: Tournament #3803527963, $1.84+$0.16 USD Hold'em No Limit - Level III (20/40) - 2024/09/21 18:17:25 CET [2024/09/21 12:17:25 ET]
Table '3803527963 1' 3-max Seat #2 is the button
Seat 1: bboppp (635 in chips) 
Seat 2: Mahu2021 (865 in chips) 
Mahu2021: posts small blind 20
bboppp: posts big blind 40
*** HOLE CARDS ***
Dealt to Mahu2021 [Ac Qc]
Mahu2021: raises 40 to 80
bboppp: raises 160 to 240
Mahu2021: raises 625 to 865 and is all-in
bboppp: calls 395 and is all-in
Uncalled bet (230) returned to Mahu2021
*** FLOP *** [Kh 9h Qh]
*** TURN *** [Kh 9h Qh] [2h]
*** RIVER *** [Kh 9h Qh 2h] [6h]
*** SHOW DOWN ***
bboppp: shows [Qd Ah] (a flush, Ace high)
Mahu2021: shows [Ac Qc] (a flush, King high)
bboppp collected 1270 from pot
*** SUMMARY ***
Total pot 1270 | Rake 0 
Board [Kh 9h Qh 2h 6h]
Seat 1: bboppp (big blind) showed [Qd Ah] and won (1270) with a flush, Ace high
Seat 2: Mahu2021 (button) (small blind) showed [Ac Qc] and lost with a flush, King high



PokerStars Hand #252557925978: Tournament #3803527963, $1.84+$0.16 USD Hold'em No Limit - Level III (20/40) - 2024/09/21 18:17:42 CET [2024/09/21 12:17:42 ET]
Table '3803527963 1' 3-max Seat #1 is the button
Seat 1: bboppp (1270 in chips) 
Seat 2: Mahu2021 (230 in chips) 
bboppp: posts small blind 20
Mahu2021: posts big blind 40
*** HOLE CARDS ***
Dealt to Mahu2021 [9h 2s]
bboppp: raises 1230 to 1270 and is all-in
Mahu2021: folds 
Uncalled bet (1230) returned to bboppp
bboppp collected 80 from pot
*** SUMMARY ***
Total pot 80 | Rake 0 
Seat 1: bboppp (button) (small blind) collected (80)
Seat 2: Mahu2021 (big blind) folded before Flop



PokerStars Hand #252557927118: Tournament #3803527963, $1.84+$0.16 USD Hold'em No Limit - Level III (20/40) - 2024/09/21 18:17:47 CET [2024/09/21 12:17:47 ET]
Table '3803527963 1' 3-max Seat #2 is the button
Seat 1: bboppp (1310 in chips) 
Seat 2: Mahu2021 (190 in chips) 
Mahu2021: posts small blind 20
bboppp: posts big blind 40
*** HOLE CARDS ***
Dealt to Mahu2021 [5c Ac]
Mahu2021: raises 150 to 190 and is all-in
bboppp: folds 
Uncalled bet (150) returned to Mahu2021
Mahu2021 collected 80 from pot
Mahu2021: doesn't show hand 
*** SUMMARY ***
Total pot 80 | Rake 0 
Seat 1: bboppp (big blind) folded before Flop
Seat 2: Mahu2021 (button) (small blind) collected (80)



PokerStars Hand #252557928524: Tournament #3803527963, $1.84+$0.16 USD Hold'em No Limit - Level III (20/40) - 2024/09/21 18:17:53 CET [2024/09/21 12:17:53 ET]
Table '3803527963 1' 3-max Seat #1 is the button
Seat 1: bboppp (1270 in chips) 
Seat 2: Mahu2021 (230 in chips) 
bboppp: posts small blind 20
Mahu2021: posts big blind 40
*** HOLE CARDS ***
Dealt to Mahu2021 [3c Ks]
bboppp: calls 20
Mahu2021: raises 190 to 230 and is all-in
bboppp: folds 
Uncalled bet (190) returned to Mahu2021
Mahu2021 collected 80 from pot
Mahu2021: doesn't show hand 
*** SUMMARY ***
Total pot 80 | Rake 0 
Seat 1: bboppp (button) (small blind) folded before Flop
Seat 2: Mahu2021 (big blind) collected (80)



PokerStars Hand #252557930357: Tournament #3803527963, $1.84+$0.16 USD Hold'em No Limit - Level III (20/40) - 2024/09/21 18:18:00 CET [2024/09/21 12:18:00 ET]
Table '3803527963 1' 3-max Seat #2 is the button
Seat 1: bboppp (1230 in chips) 
Seat 2: Mahu2021 (270 in chips) 
Mahu2021: posts small blind 20
bboppp: posts big blind 40
*** HOLE CARDS ***
Dealt to Mahu2021 [Kd Ad]
Mahu2021: raises 230 to 270 and is all-in
bboppp: calls 230
*** FLOP *** [Kc Ts Jd]
*** TURN *** [Kc Ts Jd] [3c]
*** RIVER *** [Kc Ts Jd 3c] [5s]
*** SHOW DOWN ***
bboppp: shows [Jc 7d] (a pair of Jacks)
Mahu2021: shows [Kd Ad] (a pair of Kings)
Mahu2021 collected 540 from pot
*** SUMMARY ***
Total pot 540 | Rake 0 
Board [Kc Ts Jd 3c 5s]
Seat 1: bboppp (big blind) showed [Jc 7d] and lost with a pair of Jacks
Seat 2: Mahu2021 (button) (small blind) showed [Kd Ad] and won (540) with a pair of Kings



PokerStars Hand #252557933919: Tournament #3803527963, $1.84+$0.16 USD Hold'em No Limit - Level III (20/40) - 2024/09/21 18:18:15 CET [2024/09/21 12:18:15 ET]
Table '3803527963 1' 3-max Seat #1 is the button
Seat 1: bboppp (960 in chips) 
Seat 2: Mahu2021 (540 in chips) 
bboppp: posts small blind 20
Mahu2021: posts big blind 40
*** HOLE CARDS ***
Dealt to Mahu2021 [7s Th]
bboppp: raises 40 to 80
Mahu2021: folds 
Uncalled bet (40) returned to bboppp
bboppp collected 80 from pot
*** SUMMARY ***
Total pot 80 | Rake 0 
Seat 1: bboppp (button) (small blind) collected (80)
Seat 2: Mahu2021 (big blind) folded before Flop



PokerStars Hand #252557935884: Tournament #3803527963, $1.84+$0.16 USD Hold'em No Limit - Level III (20/40) - 2024/09/21 18:18:23 CET [2024/09/21 12:18:23 ET]
Table '3803527963 1' 3-max Seat #2 is the button
Seat 1: bboppp (1000 in chips) 
Seat 2: Mahu2021 (500 in chips) 
Mahu2021: posts small blind 20
bboppp: posts big blind 40
*** HOLE CARDS ***
Dealt to Mahu2021 [Kh 3c]
Mahu2021: calls 20
bboppp has timed out
bboppp: checks 
*** FLOP *** [6d 5h 2s]
bboppp: checks 
Mahu2021: checks 
*** TURN *** [6d 5h 2s] [6h]
bboppp: checks 
Mahu2021: bets 40
bboppp: calls 40
*** RIVER *** [6d 5h 2s 6h] [Js]
bboppp: checks 
Mahu2021: checks 
*** SHOW DOWN ***
bboppp: shows [2h 3d] (two pair, Sixes and Deuces)
Mahu2021: mucks hand 
bboppp collected 160 from pot
*** SUMMARY ***
Total pot 160 | Rake 0 
Board [6d 5h 2s 6h Js]
Seat 1: bboppp (big blind) showed [2h 3d] and won (160) with two pair, Sixes and Deuces
Seat 2: Mahu2021 (button) (small blind) mucked [Kh 3c]



PokerStars Hand #252557945019: Tournament #3803527963, $1.84+$0.16 USD Hold'em No Limit - Level III (20/40) - 2024/09/21 18:19:01 CET [2024/09/21 12:19:01 ET]
Table '3803527963 1' 3-max Seat #1 is the button
Seat 1: bboppp (1080 in chips) 
Seat 2: Mahu2021 (420 in chips) 
bboppp: posts small blind 20
Mahu2021: posts big blind 40
*** HOLE CARDS ***
Dealt to Mahu2021 [8d 4h]
bboppp: raises 40 to 80
Mahu2021: folds 
Uncalled bet (40) returned to bboppp
bboppp collected 80 from pot
*** SUMMARY ***
Total pot 80 | Rake 0 
Seat 1: bboppp (button) (small blind) collected (80)
Seat 2: Mahu2021 (big blind) folded before Flop



PokerStars Hand #252557946906: Tournament #3803527963, $1.84+$0.16 USD Hold'em No Limit - Level III (20/40) - 2024/09/21 18:19:09 CET [2024/09/21 12:19:09 ET]
Table '3803527963 1' 3-max Seat #2 is the button
Seat 1: bboppp (1120 in chips) 
Seat 2: Mahu2021 (380 in chips) 
Mahu2021: posts small blind 20
bboppp: posts big blind 40
*** HOLE CARDS ***
Dealt to Mahu2021 [2d 7c]
Mahu2021: folds 
Uncalled bet (20) returned to bboppp
bboppp collected 40 from pot
*** SUMMARY ***
Total pot 40 | Rake 0 
Seat 1: bboppp (big blind) collected (40)
Seat 2: Mahu2021 (button) (small blind) folded before Flop



PokerStars Hand #252557947941: Tournament #3803527963, $1.84+$0.16 USD Hold'em No Limit - Level III (20/40) - 2024/09/21 18:19:13 CET [2024/09/21 12:19:13 ET]
Table '3803527963 1' 3-max Seat #1 is the button
Seat 1: bboppp (1140 in chips) 
Seat 2: Mahu2021 (360 in chips) 
bboppp: posts small blind 20
Mahu2021: posts big blind 40
*** HOLE CARDS ***
Dealt to Mahu2021 [Td 2h]
bboppp: calls 20
Mahu2021: checks 
*** FLOP *** [3c 8s Th]
Mahu2021: bets 40
bboppp: calls 40
*** TURN *** [3c 8s Th] [4h]
Mahu2021: bets 40
bboppp: calls 40
*** RIVER *** [3c 8s Th 4h] [9c]
Mahu2021: bets 40
bboppp: calls 40
*** SHOW DOWN ***
Mahu2021: shows [Td 2h] (a pair of Tens)
bboppp: mucks hand 
Mahu2021 collected 320 from pot
*** SUMMARY ***
Total pot 320 | Rake 0 
Board [3c 8s Th 4h 9c]
Seat 1: bboppp (button) (small blind) mucked [Jc 4c]
Seat 2: Mahu2021 (big blind) showed [Td 2h] and won (320) with a pair of Tens



PokerStars Hand #252557951969: Tournament #3803527963, $1.84+$0.16 USD Hold'em No Limit - Level III (20/40) - 2024/09/21 18:19:30 CET [2024/09/21 12:19:30 ET]
Table '3803527963 1' 3-max Seat #2 is the button
Seat 1: bboppp (980 in chips) 
Seat 2: Mahu2021 (520 in chips) 
Mahu2021: posts small blind 20
bboppp: posts big blind 40
*** HOLE CARDS ***
Dealt to Mahu2021 [3s Ad]
Mahu2021: raises 480 to 520 and is all-in
bboppp: folds 
Uncalled bet (480) returned to Mahu2021
Mahu2021 collected 80 from pot
Mahu2021: doesn't show hand 
*** SUMMARY ***
Total pot 80 | Rake 0 
Seat 1: bboppp (big blind) folded before Flop
Seat 2: Mahu2021 (button) (small blind) collected (80)



PokerStars Hand #252557954615: Tournament #3803527963, $1.84+$0.16 USD Hold'em No Limit - Level III (20/40) - 2024/09/21 18:19:41 CET [2024/09/21 12:19:41 ET]
Table '3803527963 1' 3-max Seat #1 is the button
Seat 1: bboppp (940 in chips) 
Seat 2: Mahu2021 (560 in chips) 
bboppp: posts small blind 20
Mahu2021: posts big blind 40
*** HOLE CARDS ***
Dealt to Mahu2021 [6c 6s]
bboppp: calls 20
Mahu2021: raises 520 to 560 and is all-in
bboppp: folds 
Uncalled bet (520) returned to Mahu2021
Mahu2021 collected 80 from pot
Mahu2021: doesn't show hand 
*** SUMMARY ***
Total pot 80 | Rake 0 
Seat 1: bboppp (button) (small blind) folded before Flop
Seat 2: Mahu2021 (big blind) collected (80)



PokerStars Hand #252557957957: Tournament #3803527963, $1.84+$0.16 USD Hold'em No Limit - Level III (20/40) - 2024/09/21 18:19:55 CET [2024/09/21 12:19:55 ET]
Table '3803527963 1' 3-max Seat #2 is the button
Seat 1: bboppp (900 in chips) 
Seat 2: Mahu2021 (600 in chips) 
Mahu2021: posts small blind 20
bboppp: posts big blind 40
*** HOLE CARDS ***
Dealt to Mahu2021 [3d 2s]
Mahu2021: folds 
Uncalled bet (20) returned to bboppp
bboppp collected 40 from pot
*** SUMMARY ***
Total pot 40 | Rake 0 
Seat 1: bboppp (big blind) collected (40)
Seat 2: Mahu2021 (button) (small blind) folded before Flop



PokerStars Hand #252557959773: Tournament #3803527963, $1.84+$0.16 USD Hold'em No Limit - Level IV (30/60) - 2024/09/21 18:20:02 CET [2024/09/21 12:20:02 ET]
Table '3803527963 1' 3-max Seat #1 is the button
Seat 1: bboppp (920 in chips) 
Seat 2: Mahu2021 (580 in chips) 
bboppp: posts small blind 30
Mahu2021: posts big blind 60
*** HOLE CARDS ***
Dealt to Mahu2021 [Jc 4d]
bboppp: folds 
Uncalled bet (30) returned to Mahu2021
Mahu2021 collected 60 from pot
Mahu2021: doesn't show hand 
*** SUMMARY ***
Total pot 60 | Rake 0 
Seat 1: bboppp (button) (small blind) folded before Flop
Seat 2: Mahu2021 (big blind) collected (60)



PokerStars Hand #252557962431: Tournament #3803527963, $1.84+$0.16 USD Hold'em No Limit - Level IV (30/60) - 2024/09/21 18:20:13 CET [2024/09/21 12:20:13 ET]
Table '3803527963 1' 3-max Seat #2 is the button
Seat 1: bboppp (890 in chips) 
Seat 2: Mahu2021 (610 in chips) 
Mahu2021: posts small blind 30
bboppp: posts big blind 60
*** HOLE CARDS ***
Dealt to Mahu2021 [3h 4d]
Mahu2021: folds 
Uncalled bet (30) returned to bboppp
bboppp collected 60 from pot
*** SUMMARY ***
Total pot 60 | Rake 0 
Seat 1: bboppp (big blind) collected (60)
Seat 2: Mahu2021 (button) (small blind) folded before Flop



PokerStars Hand #252557963842: Tournament #3803527963, $1.84+$0.16 USD Hold'em No Limit - Level IV (30/60) - 2024/09/21 18:20:19 CET [2024/09/21 12:20:19 ET]
Table '3803527963 1' 3-max Seat #1 is the button
Seat 1: bboppp (920 in chips) 
Seat 2: Mahu2021 (580 in chips) 
bboppp: posts small blind 30
Mahu2021: posts big blind 60
*** HOLE CARDS ***
Dealt to Mahu2021 [4s Ac]
bboppp: raises 60 to 120
Mahu2021: raises 460 to 580 and is all-in
bboppp: calls 460
*** FLOP *** [8h Js 7d]
*** TURN *** [8h Js 7d] [3h]
*** RIVER *** [8h Js 7d 3h] [2c]
*** SHOW DOWN ***
Mahu2021: shows [4s Ac] (high card Ace)
bboppp: shows [8s 8d] (three of a kind, Eights)
bboppp collected 1160 from pot
Mahu2021 finished the tournament in 2nd place
bboppp wins the tournament and receives $6.00 - congratulations!
*** SUMMARY ***
Total pot 1160 | Rake 0 
Board [8h Js 7d 3h 2c]
Seat 1: bboppp (button) (small blind) showed [8s 8d] and won (1160) with three of a kind, Eights
Seat 2: Mahu2021 (big blind) showed [4s Ac] and lost with high card Ace



