PokerStars Hand #244030990076: Tournament #3598861960, $0.92+$0.08 USD Hold'em No Limit - Level I (10/20) - 2023/06/01 17:27:38 CET [2023/06/01 11:27:38 ET]
Table '3598861960 1' 3-max Seat #1 is the button
Seat 1: sms1968 (500 in chips) 
Seat 2: dushichka (500 in chips) 
Seat 3: Mahu2021 (500 in chips) 
dushichka: posts small blind 10
Mahu2021: posts big blind 20
*** HOLE CARDS ***
Dealt to Mahu2021 [4c 3d]
sms1968: raises 40 to 60
dushichka: raises 440 to 500 and is all-in
Mahu2021: folds 
sms1968: folds 
Uncalled bet (440) returned to dushichka
dushichka collected 140 from pot
*** SUMMARY ***
Total pot 140 | Rake 0 
Seat 1: sms1968 (button) folded before Flop
Seat 2: dushichka (small blind) collected (140)
Seat 3: Mahu2021 (big blind) folded before Flop



PokerStars Hand #244030991911: Tournament #3598861960, $0.92+$0.08 USD Hold'em No Limit - Level I (10/20) - 2023/06/01 17:27:45 CET [2023/06/01 11:27:45 ET]
Table '3598861960 1' 3-max Seat #2 is the button
Seat 1: sms1968 (440 in chips) 
Seat 2: dushichka (580 in chips) 
Seat 3: Mahu2021 (480 in chips) 
Mahu2021: posts small blind 10
sms1968: posts big blind 20
*** HOLE CARDS ***
Dealt to Mahu2021 [9c Kd]
dushichka: folds 
Mahu2021: calls 10
sms1968: checks 
*** FLOP *** [7s 2s 3c]
Mahu2021: bets 20
sms1968: raises 80 to 100
Mahu2021: folds 
Uncalled bet (80) returned to sms1968
sms1968 collected 80 from pot
*** SUMMARY ***
Total pot 80 | Rake 0 
Board [7s 2s 3c]
Seat 1: sms1968 (big blind) collected (80)
Seat 2: dushichka (button) folded before Flop (didn't bet)
Seat 3: Mahu2021 (small blind) folded on the Flop



PokerStars Hand #244030994792: Tournament #3598861960, $0.92+$0.08 USD Hold'em No Limit - Level I (10/20) - 2023/06/01 17:27:57 CET [2023/06/01 11:27:57 ET]
Table '3598861960 1' 3-max Seat #3 is the button
Seat 1: sms1968 (480 in chips) 
Seat 2: dushichka (580 in chips) 
Seat 3: Mahu2021 (440 in chips) 
sms1968: posts small blind 10
dushichka: posts big blind 20
*** HOLE CARDS ***
Dealt to Mahu2021 [2d 6h]
Mahu2021: folds 
sms1968: raises 40 to 60
dushichka: calls 40
*** FLOP *** [4h 5d Kh]
sms1968: bets 60
dushichka: calls 60
*** TURN *** [4h 5d Kh] [3s]
sms1968: checks 
dushichka: bets 460 and is all-in
sms1968: folds 
Uncalled bet (460) returned to dushichka
dushichka collected 240 from pot
*** SUMMARY ***
Total pot 240 | Rake 0 
Board [4h 5d Kh 3s]
Seat 1: sms1968 (small blind) folded on the Turn
Seat 2: dushichka (big blind) collected (240)
Seat 3: Mahu2021 (button) folded before Flop (didn't bet)



PokerStars Hand #244030998902: Tournament #3598861960, $0.92+$0.08 USD Hold'em No Limit - Level I (10/20) - 2023/06/01 17:28:15 CET [2023/06/01 11:28:15 ET]
Table '3598861960 1' 3-max Seat #1 is the button
Seat 1: sms1968 (360 in chips) 
Seat 2: dushichka (700 in chips) 
Seat 3: Mahu2021 (440 in chips) 
dushichka: posts small blind 10
Mahu2021: posts big blind 20
*** HOLE CARDS ***
Dealt to Mahu2021 [5h Th]
sms1968: calls 20
dushichka: folds 
Mahu2021: checks 
*** FLOP *** [4s 3h 5c]
Mahu2021: checks 
sms1968: bets 20
Mahu2021: calls 20
*** TURN *** [4s 3h 5c] [7d]
Mahu2021: checks 
sms1968: checks 
*** RIVER *** [4s 3h 5c 7d] [9h]
Mahu2021: checks 
sms1968: checks 
*** SHOW DOWN ***
Mahu2021: shows [5h Th] (a pair of Fives)
sms1968: mucks hand 
Mahu2021 collected 90 from pot
*** SUMMARY ***
Total pot 90 | Rake 0 
Board [4s 3h 5c 7d 9h]
Seat 1: sms1968 (button) mucked [8h Kc]
Seat 2: dushichka (small blind) folded before Flop
Seat 3: Mahu2021 (big blind) showed [5h Th] and won (90) with a pair of Fives



PokerStars Hand #244031002938: Tournament #3598861960, $0.92+$0.08 USD Hold'em No Limit - Level I (10/20) - 2023/06/01 17:28:32 CET [2023/06/01 11:28:32 ET]
Table '3598861960 1' 3-max Seat #2 is the button
Seat 1: sms1968 (320 in chips) 
Seat 2: dushichka (690 in chips) 
Seat 3: Mahu2021 (490 in chips) 
Mahu2021: posts small blind 10
sms1968: posts big blind 20
*** HOLE CARDS ***
Dealt to Mahu2021 [Qs Kd]
dushichka: raises 20 to 40
Mahu2021: calls 30
sms1968: folds 
*** FLOP *** [Qd 9d Js]
Mahu2021: bets 450 and is all-in
dushichka: folds 
Uncalled bet (450) returned to Mahu2021
Mahu2021 collected 100 from pot
Mahu2021: doesn't show hand 
*** SUMMARY ***
Total pot 100 | Rake 0 
Board [Qd 9d Js]
Seat 1: sms1968 (big blind) folded before Flop
Seat 2: dushichka (button) folded on the Flop
Seat 3: Mahu2021 (small blind) collected (100)



PokerStars Hand #244031005378: Tournament #3598861960, $0.92+$0.08 USD Hold'em No Limit - Level I (10/20) - 2023/06/01 17:28:42 CET [2023/06/01 11:28:42 ET]
Table '3598861960 1' 3-max Seat #3 is the button
Seat 1: sms1968 (300 in chips) 
Seat 2: dushichka (650 in chips) 
Seat 3: Mahu2021 (550 in chips) 
sms1968: posts small blind 10
dushichka: posts big blind 20
*** HOLE CARDS ***
Dealt to Mahu2021 [8c Js]
Mahu2021: folds 
sms1968: calls 10
dushichka: checks 
*** FLOP *** [8h 6c Td]
sms1968: bets 20
dushichka: calls 20
*** TURN *** [8h 6c Td] [9c]
sms1968: checks 
dushichka: bets 20
sms1968: folds 
Uncalled bet (20) returned to dushichka
dushichka collected 80 from pot
*** SUMMARY ***
Total pot 80 | Rake 0 
Board [8h 6c Td 9c]
Seat 1: sms1968 (small blind) folded on the Turn
Seat 2: dushichka (big blind) collected (80)
Seat 3: Mahu2021 (button) folded before Flop (didn't bet)



PokerStars Hand #244031009324: Tournament #3598861960, $0.92+$0.08 USD Hold'em No Limit - Level I (10/20) - 2023/06/01 17:28:59 CET [2023/06/01 11:28:59 ET]
Table '3598861960 1' 3-max Seat #1 is the button
Seat 1: sms1968 (260 in chips) 
Seat 2: dushichka (690 in chips) 
Seat 3: Mahu2021 (550 in chips) 
dushichka: posts small blind 10
Mahu2021: posts big blind 20
*** HOLE CARDS ***
Dealt to Mahu2021 [3c Jd]
sms1968: folds 
dushichka: folds 
Uncalled bet (10) returned to Mahu2021
Mahu2021 collected 20 from pot
Mahu2021: doesn't show hand 
*** SUMMARY ***
Total pot 20 | Rake 0 
Seat 1: sms1968 (button) folded before Flop (didn't bet)
Seat 2: dushichka (small blind) folded before Flop
Seat 3: Mahu2021 (big blind) collected (20)



PokerStars Hand #244031010779: Tournament #3598861960, $0.92+$0.08 USD Hold'em No Limit - Level I (10/20) - 2023/06/01 17:29:05 CET [2023/06/01 11:29:05 ET]
Table '3598861960 1' 3-max Seat #2 is the button
Seat 1: sms1968 (260 in chips) 
Seat 2: dushichka (680 in chips) 
Seat 3: Mahu2021 (560 in chips) 
Mahu2021: posts small blind 10
sms1968: posts big blind 20
*** HOLE CARDS ***
Dealt to Mahu2021 [3h Ah]
dushichka: calls 20
Mahu2021: calls 10
sms1968: checks 
*** FLOP *** [7c 4c 3s]
Mahu2021: bets 20
sms1968: calls 20
dushichka: calls 20
*** TURN *** [7c 4c 3s] [6d]
Mahu2021: checks 
sms1968: bets 220 and is all-in
dushichka: folds 
Mahu2021: folds 
Uncalled bet (220) returned to sms1968
sms1968 collected 120 from pot
*** SUMMARY ***
Total pot 120 | Rake 0 
Board [7c 4c 3s 6d]
Seat 1: sms1968 (big blind) collected (120)
Seat 2: dushichka (button) folded on the Turn
Seat 3: Mahu2021 (small blind) folded on the Turn



PokerStars Hand #244031014837: Tournament #3598861960, $0.92+$0.08 USD Hold'em No Limit - Level I (10/20) - 2023/06/01 17:29:22 CET [2023/06/01 11:29:22 ET]
Table '3598861960 1' 3-max Seat #3 is the button
Seat 1: sms1968 (340 in chips) 
Seat 2: dushichka (640 in chips) 
Seat 3: Mahu2021 (520 in chips) 
sms1968: posts small blind 10
dushichka: posts big blind 20
*** HOLE CARDS ***
Dealt to Mahu2021 [7h 3s]
Mahu2021: folds 
sms1968: calls 10
dushichka: checks 
*** FLOP *** [9c Th 9h]
sms1968: checks 
dushichka: bets 20
sms1968: calls 20
*** TURN *** [9c Th 9h] [Ks]
sms1968: checks 
dushichka: bets 40
sms1968: calls 40
*** RIVER *** [9c Th 9h Ks] [2h]
sms1968: checks 
dushichka: checks 
*** SHOW DOWN ***
sms1968: shows [4s Qh] (a pair of Nines)
dushichka: shows [5h Ts] (two pair, Tens and Nines)
dushichka collected 160 from pot
*** SUMMARY ***
Total pot 160 | Rake 0 
Board [9c Th 9h Ks 2h]
Seat 1: sms1968 (small blind) showed [4s Qh] and lost with a pair of Nines
Seat 2: dushichka (big blind) showed [5h Ts] and won (160) with two pair, Tens and Nines
Seat 3: Mahu2021 (button) folded before Flop (didn't bet)



PokerStars Hand #244031019490: Tournament #3598861960, $0.92+$0.08 USD Hold'em No Limit - Level I (10/20) - 2023/06/01 17:29:42 CET [2023/06/01 11:29:42 ET]
Table '3598861960 1' 3-max Seat #1 is the button
Seat 1: sms1968 (260 in chips) 
Seat 2: dushichka (720 in chips) 
Seat 3: Mahu2021 (520 in chips) 
dushichka: posts small blind 10
Mahu2021: posts big blind 20
*** HOLE CARDS ***
Dealt to Mahu2021 [Qc Jh]
sms1968: calls 20
dushichka: calls 10
Mahu2021: checks 
*** FLOP *** [9c 4s 6s]
dushichka: checks 
Mahu2021: checks 
sms1968: checks 
*** TURN *** [9c 4s 6s] [3c]
dushichka: bets 40
Mahu2021: folds 
sms1968: folds 
Uncalled bet (40) returned to dushichka
dushichka collected 60 from pot
*** SUMMARY ***
Total pot 60 | Rake 0 
Board [9c 4s 6s 3c]
Seat 1: sms1968 (button) folded on the Turn
Seat 2: dushichka (small blind) collected (60)
Seat 3: Mahu2021 (big blind) folded on the Turn



PokerStars Hand #244031023040: Tournament #3598861960, $0.92+$0.08 USD Hold'em No Limit - Level I (10/20) - 2023/06/01 17:29:57 CET [2023/06/01 11:29:57 ET]
Table '3598861960 1' 3-max Seat #2 is the button
Seat 1: sms1968 (240 in chips) 
Seat 2: dushichka (760 in chips) 
Seat 3: Mahu2021 (500 in chips) 
Mahu2021: posts small blind 10
sms1968: posts big blind 20
*** HOLE CARDS ***
Dealt to Mahu2021 [Js 8s]
dushichka: calls 20
Mahu2021: calls 10
sms1968: checks 
*** FLOP *** [9h 7h 6d]
Mahu2021: checks 
sms1968: checks 
dushichka: bets 40
Mahu2021: calls 40
sms1968: folds 
*** TURN *** [9h 7h 6d] [4h]
Mahu2021: checks 
dushichka: checks 
*** RIVER *** [9h 7h 6d 4h] [4c]
Mahu2021: bets 60
dushichka: raises 80 to 140
Mahu2021: raises 100 to 240
dushichka: calls 100
*** SHOW DOWN ***
Mahu2021: shows [Js 8s] (a pair of Fours)
dushichka: shows [5d 4d] (three of a kind, Fours)
dushichka collected 620 from pot
*** SUMMARY ***
Total pot 620 | Rake 0 
Board [9h 7h 6d 4h 4c]
Seat 1: sms1968 (big blind) folded on the Flop
Seat 2: dushichka (button) showed [5d 4d] and won (620) with three of a kind, Fours
Seat 3: Mahu2021 (small blind) showed [Js 8s] and lost with a pair of Fours



PokerStars Hand #244031030126: Tournament #3598861960, $0.92+$0.08 USD Hold'em No Limit - Level I (10/20) - 2023/06/01 17:30:26 CET [2023/06/01 11:30:26 ET]
Table '3598861960 1' 3-max Seat #3 is the button
Seat 1: sms1968 (220 in chips) 
Seat 2: dushichka (1080 in chips) 
Seat 3: Mahu2021 (200 in chips) 
sms1968: posts small blind 10
dushichka: posts big blind 20
*** HOLE CARDS ***
Dealt to Mahu2021 [2h 8h]
Mahu2021: folds 
sms1968: raises 40 to 60
dushichka: folds 
Uncalled bet (40) returned to sms1968
sms1968 collected 40 from pot
*** SUMMARY ***
Total pot 40 | Rake 0 
Seat 1: sms1968 (small blind) collected (40)
Seat 2: dushichka (big blind) folded before Flop
Seat 3: Mahu2021 (button) folded before Flop (didn't bet)



PokerStars Hand #244031032423: Tournament #3598861960, $0.92+$0.08 USD Hold'em No Limit - Level I (10/20) - 2023/06/01 17:30:36 CET [2023/06/01 11:30:36 ET]
Table '3598861960 1' 3-max Seat #1 is the button
Seat 1: sms1968 (240 in chips) 
Seat 2: dushichka (1060 in chips) 
Seat 3: Mahu2021 (200 in chips) 
dushichka: posts small blind 10
Mahu2021: posts big blind 20
*** HOLE CARDS ***
Dealt to Mahu2021 [Ah 2s]
sms1968: folds 
dushichka: folds 
Uncalled bet (10) returned to Mahu2021
Mahu2021 collected 20 from pot
Mahu2021: doesn't show hand 
*** SUMMARY ***
Total pot 20 | Rake 0 
Seat 1: sms1968 (button) folded before Flop (didn't bet)
Seat 2: dushichka (small blind) folded before Flop
Seat 3: Mahu2021 (big blind) collected (20)



PokerStars Hand #244031034523: Tournament #3598861960, $0.92+$0.08 USD Hold'em No Limit - Level II (15/30) - 2023/06/01 17:30:45 CET [2023/06/01 11:30:45 ET]
Table '3598861960 1' 3-max Seat #2 is the button
Seat 1: sms1968 (240 in chips) 
Seat 2: dushichka (1050 in chips) 
Seat 3: Mahu2021 (210 in chips) 
Mahu2021: posts small blind 15
sms1968: posts big blind 30
*** HOLE CARDS ***
Dealt to Mahu2021 [Qs 9c]
dushichka: raises 60 to 90
Mahu2021: raises 120 to 210 and is all-in
sms1968: folds 
dushichka: calls 120
*** FLOP *** [5s 3d Kc]
*** TURN *** [5s 3d Kc] [5c]
*** RIVER *** [5s 3d Kc 5c] [Ah]
*** SHOW DOWN ***
Mahu2021: shows [Qs 9c] (a pair of Fives)
dushichka: shows [7d 7c] (two pair, Sevens and Fives)
dushichka collected 450 from pot
Mahu2021 finished the tournament in 3rd place
*** SUMMARY ***
Total pot 450 | Rake 0 
Board [5s 3d Kc 5c Ah]
Seat 1: sms1968 (big blind) folded before Flop
Seat 2: dushichka (button) showed [7d 7c] and won (450) with two pair, Sevens and Fives
Seat 3: Mahu2021 (small blind) showed [Qs 9c] and lost with a pair of Fives



