PokerStars Hand #253378309565: Tournament #3822934229, $1.84+$0.16 USD Hold'em No Limit - Level I (10/20) - 2024/11/12 21:11:18 CET [2024/11/12 15:11:18 ET]
Table '3822934229 1' 3-max Seat #1 is the button
Seat 1: debilushka228 (500 in chips) 
Seat 2: Mahu2021 (500 in chips) 
Seat 3: Klopfer5 (500 in chips) 
Mahu2021: posts small blind 10
Klopfer5: posts big blind 20
*** HOLE CARDS ***
Dealt to Mahu2021 [7c 9d]
debilushka228: raises 20 to 40
Mahu2021: folds 
Klopfer5: calls 20
*** FLOP *** [6h Qh 6c]
Klopfer5: checks 
debilushka228: bets 23
Klopfer5: calls 23
*** TURN *** [6h Qh 6c] [Ad]
Klopfer5: checks 
debilushka228: bets 68
Klopfer5: raises 68 to 136
debilushka228: calls 68
*** RIVER *** [6h Qh 6c Ad] [Kc]
Klopfer5: bets 301 and is all-in
debilushka228: folds 
Uncalled bet (301) returned to Klopfer5
Klopfer5 collected 408 from pot
*** SUMMARY ***
Total pot 408 | Rake 0 
Board [6h Qh 6c Ad Kc]
Seat 1: debilushka228 (button) folded on the River
Seat 2: Mahu2021 (small blind) folded before Flop
Seat 3: Klopfer5 (big blind) collected (408)



PokerStars Hand #253378323768: Tournament #3822934229, $1.84+$0.16 USD Hold'em No Limit - Level I (10/20) - 2024/11/12 21:12:03 CET [2024/11/12 15:12:03 ET]
Table '3822934229 1' 3-max Seat #2 is the button
Seat 1: debilushka228 (301 in chips) 
Seat 2: Mahu2021 (490 in chips) 
Seat 3: Klopfer5 (709 in chips) 
Klopfer5: posts small blind 10
debilushka228: posts big blind 20
*** HOLE CARDS ***
Dealt to Mahu2021 [3c Tc]
Mahu2021: folds 
Klopfer5: calls 10
debilushka228: checks 
*** FLOP *** [3s 7s 4h]
Klopfer5: bets 20
debilushka228: calls 20
*** TURN *** [3s 7s 4h] [3d]
Klopfer5: checks 
debilushka228: bets 40
Klopfer5: calls 40
*** RIVER *** [3s 7s 4h 3d] [9d]
Klopfer5: checks 
debilushka228: bets 80
Klopfer5: folds 
Uncalled bet (80) returned to debilushka228
debilushka228 collected 160 from pot
debilushka228: doesn't show hand 
*** SUMMARY ***
Total pot 160 | Rake 0 
Board [3s 7s 4h 3d 9d]
Seat 1: debilushka228 (big blind) collected (160)
Seat 2: Mahu2021 (button) folded before Flop (didn't bet)
Seat 3: Klopfer5 (small blind) folded on the River



PokerStars Hand #253378333936: Tournament #3822934229, $1.84+$0.16 USD Hold'em No Limit - Level I (10/20) - 2024/11/12 21:12:36 CET [2024/11/12 15:12:36 ET]
Table '3822934229 1' 3-max Seat #3 is the button
Seat 1: debilushka228 (381 in chips) 
Seat 2: Mahu2021 (490 in chips) 
Seat 3: Klopfer5 (629 in chips) 
debilushka228: posts small blind 10
Mahu2021: posts big blind 20
*** HOLE CARDS ***
Dealt to Mahu2021 [4c 3d]
Klopfer5: folds 
debilushka228: raises 20 to 40
Mahu2021: folds 
Uncalled bet (20) returned to debilushka228
debilushka228 collected 40 from pot
debilushka228: doesn't show hand 
*** SUMMARY ***
Total pot 40 | Rake 0 
Seat 1: debilushka228 (small blind) collected (40)
Seat 2: Mahu2021 (big blind) folded before Flop
Seat 3: Klopfer5 (button) folded before Flop (didn't bet)



PokerStars Hand #253378336076: Tournament #3822934229, $1.84+$0.16 USD Hold'em No Limit - Level I (10/20) - 2024/11/12 21:12:43 CET [2024/11/12 15:12:43 ET]
Table '3822934229 1' 3-max Seat #1 is the button
Seat 1: debilushka228 (401 in chips) 
Seat 2: Mahu2021 (470 in chips) 
Seat 3: Klopfer5 (629 in chips) 
Mahu2021: posts small blind 10
Klopfer5: posts big blind 20
*** HOLE CARDS ***
Dealt to Mahu2021 [2h 6d]
debilushka228: folds 
Mahu2021: folds 
Uncalled bet (10) returned to Klopfer5
Klopfer5 collected 20 from pot
*** SUMMARY ***
Total pot 20 | Rake 0 
Seat 1: debilushka228 (button) folded before Flop (didn't bet)
Seat 2: Mahu2021 (small blind) folded before Flop
Seat 3: Klopfer5 (big blind) collected (20)



PokerStars Hand #253378337888: Tournament #3822934229, $1.84+$0.16 USD Hold'em No Limit - Level I (10/20) - 2024/11/12 21:12:48 CET [2024/11/12 15:12:48 ET]
Table '3822934229 1' 3-max Seat #2 is the button
Seat 1: debilushka228 (401 in chips) 
Seat 2: Mahu2021 (460 in chips) 
Seat 3: Klopfer5 (639 in chips) 
Klopfer5: posts small blind 10
debilushka228: posts big blind 20
*** HOLE CARDS ***
Dealt to Mahu2021 [6c 3c]
Mahu2021: folds 
Klopfer5: folds 
Uncalled bet (10) returned to debilushka228
debilushka228 collected 20 from pot
debilushka228: doesn't show hand 
*** SUMMARY ***
Total pot 20 | Rake 0 
Seat 1: debilushka228 (big blind) collected (20)
Seat 2: Mahu2021 (button) folded before Flop (didn't bet)
Seat 3: Klopfer5 (small blind) folded before Flop



PokerStars Hand #253378339303: Tournament #3822934229, $1.84+$0.16 USD Hold'em No Limit - Level I (10/20) - 2024/11/12 21:12:53 CET [2024/11/12 15:12:53 ET]
Table '3822934229 1' 3-max Seat #3 is the button
Seat 1: debilushka228 (411 in chips) 
Seat 2: Mahu2021 (460 in chips) 
Seat 3: Klopfer5 (629 in chips) 
debilushka228: posts small blind 10
Mahu2021: posts big blind 20
*** HOLE CARDS ***
Dealt to Mahu2021 [6d Jd]
Klopfer5: folds 
debilushka228: raises 20 to 40
Mahu2021: calls 20
*** FLOP *** [7c 2c 9d]
debilushka228: bets 80
Mahu2021: folds 
Uncalled bet (80) returned to debilushka228
debilushka228 collected 80 from pot
debilushka228: doesn't show hand 
*** SUMMARY ***
Total pot 80 | Rake 0 
Board [7c 2c 9d]
Seat 1: debilushka228 (small blind) collected (80)
Seat 2: Mahu2021 (big blind) folded on the Flop
Seat 3: Klopfer5 (button) folded before Flop (didn't bet)



PokerStars Hand #253378343490: Tournament #3822934229, $1.84+$0.16 USD Hold'em No Limit - Level I (10/20) - 2024/11/12 21:13:06 CET [2024/11/12 15:13:06 ET]
Table '3822934229 1' 3-max Seat #1 is the button
Seat 1: debilushka228 (451 in chips) 
Seat 2: Mahu2021 (420 in chips) 
Seat 3: Klopfer5 (629 in chips) 
Mahu2021: posts small blind 10
Klopfer5: posts big blind 20
*** HOLE CARDS ***
Dealt to Mahu2021 [5d 2c]
debilushka228: raises 20 to 40
Mahu2021: folds 
Klopfer5: calls 20
*** FLOP *** [6s 7s 3d]
Klopfer5: checks 
debilushka228: checks 
*** TURN *** [6s 7s 3d] [5c]
Klopfer5: bets 20
debilushka228: calls 20
*** RIVER *** [6s 7s 3d 5c] [Jd]
Klopfer5: checks 
debilushka228: checks 
*** SHOW DOWN ***
Klopfer5: shows [8c Qs] (high card Queen)
debilushka228: shows [Ah Qc] (high card Ace)
debilushka228 collected 130 from pot
*** SUMMARY ***
Total pot 130 | Rake 0 
Board [6s 7s 3d 5c Jd]
Seat 1: debilushka228 (button) showed [Ah Qc] and won (130) with high card Ace
Seat 2: Mahu2021 (small blind) folded before Flop
Seat 3: Klopfer5 (big blind) showed [8c Qs] and lost with high card Queen



PokerStars Hand #253378353139: Tournament #3822934229, $1.84+$0.16 USD Hold'em No Limit - Level II (15/30) - 2024/11/12 21:13:37 CET [2024/11/12 15:13:37 ET]
Table '3822934229 1' 3-max Seat #2 is the button
Seat 1: debilushka228 (521 in chips) 
Seat 2: Mahu2021 (410 in chips) 
Seat 3: Klopfer5 (569 in chips) 
Klopfer5: posts small blind 15
debilushka228: posts big blind 30
*** HOLE CARDS ***
Dealt to Mahu2021 [3h Js]
Mahu2021: folds 
Klopfer5: calls 15
debilushka228: checks 
*** FLOP *** [9d 7s Th]
Klopfer5: bets 30
debilushka228: folds 
Uncalled bet (30) returned to Klopfer5
Klopfer5 collected 60 from pot
*** SUMMARY ***
Total pot 60 | Rake 0 
Board [9d 7s Th]
Seat 1: debilushka228 (big blind) folded on the Flop
Seat 2: Mahu2021 (button) folded before Flop (didn't bet)
Seat 3: Klopfer5 (small blind) collected (60)



PokerStars Hand #253378357493: Tournament #3822934229, $1.84+$0.16 USD Hold'em No Limit - Level II (15/30) - 2024/11/12 21:13:50 CET [2024/11/12 15:13:50 ET]
Table '3822934229 1' 3-max Seat #3 is the button
Seat 1: debilushka228 (491 in chips) 
Seat 2: Mahu2021 (410 in chips) 
Seat 3: Klopfer5 (599 in chips) 
debilushka228: posts small blind 15
Mahu2021: posts big blind 30
*** HOLE CARDS ***
Dealt to Mahu2021 [8c Tc]
Klopfer5: calls 30
debilushka228: raises 461 to 491 and is all-in
Mahu2021: folds 
Klopfer5: folds 
Uncalled bet (461) returned to debilushka228
debilushka228 collected 90 from pot
debilushka228: doesn't show hand 
*** SUMMARY ***
Total pot 90 | Rake 0 
Seat 1: debilushka228 (small blind) collected (90)
Seat 2: Mahu2021 (big blind) folded before Flop
Seat 3: Klopfer5 (button) folded before Flop



PokerStars Hand #253378360733: Tournament #3822934229, $1.84+$0.16 USD Hold'em No Limit - Level II (15/30) - 2024/11/12 21:14:01 CET [2024/11/12 15:14:01 ET]
Table '3822934229 1' 3-max Seat #1 is the button
Seat 1: debilushka228 (551 in chips) 
Seat 2: Mahu2021 (380 in chips) 
Seat 3: Klopfer5 (569 in chips) 
Mahu2021: posts small blind 15
Klopfer5: posts big blind 30
*** HOLE CARDS ***
Dealt to Mahu2021 [7s 6c]
debilushka228: raises 30 to 60
Mahu2021: folds 
Klopfer5: raises 30 to 90
debilushka228: calls 30
*** FLOP *** [7c 3d Kc]
Klopfer5: bets 30
debilushka228: calls 30
*** TURN *** [7c 3d Kc] [2c]
Klopfer5: bets 30
debilushka228: folds 
Uncalled bet (30) returned to Klopfer5
Klopfer5 collected 255 from pot
*** SUMMARY ***
Total pot 255 | Rake 0 
Board [7c 3d Kc 2c]
Seat 1: debilushka228 (button) folded on the Turn
Seat 2: Mahu2021 (small blind) folded before Flop
Seat 3: Klopfer5 (big blind) collected (255)



PokerStars Hand #253378367701: Tournament #3822934229, $1.84+$0.16 USD Hold'em No Limit - Level II (15/30) - 2024/11/12 21:14:23 CET [2024/11/12 15:14:23 ET]
Table '3822934229 1' 3-max Seat #2 is the button
Seat 1: debilushka228 (431 in chips) 
Seat 2: Mahu2021 (365 in chips) 
Seat 3: Klopfer5 (704 in chips) 
Klopfer5: posts small blind 15
debilushka228: posts big blind 30
*** HOLE CARDS ***
Dealt to Mahu2021 [Ad 3c]
Mahu2021: calls 30
Klopfer5: calls 15
debilushka228: checks 
*** FLOP *** [As Kc Jh]
Klopfer5: checks 
debilushka228: checks 
Mahu2021: bets 90
Klopfer5: folds 
debilushka228: folds 
Uncalled bet (90) returned to Mahu2021
Mahu2021 collected 90 from pot
Mahu2021: doesn't show hand 
*** SUMMARY ***
Total pot 90 | Rake 0 
Board [As Kc Jh]
Seat 1: debilushka228 (big blind) folded on the Flop
Seat 2: Mahu2021 (button) collected (90)
Seat 3: Klopfer5 (small blind) folded on the Flop



PokerStars Hand #253378374096: Tournament #3822934229, $1.84+$0.16 USD Hold'em No Limit - Level II (15/30) - 2024/11/12 21:14:43 CET [2024/11/12 15:14:43 ET]
Table '3822934229 1' 3-max Seat #3 is the button
Seat 1: debilushka228 (401 in chips) 
Seat 2: Mahu2021 (425 in chips) 
Seat 3: Klopfer5 (674 in chips) 
debilushka228: posts small blind 15
Mahu2021: posts big blind 30
*** HOLE CARDS ***
Dealt to Mahu2021 [2s 2h]
Klopfer5: raises 30 to 60
debilushka228: folds 
Mahu2021: calls 30
*** FLOP *** [Jh Qd 8h]
Mahu2021: checks 
Klopfer5: bets 614 and is all-in
Mahu2021: folds 
Uncalled bet (614) returned to Klopfer5
Klopfer5 collected 135 from pot
*** SUMMARY ***
Total pot 135 | Rake 0 
Board [Jh Qd 8h]
Seat 1: debilushka228 (small blind) folded before Flop
Seat 2: Mahu2021 (big blind) folded on the Flop
Seat 3: Klopfer5 (button) collected (135)



PokerStars Hand #253378378540: Tournament #3822934229, $1.84+$0.16 USD Hold'em No Limit - Level II (15/30) - 2024/11/12 21:14:57 CET [2024/11/12 15:14:57 ET]
Table '3822934229 1' 3-max Seat #1 is the button
Seat 1: debilushka228 (386 in chips) 
Seat 2: Mahu2021 (365 in chips) 
Seat 3: Klopfer5 (749 in chips) 
Mahu2021: posts small blind 15
Klopfer5: posts big blind 30
*** HOLE CARDS ***
Dealt to Mahu2021 [Qd 8s]
debilushka228: raises 356 to 386 and is all-in
Mahu2021: folds 
Klopfer5: folds 
Uncalled bet (356) returned to debilushka228
debilushka228 collected 75 from pot
debilushka228: doesn't show hand 
*** SUMMARY ***
Total pot 75 | Rake 0 
Seat 1: debilushka228 (button) collected (75)
Seat 2: Mahu2021 (small blind) folded before Flop
Seat 3: Klopfer5 (big blind) folded before Flop



PokerStars Hand #253378381601: Tournament #3822934229, $1.84+$0.16 USD Hold'em No Limit - Level II (15/30) - 2024/11/12 21:15:06 CET [2024/11/12 15:15:06 ET]
Table '3822934229 1' 3-max Seat #2 is the button
Seat 1: debilushka228 (431 in chips) 
Seat 2: Mahu2021 (350 in chips) 
Seat 3: Klopfer5 (719 in chips) 
Klopfer5: posts small blind 15
debilushka228: posts big blind 30
*** HOLE CARDS ***
Dealt to Mahu2021 [5h 4h]
Mahu2021: folds 
Klopfer5: calls 15
debilushka228: checks 
*** FLOP *** [Ks Tc Qc]
Klopfer5: bets 30
debilushka228: folds 
Uncalled bet (30) returned to Klopfer5
Klopfer5 collected 60 from pot
*** SUMMARY ***
Total pot 60 | Rake 0 
Board [Ks Tc Qc]
Seat 1: debilushka228 (big blind) folded on the Flop
Seat 2: Mahu2021 (button) folded before Flop (didn't bet)
Seat 3: Klopfer5 (small blind) collected (60)



PokerStars Hand #253378389106: Tournament #3822934229, $1.84+$0.16 USD Hold'em No Limit - Level III (20/40) - 2024/11/12 21:15:30 CET [2024/11/12 15:15:30 ET]
Table '3822934229 1' 3-max Seat #3 is the button
Seat 1: debilushka228 (401 in chips) 
Seat 2: Mahu2021 (350 in chips) 
Seat 3: Klopfer5 (749 in chips) 
debilushka228: posts small blind 20
Mahu2021: posts big blind 40
*** HOLE CARDS ***
Dealt to Mahu2021 [4c Js]
Klopfer5: folds 
debilushka228: folds 
Uncalled bet (20) returned to Mahu2021
Mahu2021 collected 40 from pot
Mahu2021: doesn't show hand 
*** SUMMARY ***
Total pot 40 | Rake 0 
Seat 1: debilushka228 (small blind) folded before Flop
Seat 2: Mahu2021 (big blind) collected (40)
Seat 3: Klopfer5 (button) folded before Flop (didn't bet)



PokerStars Hand #253378392164: Tournament #3822934229, $1.84+$0.16 USD Hold'em No Limit - Level III (20/40) - 2024/11/12 21:15:40 CET [2024/11/12 15:15:40 ET]
Table '3822934229 1' 3-max Seat #1 is the button
Seat 1: debilushka228 (381 in chips) 
Seat 2: Mahu2021 (370 in chips) 
Seat 3: Klopfer5 (749 in chips) 
Mahu2021: posts small blind 20
Klopfer5: posts big blind 40
*** HOLE CARDS ***
Dealt to Mahu2021 [4d 5s]
debilushka228: raises 341 to 381 and is all-in
Mahu2021: folds 
Klopfer5: folds 
Uncalled bet (341) returned to debilushka228
debilushka228 collected 100 from pot
debilushka228: doesn't show hand 
*** SUMMARY ***
Total pot 100 | Rake 0 
Seat 1: debilushka228 (button) collected (100)
Seat 2: Mahu2021 (small blind) folded before Flop
Seat 3: Klopfer5 (big blind) folded before Flop



PokerStars Hand #253378395261: Tournament #3822934229, $1.84+$0.16 USD Hold'em No Limit - Level III (20/40) - 2024/11/12 21:15:50 CET [2024/11/12 15:15:50 ET]
Table '3822934229 1' 3-max Seat #2 is the button
Seat 1: debilushka228 (441 in chips) 
Seat 2: Mahu2021 (350 in chips) 
Seat 3: Klopfer5 (709 in chips) 
Klopfer5: posts small blind 20
debilushka228: posts big blind 40
*** HOLE CARDS ***
Dealt to Mahu2021 [Kh 5s]
Mahu2021: folds 
Klopfer5: raises 40 to 80
debilushka228: calls 40
*** FLOP *** [7s 2c Ks]
Klopfer5: bets 160
debilushka228: folds 
Uncalled bet (160) returned to Klopfer5
Klopfer5 collected 160 from pot
*** SUMMARY ***
Total pot 160 | Rake 0 
Board [7s 2c Ks]
Seat 1: debilushka228 (big blind) folded on the Flop
Seat 2: Mahu2021 (button) folded before Flop (didn't bet)
Seat 3: Klopfer5 (small blind) collected (160)



PokerStars Hand #253378400646: Tournament #3822934229, $1.84+$0.16 USD Hold'em No Limit - Level III (20/40) - 2024/11/12 21:16:06 CET [2024/11/12 15:16:06 ET]
Table '3822934229 1' 3-max Seat #3 is the button
Seat 1: debilushka228 (361 in chips) 
Seat 2: Mahu2021 (350 in chips) 
Seat 3: Klopfer5 (789 in chips) 
debilushka228: posts small blind 20
Mahu2021: posts big blind 40
*** HOLE CARDS ***
Dealt to Mahu2021 [4h 8h]
Klopfer5: calls 40
debilushka228: calls 20
Mahu2021: checks 
*** FLOP *** [3c 9d Ac]
debilushka228: checks 
Mahu2021: checks 
Klopfer5: bets 40
debilushka228: folds 
Mahu2021: folds 
Uncalled bet (40) returned to Klopfer5
Klopfer5 collected 120 from pot
*** SUMMARY ***
Total pot 120 | Rake 0 
Board [3c 9d Ac]
Seat 1: debilushka228 (small blind) folded on the Flop
Seat 2: Mahu2021 (big blind) folded on the Flop
Seat 3: Klopfer5 (button) collected (120)



PokerStars Hand #253378406312: Tournament #3822934229, $1.84+$0.16 USD Hold'em No Limit - Level III (20/40) - 2024/11/12 21:16:24 CET [2024/11/12 15:16:24 ET]
Table '3822934229 1' 3-max Seat #1 is the button
Seat 1: debilushka228 (321 in chips) 
Seat 2: Mahu2021 (310 in chips) 
Seat 3: Klopfer5 (869 in chips) 
Mahu2021: posts small blind 20
Klopfer5: posts big blind 40
*** HOLE CARDS ***
Dealt to Mahu2021 [As 9h]
debilushka228: folds 
Mahu2021: raises 80 to 120
Klopfer5: folds 
Uncalled bet (80) returned to Mahu2021
Mahu2021 collected 80 from pot
Mahu2021: doesn't show hand 
*** SUMMARY ***
Total pot 80 | Rake 0 
Seat 1: debilushka228 (button) folded before Flop (didn't bet)
Seat 2: Mahu2021 (small blind) collected (80)
Seat 3: Klopfer5 (big blind) folded before Flop



PokerStars Hand #253378409399: Tournament #3822934229, $1.84+$0.16 USD Hold'em No Limit - Level III (20/40) - 2024/11/12 21:16:34 CET [2024/11/12 15:16:34 ET]
Table '3822934229 1' 3-max Seat #2 is the button
Seat 1: debilushka228 (321 in chips) 
Seat 2: Mahu2021 (350 in chips) 
Seat 3: Klopfer5 (829 in chips) 
Klopfer5: posts small blind 20
debilushka228: posts big blind 40
*** HOLE CARDS ***
Dealt to Mahu2021 [Th Jh]
Mahu2021: calls 40
Klopfer5: calls 20
debilushka228: raises 281 to 321 and is all-in
Mahu2021: folds 
Klopfer5: calls 281
*** FLOP *** [6d 2c Ad]
*** TURN *** [6d 2c Ad] [9c]
*** RIVER *** [6d 2c Ad 9c] [5h]
*** SHOW DOWN ***
Klopfer5: shows [9d Qd] (a pair of Nines)
debilushka228: shows [3h 3d] (a pair of Threes)
Klopfer5 collected 682 from pot
debilushka228 finished the tournament in 3rd place
*** SUMMARY ***
Total pot 682 | Rake 0 
Board [6d 2c Ad 9c 5h]
Seat 1: debilushka228 (big blind) showed [3h 3d] and lost with a pair of Threes
Seat 2: Mahu2021 (button) folded before Flop
Seat 3: Klopfer5 (small blind) showed [9d Qd] and won (682) with a pair of Nines



PokerStars Hand #253378416656: Tournament #3822934229, $1.84+$0.16 USD Hold'em No Limit - Level III (20/40) - 2024/11/12 21:16:57 CET [2024/11/12 15:16:57 ET]
Table '3822934229 1' 3-max Seat #3 is the button
Seat 2: Mahu2021 (310 in chips) 
Seat 3: Klopfer5 (1190 in chips) 
Klopfer5: posts small blind 20
Mahu2021: posts big blind 40
*** HOLE CARDS ***
Dealt to Mahu2021 [3s 8c]
Klopfer5: calls 20
Mahu2021: checks 
*** FLOP *** [3d 5c Ah]
Mahu2021: checks 
Klopfer5: checks 
*** TURN *** [3d 5c Ah] [2s]
Mahu2021: bets 40
Klopfer5: folds 
Uncalled bet (40) returned to Mahu2021
Mahu2021 collected 80 from pot
Mahu2021: doesn't show hand 
*** SUMMARY ***
Total pot 80 | Rake 0 
Board [3d 5c Ah 2s]
Seat 2: Mahu2021 (big blind) collected (80)
Seat 3: Klopfer5 (button) (small blind) folded on the Turn



PokerStars Hand #253378421041: Tournament #3822934229, $1.84+$0.16 USD Hold'em No Limit - Level III (20/40) - 2024/11/12 21:17:11 CET [2024/11/12 15:17:11 ET]
Table '3822934229 1' 3-max Seat #2 is the button
Seat 2: Mahu2021 (350 in chips) 
Seat 3: Klopfer5 (1150 in chips) 
Mahu2021: posts small blind 20
Klopfer5: posts big blind 40
*** HOLE CARDS ***
Dealt to Mahu2021 [Js Qc]
Mahu2021: raises 40 to 80
Klopfer5: calls 40
*** FLOP *** [Kh 2d 3h]
Klopfer5: bets 40
Mahu2021: folds 
Uncalled bet (40) returned to Klopfer5
Klopfer5 collected 160 from pot
*** SUMMARY ***
Total pot 160 | Rake 0 
Board [Kh 2d 3h]
Seat 2: Mahu2021 (button) (small blind) folded on the Flop
Seat 3: Klopfer5 (big blind) collected (160)



PokerStars Hand #253378425408: Tournament #3822934229, $1.84+$0.16 USD Hold'em No Limit - Level IV (30/60) - 2024/11/12 21:17:24 CET [2024/11/12 15:17:24 ET]
Table '3822934229 1' 3-max Seat #3 is the button
Seat 2: Mahu2021 (270 in chips) 
Seat 3: Klopfer5 (1230 in chips) 
Klopfer5: posts small blind 30
Mahu2021: posts big blind 60
*** HOLE CARDS ***
Dealt to Mahu2021 [Ac 5d]
Klopfer5: raises 60 to 120
Mahu2021: raises 150 to 270 and is all-in
Klopfer5: calls 150
*** FLOP *** [Qd 2c 8c]
*** TURN *** [Qd 2c 8c] [Tc]
*** RIVER *** [Qd 2c 8c Tc] [4d]
*** SHOW DOWN ***
Mahu2021: shows [Ac 5d] (high card Ace)
Klopfer5: shows [Ts Kh] (a pair of Tens)
Klopfer5 collected 540 from pot
Mahu2021 finished the tournament in 2nd place
Klopfer5 wins the tournament and receives $4.00 - congratulations!
*** SUMMARY ***
Total pot 540 | Rake 0 
Board [Qd 2c 8c Tc 4d]
Seat 2: Mahu2021 (big blind) showed [Ac 5d] and lost with high card Ace
Seat 3: Klopfer5 (button) (small blind) showed [Ts Kh] and won (540) with a pair of Tens



