PokerStars Hand #247110716016: Tournament #3673244183, $1.84+$0.16 USD Hold'em No Limit - Level I (10/20) - 2023/11/14 21:42:10 CET [2023/11/14 15:42:10 ET]
Table '3673244183 1' 3-max Seat #1 is the button
Seat 1: glowacz (500 in chips) 
Seat 2: Mahu2021 (500 in chips) 
Seat 3: raavatbr (500 in chips) 
Mahu2021: posts small blind 10
raavatbr: posts big blind 20
*** HOLE CARDS ***
Dealt to Mahu2021 [6d 2s]
glowacz: raises 20 to 40
Mahu2021: folds 
raavatbr: calls 20
*** FLOP *** [5c Kh Tc]
raavatbr: checks 
glowacz: checks 
*** TURN *** [5c Kh Tc] [7h]
raavatbr: bets 40
glowacz: calls 40
*** RIVER *** [5c Kh Tc 7h] [4c]
raavatbr: bets 40
glowacz: raises 86 to 126
raavatbr: calls 86
*** SHOW DOWN ***
glowacz: shows [9c Kc] (a flush, King high)
raavatbr: mucks hand 
glowacz collected 422 from pot
*** SUMMARY ***
Total pot 422 | Rake 0 
Board [5c Kh Tc 7h 4c]
Seat 1: glowacz (button) showed [9c Kc] and won (422) with a flush, King high
Seat 2: Mahu2021 (small blind) folded before Flop
Seat 3: raavatbr (big blind) mucked [Qd Th]



PokerStars Hand #247110727820: Tournament #3673244183, $1.84+$0.16 USD Hold'em No Limit - Level I (10/20) - 2023/11/14 21:42:43 CET [2023/11/14 15:42:43 ET]
Table '3673244183 1' 3-max Seat #2 is the button
Seat 1: glowacz (716 in chips) 
Seat 2: Mahu2021 (490 in chips) 
Seat 3: raavatbr (294 in chips) 
raavatbr: posts small blind 10
glowacz: posts big blind 20
*** HOLE CARDS ***
Dealt to Mahu2021 [4d 4c]
Mahu2021: calls 20
raavatbr: calls 10
glowacz: raises 696 to 716 and is all-in
Mahu2021: folds 
raavatbr: calls 274 and is all-in
Uncalled bet (422) returned to glowacz
*** FLOP *** [Ac 7d Tc]
*** TURN *** [Ac 7d Tc] [3d]
*** RIVER *** [Ac 7d Tc 3d] [Ah]
*** SHOW DOWN ***
raavatbr: shows [Qd Jc] (a pair of Aces)
glowacz: shows [Js As] (three of a kind, Aces)
glowacz collected 608 from pot
raavatbr finished the tournament in 3rd place
*** SUMMARY ***
Total pot 608 | Rake 0 
Board [Ac 7d Tc 3d Ah]
Seat 1: glowacz (big blind) showed [Js As] and won (608) with three of a kind, Aces
Seat 2: Mahu2021 (button) folded before Flop
Seat 3: raavatbr (small blind) showed [Qd Jc] and lost with a pair of Aces



PokerStars Hand #247110736417: Tournament #3673244183, $1.84+$0.16 USD Hold'em No Limit - Level I (10/20) - 2023/11/14 21:43:07 CET [2023/11/14 15:43:07 ET]
Table '3673244183 1' 3-max Seat #1 is the button
Seat 1: glowacz (1030 in chips) 
Seat 2: Mahu2021 (470 in chips) 
glowacz: posts small blind 10
Mahu2021: posts big blind 20
*** HOLE CARDS ***
Dealt to Mahu2021 [Ah 9s]
glowacz: raises 20 to 40
Mahu2021: calls 20
*** FLOP *** [7d Js 4h]
Mahu2021: checks 
glowacz: bets 30
Mahu2021: calls 30
*** TURN *** [7d Js 4h] [7h]
Mahu2021: checks 
glowacz: checks 
*** RIVER *** [7d Js 4h 7h] [6s]
Mahu2021: checks 
glowacz: bets 70
Mahu2021: folds 
Uncalled bet (70) returned to glowacz
glowacz collected 140 from pot
glowacz: doesn't show hand 
*** SUMMARY ***
Total pot 140 | Rake 0 
Board [7d Js 4h 7h 6s]
Seat 1: glowacz (button) (small blind) collected (140)
Seat 2: Mahu2021 (big blind) folded on the River



PokerStars Hand #247110744629: Tournament #3673244183, $1.84+$0.16 USD Hold'em No Limit - Level I (10/20) - 2023/11/14 21:43:29 CET [2023/11/14 15:43:29 ET]
Table '3673244183 1' 3-max Seat #2 is the button
Seat 1: glowacz (1100 in chips) 
Seat 2: Mahu2021 (400 in chips) 
Mahu2021: posts small blind 10
glowacz: posts big blind 20
*** HOLE CARDS ***
Dealt to Mahu2021 [7h As]
Mahu2021: raises 20 to 40
glowacz: calls 20
*** FLOP *** [5s 2h 8d]
glowacz: checks 
Mahu2021: bets 40
glowacz: calls 40
*** TURN *** [5s 2h 8d] [Ts]
glowacz: checks 
Mahu2021: checks 
*** RIVER *** [5s 2h 8d Ts] [3h]
glowacz: bets 80
Mahu2021: folds 
Uncalled bet (80) returned to glowacz
glowacz collected 160 from pot
glowacz: doesn't show hand 
*** SUMMARY ***
Total pot 160 | Rake 0 
Board [5s 2h 8d Ts 3h]
Seat 1: glowacz (big blind) collected (160)
Seat 2: Mahu2021 (button) (small blind) folded on the River



PokerStars Hand #247110752445: Tournament #3673244183, $1.84+$0.16 USD Hold'em No Limit - Level I (10/20) - 2023/11/14 21:43:50 CET [2023/11/14 15:43:50 ET]
Table '3673244183 1' 3-max Seat #1 is the button
Seat 1: glowacz (1180 in chips) 
Seat 2: Mahu2021 (320 in chips) 
glowacz: posts small blind 10
Mahu2021: posts big blind 20
*** HOLE CARDS ***
Dealt to Mahu2021 [Td 4c]
glowacz: raises 20 to 40
Mahu2021: folds 
Uncalled bet (20) returned to glowacz
glowacz collected 40 from pot
glowacz: doesn't show hand 
*** SUMMARY ***
Total pot 40 | Rake 0 
Seat 1: glowacz (button) (small blind) collected (40)
Seat 2: Mahu2021 (big blind) folded before Flop



PokerStars Hand #247110754184: Tournament #3673244183, $1.84+$0.16 USD Hold'em No Limit - Level I (10/20) - 2023/11/14 21:43:55 CET [2023/11/14 15:43:55 ET]
Table '3673244183 1' 3-max Seat #2 is the button
Seat 1: glowacz (1200 in chips) 
Seat 2: Mahu2021 (300 in chips) 
Mahu2021: posts small blind 10
glowacz: posts big blind 20
*** HOLE CARDS ***
Dealt to Mahu2021 [Kc 8h]
Mahu2021: raises 280 to 300 and is all-in
glowacz: folds 
Uncalled bet (280) returned to Mahu2021
Mahu2021 collected 40 from pot
Mahu2021: doesn't show hand 
*** SUMMARY ***
Total pot 40 | Rake 0 
Seat 1: glowacz (big blind) folded before Flop
Seat 2: Mahu2021 (button) (small blind) collected (40)



PokerStars Hand #247110756504: Tournament #3673244183, $1.84+$0.16 USD Hold'em No Limit - Level I (10/20) - 2023/11/14 21:44:01 CET [2023/11/14 15:44:01 ET]
Table '3673244183 1' 3-max Seat #1 is the button
Seat 1: glowacz (1180 in chips) 
Seat 2: Mahu2021 (320 in chips) 
glowacz: posts small blind 10
Mahu2021: posts big blind 20
*** HOLE CARDS ***
Dealt to Mahu2021 [Ah 6h]
glowacz: raises 20 to 40
Mahu2021: raises 280 to 320 and is all-in
glowacz: folds 
Uncalled bet (280) returned to Mahu2021
Mahu2021 collected 80 from pot
Mahu2021: doesn't show hand 
*** SUMMARY ***
Total pot 80 | Rake 0 
Seat 1: glowacz (button) (small blind) folded before Flop
Seat 2: Mahu2021 (big blind) collected (80)



PokerStars Hand #247110759058: Tournament #3673244183, $1.84+$0.16 USD Hold'em No Limit - Level I (10/20) - 2023/11/14 21:44:08 CET [2023/11/14 15:44:08 ET]
Table '3673244183 1' 3-max Seat #2 is the button
Seat 1: glowacz (1140 in chips) 
Seat 2: Mahu2021 (360 in chips) 
Mahu2021: posts small blind 10
glowacz: posts big blind 20
*** HOLE CARDS ***
Dealt to Mahu2021 [6c 5h]
Mahu2021: calls 10
glowacz: checks 
*** FLOP *** [4d 2h Td]
glowacz: bets 30
Mahu2021: folds 
Uncalled bet (30) returned to glowacz
glowacz collected 40 from pot
glowacz: doesn't show hand 
*** SUMMARY ***
Total pot 40 | Rake 0 
Board [4d 2h Td]
Seat 1: glowacz (big blind) collected (40)
Seat 2: Mahu2021 (button) (small blind) folded on the Flop



PokerStars Hand #247110765460: Tournament #3673244183, $1.84+$0.16 USD Hold'em No Limit - Level I (10/20) - 2023/11/14 21:44:26 CET [2023/11/14 15:44:26 ET]
Table '3673244183 1' 3-max Seat #1 is the button
Seat 1: glowacz (1160 in chips) 
Seat 2: Mahu2021 (340 in chips) 
glowacz: posts small blind 10
Mahu2021: posts big blind 20
*** HOLE CARDS ***
Dealt to Mahu2021 [8d Jc]
glowacz: folds 
Uncalled bet (10) returned to Mahu2021
Mahu2021 collected 20 from pot
Mahu2021: doesn't show hand 
*** SUMMARY ***
Total pot 20 | Rake 0 
Seat 1: glowacz (button) (small blind) folded before Flop
Seat 2: Mahu2021 (big blind) collected (20)



PokerStars Hand #247110766937: Tournament #3673244183, $1.84+$0.16 USD Hold'em No Limit - Level I (10/20) - 2023/11/14 21:44:30 CET [2023/11/14 15:44:30 ET]
Table '3673244183 1' 3-max Seat #2 is the button
Seat 1: glowacz (1150 in chips) 
Seat 2: Mahu2021 (350 in chips) 
Mahu2021: posts small blind 10
glowacz: posts big blind 20
*** HOLE CARDS ***
Dealt to Mahu2021 [7s 7c]
Mahu2021: raises 330 to 350 and is all-in
glowacz: folds 
Uncalled bet (330) returned to Mahu2021
Mahu2021 collected 40 from pot
Mahu2021: doesn't show hand 
*** SUMMARY ***
Total pot 40 | Rake 0 
Seat 1: glowacz (big blind) folded before Flop
Seat 2: Mahu2021 (button) (small blind) collected (40)



PokerStars Hand #247110769435: Tournament #3673244183, $1.84+$0.16 USD Hold'em No Limit - Level I (10/20) - 2023/11/14 21:44:37 CET [2023/11/14 15:44:37 ET]
Table '3673244183 1' 3-max Seat #1 is the button
Seat 1: glowacz (1130 in chips) 
Seat 2: Mahu2021 (370 in chips) 
glowacz: posts small blind 10
Mahu2021: posts big blind 20
*** HOLE CARDS ***
Dealt to Mahu2021 [9h 9c]
glowacz: raises 1110 to 1130 and is all-in
Mahu2021: calls 350 and is all-in
Uncalled bet (760) returned to glowacz
*** FLOP *** [Kc Ac 7h]
*** TURN *** [Kc Ac 7h] [4s]
*** RIVER *** [Kc Ac 7h 4s] [2s]
*** SHOW DOWN ***
Mahu2021: shows [9h 9c] (a pair of Nines)
glowacz: shows [3c 3d] (a pair of Threes)
Mahu2021 collected 740 from pot
*** SUMMARY ***
Total pot 740 | Rake 0 
Board [Kc Ac 7h 4s 2s]
Seat 1: glowacz (button) (small blind) showed [3c 3d] and lost with a pair of Threes
Seat 2: Mahu2021 (big blind) showed [9h 9c] and won (740) with a pair of Nines



PokerStars Hand #247110773784: Tournament #3673244183, $1.84+$0.16 USD Hold'em No Limit - Level I (10/20) - 2023/11/14 21:44:49 CET [2023/11/14 15:44:49 ET]
Table '3673244183 1' 3-max Seat #2 is the button
Seat 1: glowacz (760 in chips) 
Seat 2: Mahu2021 (740 in chips) 
Mahu2021: posts small blind 10
glowacz: posts big blind 20
*** HOLE CARDS ***
Dealt to Mahu2021 [9d Jc]
Mahu2021: calls 10
glowacz: checks 
*** FLOP *** [Kc 7s 4d]
glowacz: checks 
Mahu2021: checks 
*** TURN *** [Kc 7s 4d] [4c]
glowacz: bets 30
Mahu2021: folds 
Uncalled bet (30) returned to glowacz
glowacz collected 40 from pot
glowacz: doesn't show hand 
*** SUMMARY ***
Total pot 40 | Rake 0 
Board [Kc 7s 4d 4c]
Seat 1: glowacz (big blind) collected (40)
Seat 2: Mahu2021 (button) (small blind) folded on the Turn



PokerStars Hand #247110779351: Tournament #3673244183, $1.84+$0.16 USD Hold'em No Limit - Level I (10/20) - 2023/11/14 21:45:05 CET [2023/11/14 15:45:05 ET]
Table '3673244183 1' 3-max Seat #1 is the button
Seat 1: glowacz (780 in chips) 
Seat 2: Mahu2021 (720 in chips) 
glowacz: posts small blind 10
Mahu2021: posts big blind 20
*** HOLE CARDS ***
Dealt to Mahu2021 [4s 2d]
glowacz: raises 20 to 40
Mahu2021: folds 
Uncalled bet (20) returned to glowacz
glowacz collected 40 from pot
glowacz: doesn't show hand 
*** SUMMARY ***
Total pot 40 | Rake 0 
Seat 1: glowacz (button) (small blind) collected (40)
Seat 2: Mahu2021 (big blind) folded before Flop



PokerStars Hand #247110781636: Tournament #3673244183, $1.84+$0.16 USD Hold'em No Limit - Level I (10/20) - 2023/11/14 21:45:11 CET [2023/11/14 15:45:11 ET]
Table '3673244183 1' 3-max Seat #2 is the button
Seat 1: glowacz (800 in chips) 
Seat 2: Mahu2021 (700 in chips) 
Mahu2021: posts small blind 10
glowacz: posts big blind 20
*** HOLE CARDS ***
Dealt to Mahu2021 [Ts 3c]
Mahu2021: folds 
Uncalled bet (10) returned to glowacz
glowacz collected 20 from pot
glowacz: doesn't show hand 
*** SUMMARY ***
Total pot 20 | Rake 0 
Seat 1: glowacz (big blind) collected (20)
Seat 2: Mahu2021 (button) (small blind) folded before Flop



PokerStars Hand #247110784311: Tournament #3673244183, $1.84+$0.16 USD Hold'em No Limit - Level II (15/30) - 2023/11/14 21:45:18 CET [2023/11/14 15:45:18 ET]
Table '3673244183 1' 3-max Seat #1 is the button
Seat 1: glowacz (810 in chips) 
Seat 2: Mahu2021 (690 in chips) 
glowacz: posts small blind 15
Mahu2021: posts big blind 30
*** HOLE CARDS ***
Dealt to Mahu2021 [Kh 5d]
glowacz: raises 30 to 60
Mahu2021: calls 30
*** FLOP *** [8c Ts Jc]
Mahu2021: checks 
glowacz: checks 
*** TURN *** [8c Ts Jc] [Ad]
Mahu2021: checks 
glowacz: checks 
*** RIVER *** [8c Ts Jc Ad] [6c]
Mahu2021: bets 120
glowacz: folds 
Uncalled bet (120) returned to Mahu2021
Mahu2021 collected 120 from pot
Mahu2021: doesn't show hand 
*** SUMMARY ***
Total pot 120 | Rake 0 
Board [8c Ts Jc Ad 6c]
Seat 1: glowacz (button) (small blind) folded on the River
Seat 2: Mahu2021 (big blind) collected (120)



PokerStars Hand #247110791554: Tournament #3673244183, $1.84+$0.16 USD Hold'em No Limit - Level II (15/30) - 2023/11/14 21:45:38 CET [2023/11/14 15:45:38 ET]
Table '3673244183 1' 3-max Seat #2 is the button
Seat 1: glowacz (750 in chips) 
Seat 2: Mahu2021 (750 in chips) 
Mahu2021: posts small blind 15
glowacz: posts big blind 30
*** HOLE CARDS ***
Dealt to Mahu2021 [Qd Th]
Mahu2021: raises 30 to 60
glowacz: folds 
Uncalled bet (30) returned to Mahu2021
Mahu2021 collected 60 from pot
Mahu2021: doesn't show hand 
*** SUMMARY ***
Total pot 60 | Rake 0 
Seat 1: glowacz (big blind) folded before Flop
Seat 2: Mahu2021 (button) (small blind) collected (60)



PokerStars Hand #247110794028: Tournament #3673244183, $1.84+$0.16 USD Hold'em No Limit - Level II (15/30) - 2023/11/14 21:45:45 CET [2023/11/14 15:45:45 ET]
Table '3673244183 1' 3-max Seat #1 is the button
Seat 1: glowacz (720 in chips) 
Seat 2: Mahu2021 (780 in chips) 
glowacz: posts small blind 15
Mahu2021: posts big blind 30
*** HOLE CARDS ***
Dealt to Mahu2021 [As 7d]
glowacz: raises 690 to 720 and is all-in
Mahu2021: folds 
Uncalled bet (690) returned to glowacz
glowacz collected 60 from pot
glowacz: doesn't show hand 
*** SUMMARY ***
Total pot 60 | Rake 0 
Seat 1: glowacz (button) (small blind) collected (60)
Seat 2: Mahu2021 (big blind) folded before Flop



PokerStars Hand #247110796527: Tournament #3673244183, $1.84+$0.16 USD Hold'em No Limit - Level II (15/30) - 2023/11/14 21:45:52 CET [2023/11/14 15:45:52 ET]
Table '3673244183 1' 3-max Seat #2 is the button
Seat 1: glowacz (750 in chips) 
Seat 2: Mahu2021 (750 in chips) 
Mahu2021: posts small blind 15
glowacz: posts big blind 30
*** HOLE CARDS ***
Dealt to Mahu2021 [Th 6s]
Mahu2021: calls 15
glowacz: raises 720 to 750 and is all-in
Mahu2021: folds 
Uncalled bet (720) returned to glowacz
glowacz collected 60 from pot
glowacz: doesn't show hand 
*** SUMMARY ***
Total pot 60 | Rake 0 
Seat 1: glowacz (big blind) collected (60)
Seat 2: Mahu2021 (button) (small blind) folded before Flop



PokerStars Hand #247110799262: Tournament #3673244183, $1.84+$0.16 USD Hold'em No Limit - Level II (15/30) - 2023/11/14 21:45:59 CET [2023/11/14 15:45:59 ET]
Table '3673244183 1' 3-max Seat #1 is the button
Seat 1: glowacz (780 in chips) 
Seat 2: Mahu2021 (720 in chips) 
glowacz: posts small blind 15
Mahu2021: posts big blind 30
*** HOLE CARDS ***
Dealt to Mahu2021 [Jh Qs]
glowacz: raises 30 to 60
Mahu2021: calls 30
*** FLOP *** [2s Ks 5c]
Mahu2021: checks 
glowacz: bets 42
Mahu2021: calls 42
*** TURN *** [2s Ks 5c] [8s]
Mahu2021: checks 
glowacz: bets 66
Mahu2021: calls 66
*** RIVER *** [2s Ks 5c 8s] [9h]
Mahu2021: checks 
glowacz: bets 222
Mahu2021: folds 
Uncalled bet (222) returned to glowacz
glowacz collected 336 from pot
glowacz: doesn't show hand 
*** SUMMARY ***
Total pot 336 | Rake 0 
Board [2s Ks 5c 8s 9h]
Seat 1: glowacz (button) (small blind) collected (336)
Seat 2: Mahu2021 (big blind) folded on the River



PokerStars Hand #247110806603: Tournament #3673244183, $1.84+$0.16 USD Hold'em No Limit - Level II (15/30) - 2023/11/14 21:46:20 CET [2023/11/14 15:46:20 ET]
Table '3673244183 1' 3-max Seat #2 is the button
Seat 1: glowacz (948 in chips) 
Seat 2: Mahu2021 (552 in chips) 
Mahu2021: posts small blind 15
glowacz: posts big blind 30
*** HOLE CARDS ***
Dealt to Mahu2021 [5c 5h]
Mahu2021: raises 522 to 552 and is all-in
glowacz: folds 
Uncalled bet (522) returned to Mahu2021
Mahu2021 collected 60 from pot
Mahu2021: doesn't show hand 
*** SUMMARY ***
Total pot 60 | Rake 0 
Seat 1: glowacz (big blind) folded before Flop
Seat 2: Mahu2021 (button) (small blind) collected (60)



PokerStars Hand #247110809192: Tournament #3673244183, $1.84+$0.16 USD Hold'em No Limit - Level II (15/30) - 2023/11/14 21:46:27 CET [2023/11/14 15:46:27 ET]
Table '3673244183 1' 3-max Seat #1 is the button
Seat 1: glowacz (918 in chips) 
Seat 2: Mahu2021 (582 in chips) 
glowacz: posts small blind 15
Mahu2021: posts big blind 30
*** HOLE CARDS ***
Dealt to Mahu2021 [4s Ah]
glowacz: raises 888 to 918 and is all-in
Mahu2021: folds 
Uncalled bet (888) returned to glowacz
glowacz collected 60 from pot
glowacz: doesn't show hand 
*** SUMMARY ***
Total pot 60 | Rake 0 
Seat 1: glowacz (button) (small blind) collected (60)
Seat 2: Mahu2021 (big blind) folded before Flop



PokerStars Hand #247110811781: Tournament #3673244183, $1.84+$0.16 USD Hold'em No Limit - Level II (15/30) - 2023/11/14 21:46:34 CET [2023/11/14 15:46:34 ET]
Table '3673244183 1' 3-max Seat #2 is the button
Seat 1: glowacz (948 in chips) 
Seat 2: Mahu2021 (552 in chips) 
Mahu2021: posts small blind 15
glowacz: posts big blind 30
*** HOLE CARDS ***
Dealt to Mahu2021 [6s Jc]
Mahu2021: calls 15
glowacz: raises 918 to 948 and is all-in
Mahu2021: folds 
Uncalled bet (918) returned to glowacz
glowacz collected 60 from pot
glowacz: doesn't show hand 
*** SUMMARY ***
Total pot 60 | Rake 0 
Seat 1: glowacz (big blind) collected (60)
Seat 2: Mahu2021 (button) (small blind) folded before Flop



PokerStars Hand #247110814414: Tournament #3673244183, $1.84+$0.16 USD Hold'em No Limit - Level II (15/30) - 2023/11/14 21:46:41 CET [2023/11/14 15:46:41 ET]
Table '3673244183 1' 3-max Seat #1 is the button
Seat 1: glowacz (978 in chips) 
Seat 2: Mahu2021 (522 in chips) 
glowacz: posts small blind 15
Mahu2021: posts big blind 30
*** HOLE CARDS ***
Dealt to Mahu2021 [Ah 5h]
glowacz: folds 
Uncalled bet (15) returned to Mahu2021
Mahu2021 collected 30 from pot
Mahu2021: doesn't show hand 
*** SUMMARY ***
Total pot 30 | Rake 0 
Seat 1: glowacz (button) (small blind) folded before Flop
Seat 2: Mahu2021 (big blind) collected (30)



PokerStars Hand #247110816778: Tournament #3673244183, $1.84+$0.16 USD Hold'em No Limit - Level II (15/30) - 2023/11/14 21:46:48 CET [2023/11/14 15:46:48 ET]
Table '3673244183 1' 3-max Seat #2 is the button
Seat 1: glowacz (963 in chips) 
Seat 2: Mahu2021 (537 in chips) 
Mahu2021: posts small blind 15
glowacz: posts big blind 30
*** HOLE CARDS ***
Dealt to Mahu2021 [Ac 5h]
Mahu2021: calls 15
glowacz: raises 933 to 963 and is all-in
Mahu2021: calls 507 and is all-in
Uncalled bet (426) returned to glowacz
*** FLOP *** [Kh 6s 5s]
*** TURN *** [Kh 6s 5s] [Td]
*** RIVER *** [Kh 6s 5s Td] [3s]
*** SHOW DOWN ***
glowacz: shows [Jd Js] (a pair of Jacks)
Mahu2021: shows [Ac 5h] (a pair of Fives)
glowacz collected 1074 from pot
Mahu2021 finished the tournament in 2nd place
glowacz wins the tournament and receives $6.00 - congratulations!
*** SUMMARY ***
Total pot 1074 | Rake 0 
Board [Kh 6s 5s Td 3s]
Seat 1: glowacz (big blind) showed [Jd Js] and won (1074) with a pair of Jacks
Seat 2: Mahu2021 (button) (small blind) showed [Ac 5h] and lost with a pair of Fives



