PokerStars Hand #248909879078: Tournament #3716469864, $1.84+$0.16 USD Hold'em No Limit - Level I (10/20) - 2024/02/16 13:49:45 CET [2024/02/16 7:49:45 ET]
Table '3716469864 1' 3-max Seat #1 is the button
Seat 1: Mahu2021 (500 in chips) 
Seat 2: gyugyu888 (500 in chips) 
Seat 3: patovisk18 (500 in chips) 
gyugyu888: posts small blind 10
patovisk18: posts big blind 20
*** HOLE CARDS ***
Dealt to Mahu2021 [7s 4h]
Mahu2021: folds 
gyugyu888: folds 
Uncalled bet (10) returned to patovisk18
patovisk18 collected 20 from pot
*** SUMMARY ***
Total pot 20 | Rake 0 
Seat 1: Mahu2021 (button) folded before Flop (didn't bet)
Seat 2: gyugyu888 (small blind) folded before Flop
Seat 3: patovisk18 (big blind) collected (20)



PokerStars Hand #248909880302: Tournament #3716469864, $1.84+$0.16 USD Hold'em No Limit - Level I (10/20) - 2024/02/16 13:49:51 CET [2024/02/16 7:49:51 ET]
Table '3716469864 1' 3-max Seat #2 is the button
Seat 1: Mahu2021 (500 in chips) 
Seat 2: gyugyu888 (490 in chips) 
Seat 3: patovisk18 (510 in chips) 
patovisk18: posts small blind 10
Mahu2021: posts big blind 20
*** HOLE CARDS ***
Dealt to Mahu2021 [5d 9c]
gyugyu888: folds 
patovisk18: calls 10
Mahu2021: checks 
*** FLOP *** [7c Jh 7h]
patovisk18: checks 
Mahu2021: checks 
*** TURN *** [7c Jh 7h] [3d]
patovisk18: checks 
Mahu2021: bets 20
patovisk18: folds 
Uncalled bet (20) returned to Mahu2021
Mahu2021 collected 40 from pot
Mahu2021: doesn't show hand 
*** SUMMARY ***
Total pot 40 | Rake 0 
Board [7c Jh 7h 3d]
Seat 1: Mahu2021 (big blind) collected (40)
Seat 2: gyugyu888 (button) folded before Flop (didn't bet)
Seat 3: patovisk18 (small blind) folded on the Turn



PokerStars Hand #248909884303: Tournament #3716469864, $1.84+$0.16 USD Hold'em No Limit - Level I (10/20) - 2024/02/16 13:50:14 CET [2024/02/16 7:50:14 ET]
Table '3716469864 1' 3-max Seat #3 is the button
Seat 1: Mahu2021 (520 in chips) 
Seat 2: gyugyu888 (490 in chips) 
Seat 3: patovisk18 (490 in chips) 
Mahu2021: posts small blind 10
gyugyu888: posts big blind 20
*** HOLE CARDS ***
Dealt to Mahu2021 [2d 6h]
patovisk18: calls 20
Mahu2021: folds 
gyugyu888: checks 
*** FLOP *** [Qc 4h Ks]
gyugyu888: checks 
patovisk18: checks 
*** TURN *** [Qc 4h Ks] [5d]
gyugyu888: bets 20
patovisk18: raises 20 to 40
gyugyu888: calls 20
*** RIVER *** [Qc 4h Ks 5d] [8s]
gyugyu888: checks 
patovisk18: bets 85
gyugyu888: calls 85
*** SHOW DOWN ***
patovisk18: shows [3c 3d] (a pair of Threes)
gyugyu888: shows [7s 5h] (a pair of Fives)
gyugyu888 collected 300 from pot
*** SUMMARY ***
Total pot 300 | Rake 0 
Board [Qc 4h Ks 5d 8s]
Seat 1: Mahu2021 (small blind) folded before Flop
Seat 2: gyugyu888 (big blind) showed [7s 5h] and won (300) with a pair of Fives
Seat 3: patovisk18 (button) showed [3c 3d] and lost with a pair of Threes



PokerStars Hand #248909891243: Tournament #3716469864, $1.84+$0.16 USD Hold'em No Limit - Level I (10/20) - 2024/02/16 13:50:53 CET [2024/02/16 7:50:53 ET]
Table '3716469864 1' 3-max Seat #1 is the button
Seat 1: Mahu2021 (510 in chips) 
Seat 2: gyugyu888 (645 in chips) 
Seat 3: patovisk18 (345 in chips) 
gyugyu888: posts small blind 10
patovisk18: posts big blind 20
*** HOLE CARDS ***
Dealt to Mahu2021 [2s 4s]
Mahu2021: folds 
gyugyu888: calls 10
patovisk18: raises 60 to 80
gyugyu888: calls 60
*** FLOP *** [As 6c 3s]
gyugyu888: checks 
patovisk18: bets 20
gyugyu888: folds 
Uncalled bet (20) returned to patovisk18
patovisk18 collected 160 from pot
*** SUMMARY ***
Total pot 160 | Rake 0 
Board [As 6c 3s]
Seat 1: Mahu2021 (button) folded before Flop (didn't bet)
Seat 2: gyugyu888 (small blind) folded on the Flop
Seat 3: patovisk18 (big blind) collected (160)



PokerStars Hand #248909895818: Tournament #3716469864, $1.84+$0.16 USD Hold'em No Limit - Level I (10/20) - 2024/02/16 13:51:19 CET [2024/02/16 7:51:19 ET]
Table '3716469864 1' 3-max Seat #2 is the button
Seat 1: Mahu2021 (510 in chips) 
Seat 2: gyugyu888 (565 in chips) 
Seat 3: patovisk18 (425 in chips) 
patovisk18: posts small blind 10
Mahu2021: posts big blind 20
*** HOLE CARDS ***
Dealt to Mahu2021 [8d 6c]
gyugyu888: folds 
patovisk18: calls 10
Mahu2021: checks 
*** FLOP *** [Js Kc 2d]
patovisk18: checks 
Mahu2021: checks 
*** TURN *** [Js Kc 2d] [9s]
patovisk18: bets 20
Mahu2021: folds 
Uncalled bet (20) returned to patovisk18
patovisk18 collected 40 from pot
*** SUMMARY ***
Total pot 40 | Rake 0 
Board [Js Kc 2d 9s]
Seat 1: Mahu2021 (big blind) folded on the Turn
Seat 2: gyugyu888 (button) folded before Flop (didn't bet)
Seat 3: patovisk18 (small blind) collected (40)



PokerStars Hand #248909899593: Tournament #3716469864, $1.84+$0.16 USD Hold'em No Limit - Level I (10/20) - 2024/02/16 13:51:39 CET [2024/02/16 7:51:39 ET]
Table '3716469864 1' 3-max Seat #3 is the button
Seat 1: Mahu2021 (490 in chips) 
Seat 2: gyugyu888 (565 in chips) 
Seat 3: patovisk18 (445 in chips) 
Mahu2021: posts small blind 10
gyugyu888: posts big blind 20
*** HOLE CARDS ***
Dealt to Mahu2021 [Kc 3h]
patovisk18: calls 20
Mahu2021: calls 10
gyugyu888: checks 
*** FLOP *** [6d 9s 3c]
Mahu2021: bets 20
gyugyu888: folds 
patovisk18: calls 20
*** TURN *** [6d 9s 3c] [4s]
Mahu2021: checks 
patovisk18: bets 40
Mahu2021: calls 40
*** RIVER *** [6d 9s 3c 4s] [6h]
Mahu2021: checks 
patovisk18: bets 180
Mahu2021: folds 
Uncalled bet (180) returned to patovisk18
patovisk18 collected 180 from pot
*** SUMMARY ***
Total pot 180 | Rake 0 
Board [6d 9s 3c 4s 6h]
Seat 1: Mahu2021 (small blind) folded on the River
Seat 2: gyugyu888 (big blind) folded on the Flop
Seat 3: patovisk18 (button) collected (180)



PokerStars Hand #248909906754: Tournament #3716469864, $1.84+$0.16 USD Hold'em No Limit - Level II (15/30) - 2024/02/16 13:52:19 CET [2024/02/16 7:52:19 ET]
Table '3716469864 1' 3-max Seat #1 is the button
Seat 1: Mahu2021 (410 in chips) 
Seat 2: gyugyu888 (545 in chips) 
Seat 3: patovisk18 (545 in chips) 
gyugyu888: posts small blind 15
patovisk18: posts big blind 30
*** HOLE CARDS ***
Dealt to Mahu2021 [8d Td]
Mahu2021: calls 30
gyugyu888: folds 
patovisk18: raises 75 to 105
Mahu2021: folds 
Uncalled bet (75) returned to patovisk18
patovisk18 collected 75 from pot
*** SUMMARY ***
Total pot 75 | Rake 0 
Seat 1: Mahu2021 (button) folded before Flop
Seat 2: gyugyu888 (small blind) folded before Flop
Seat 3: patovisk18 (big blind) collected (75)



PokerStars Hand #248909908992: Tournament #3716469864, $1.84+$0.16 USD Hold'em No Limit - Level II (15/30) - 2024/02/16 13:52:31 CET [2024/02/16 7:52:31 ET]
Table '3716469864 1' 3-max Seat #2 is the button
Seat 1: Mahu2021 (380 in chips) 
Seat 2: gyugyu888 (530 in chips) 
Seat 3: patovisk18 (590 in chips) 
patovisk18: posts small blind 15
Mahu2021: posts big blind 30
*** HOLE CARDS ***
Dealt to Mahu2021 [3d 6h]
gyugyu888: folds 
patovisk18: calls 15
Mahu2021: checks 
*** FLOP *** [9d 7c 5c]
patovisk18: checks 
Mahu2021: bets 30
patovisk18: calls 30
*** TURN *** [9d 7c 5c] [8d]
patovisk18: checks 
Mahu2021: bets 30
patovisk18: calls 30
*** RIVER *** [9d 7c 5c 8d] [5h]
patovisk18: checks 
Mahu2021: bets 290 and is all-in
patovisk18: folds [Td 4d]
Uncalled bet (290) returned to Mahu2021
Mahu2021 collected 180 from pot
Mahu2021: doesn't show hand 
*** SUMMARY ***
Total pot 180 | Rake 0 
Board [9d 7c 5c 8d 5h]
Seat 1: Mahu2021 (big blind) collected (180)
Seat 2: gyugyu888 (button) folded before Flop (didn't bet)
Seat 3: patovisk18 (small blind) folded on the River



PokerStars Hand #248909914961: Tournament #3716469864, $1.84+$0.16 USD Hold'em No Limit - Level II (15/30) - 2024/02/16 13:53:04 CET [2024/02/16 7:53:04 ET]
Table '3716469864 1' 3-max Seat #3 is the button
Seat 1: Mahu2021 (470 in chips) 
Seat 2: gyugyu888 (530 in chips) 
Seat 3: patovisk18 (500 in chips) 
Mahu2021: posts small blind 15
gyugyu888: posts big blind 30
*** HOLE CARDS ***
Dealt to Mahu2021 [6c Ah]
patovisk18: folds 
Mahu2021: calls 15
gyugyu888: raises 30 to 60
Mahu2021: calls 30
*** FLOP *** [3s Ac As]
Mahu2021: checks 
gyugyu888: checks 
*** TURN *** [3s Ac As] [2h]
Mahu2021: checks 
gyugyu888: bets 60
Mahu2021: raises 60 to 120
gyugyu888: raises 350 to 470 and is all-in
Mahu2021: calls 290 and is all-in
Uncalled bet (60) returned to gyugyu888
*** RIVER *** [3s Ac As 2h] [Th]
*** SHOW DOWN ***
Mahu2021: shows [6c Ah] (three of a kind, Aces)
gyugyu888: shows [Ad 9h] (three of a kind, Aces - Ten+Nine kicker)
gyugyu888 collected 940 from pot
Mahu2021 finished the tournament in 3rd place
*** SUMMARY ***
Total pot 940 | Rake 0 
Board [3s Ac As 2h Th]
Seat 1: Mahu2021 (small blind) showed [6c Ah] and lost with three of a kind, Aces
Seat 2: gyugyu888 (big blind) showed [Ad 9h] and won (940) with three of a kind, Aces
Seat 3: patovisk18 (button) folded before Flop (didn't bet)



