PokerStars Hand #255878930778: Tournament #3882665779, $0.46+$0.04 USD Hold'em No Limit - Level I (10/20) - 2025/04/25 12:37:20 CET [2025/04/25 6:37:20 ET]
Table '3882665779 1' 3-max Seat #1 is the button
Seat 1: harveysawyer (500 in chips) 
Seat 2: Pirate Green (500 in chips) 
Seat 3: Mahu2021 (500 in chips) 
Pirate Green: posts small blind 10
Mahu2021: posts big blind 20
*** HOLE CARDS ***
Dealt to Mahu2021 [9s 3c]
harveysawyer: folds 
Pirate Green: raises 20 to 40
Mahu2021: folds 
Uncalled bet (20) returned to Pirate Green
Pirate Green collected 40 from pot
*** SUMMARY ***
Total pot 40 | Rake 0 
Seat 1: harveysawyer (button) folded before Flop (didn't bet)
Seat 2: Pirate Green (small blind) collected (40)
Seat 3: Mahu2021 (big blind) folded before Flop



PokerStars Hand #255878931426: Tournament #3882665779, $0.46+$0.04 USD Hold'em No Limit - Level I (10/20) - 2025/04/25 12:37:26 CET [2025/04/25 6:37:26 ET]
Table '3882665779 1' 3-max Seat #2 is the button
Seat 1: harveysawyer (500 in chips) 
Seat 2: Pirate Green (520 in chips) 
Seat 3: Mahu2021 (480 in chips) 
Mahu2021: posts small blind 10
harveysawyer: posts big blind 20
*** HOLE CARDS ***
Dealt to Mahu2021 [6h 5s]
Pirate Green: raises 20 to 40
Mahu2021: calls 30
harveysawyer: calls 20
*** FLOP *** [8c 4h Kh]
Mahu2021: checks 
harveysawyer: bets 60
Pirate Green: folds 
Mahu2021: folds 
Uncalled bet (60) returned to harveysawyer
harveysawyer collected 120 from pot
*** SUMMARY ***
Total pot 120 | Rake 0 
Board [8c 4h Kh]
Seat 1: harveysawyer (big blind) collected (120)
Seat 2: Pirate Green (button) folded on the Flop
Seat 3: Mahu2021 (small blind) folded on the Flop



PokerStars Hand #255878933447: Tournament #3882665779, $0.46+$0.04 USD Hold'em No Limit - Level I (10/20) - 2025/04/25 12:37:45 CET [2025/04/25 6:37:45 ET]
Table '3882665779 1' 3-max Seat #3 is the button
Seat 1: harveysawyer (580 in chips) 
Seat 2: Pirate Green (480 in chips) 
Seat 3: Mahu2021 (440 in chips) 
harveysawyer: posts small blind 10
Pirate Green: posts big blind 20
*** HOLE CARDS ***
Dealt to Mahu2021 [3c 9s]
Mahu2021: folds 
harveysawyer: calls 10
Pirate Green: checks 
*** FLOP *** [4d Qs As]
harveysawyer: checks 
Pirate Green: checks 
*** TURN *** [4d Qs As] [8s]
harveysawyer: bets 120
Pirate Green: calls 120
*** RIVER *** [4d Qs As 8s] [Ah]
harveysawyer: bets 440 and is all-in
Pirate Green: folds 
Uncalled bet (440) returned to harveysawyer
harveysawyer collected 280 from pot
*** SUMMARY ***
Total pot 280 | Rake 0 
Board [4d Qs As 8s Ah]
Seat 1: harveysawyer (small blind) collected (280)
Seat 2: Pirate Green (big blind) folded on the River
Seat 3: Mahu2021 (button) folded before Flop (didn't bet)



PokerStars Hand #255878937423: Tournament #3882665779, $0.46+$0.04 USD Hold'em No Limit - Level I (10/20) - 2025/04/25 12:38:23 CET [2025/04/25 6:38:23 ET]
Table '3882665779 1' 3-max Seat #1 is the button
Seat 1: harveysawyer (720 in chips) 
Seat 2: Pirate Green (340 in chips) 
Seat 3: Mahu2021 (440 in chips) 
Pirate Green: posts small blind 10
Mahu2021: posts big blind 20
*** HOLE CARDS ***
Dealt to Mahu2021 [As Jd]
harveysawyer: calls 20
Pirate Green: folds 
Mahu2021: raises 120 to 140
harveysawyer: folds 
Uncalled bet (120) returned to Mahu2021
Mahu2021 collected 50 from pot
Mahu2021: doesn't show hand 
*** SUMMARY ***
Total pot 50 | Rake 0 
Seat 1: harveysawyer (button) folded before Flop
Seat 2: Pirate Green (small blind) folded before Flop
Seat 3: Mahu2021 (big blind) collected (50)



PokerStars Hand #255878939937: Tournament #3882665779, $0.46+$0.04 USD Hold'em No Limit - Level I (10/20) - 2025/04/25 12:38:46 CET [2025/04/25 6:38:46 ET]
Table '3882665779 1' 3-max Seat #2 is the button
Seat 1: harveysawyer (700 in chips) 
Seat 2: Pirate Green (330 in chips) 
Seat 3: Mahu2021 (470 in chips) 
Mahu2021: posts small blind 10
harveysawyer: posts big blind 20
*** HOLE CARDS ***
Dealt to Mahu2021 [5c 9s]
Pirate Green: raises 20 to 40
Mahu2021: folds 
harveysawyer: raises 60 to 100
Pirate Green: raises 230 to 330 and is all-in
harveysawyer: calls 230
*** FLOP *** [3c 7c Jd]
*** TURN *** [3c 7c Jd] [Ac]
*** RIVER *** [3c 7c Jd Ac] [Qc]
*** SHOW DOWN ***
harveysawyer: shows [Td Th] (a pair of Tens)
Pirate Green: shows [7d 7s] (three of a kind, Sevens)
Pirate Green collected 670 from pot
*** SUMMARY ***
Total pot 670 | Rake 0 
Board [3c 7c Jd Ac Qc]
Seat 1: harveysawyer (big blind) showed [Td Th] and lost with a pair of Tens
Seat 2: Pirate Green (button) showed [7d 7s] and won (670) with three of a kind, Sevens
Seat 3: Mahu2021 (small blind) folded before Flop



PokerStars Hand #255878942386: Tournament #3882665779, $0.46+$0.04 USD Hold'em No Limit - Level I (10/20) - 2025/04/25 12:39:09 CET [2025/04/25 6:39:09 ET]
Table '3882665779 1' 3-max Seat #3 is the button
Seat 1: harveysawyer (370 in chips) 
Seat 2: Pirate Green (670 in chips) 
Seat 3: Mahu2021 (460 in chips) 
harveysawyer: posts small blind 10
Pirate Green: posts big blind 20
*** HOLE CARDS ***
Dealt to Mahu2021 [Ad Ah]
Mahu2021: raises 20 to 40
harveysawyer: calls 30
Pirate Green: calls 20
*** FLOP *** [Jc 8c 8d]
harveysawyer: checks 
Pirate Green: checks 
Mahu2021: bets 120
harveysawyer: folds 
Pirate Green: folds 
Uncalled bet (120) returned to Mahu2021
Mahu2021 collected 120 from pot
Mahu2021: doesn't show hand 
*** SUMMARY ***
Total pot 120 | Rake 0 
Board [Jc 8c 8d]
Seat 1: harveysawyer (small blind) folded on the Flop
Seat 2: Pirate Green (big blind) folded on the Flop
Seat 3: Mahu2021 (button) collected (120)



PokerStars Hand #255878945174: Tournament #3882665779, $0.46+$0.04 USD Hold'em No Limit - Level II (15/30) - 2025/04/25 12:39:35 CET [2025/04/25 6:39:35 ET]
Table '3882665779 1' 3-max Seat #1 is the button
Seat 1: harveysawyer (330 in chips) 
Seat 2: Pirate Green (630 in chips) 
Seat 3: Mahu2021 (540 in chips) 
Pirate Green: posts small blind 15
Mahu2021: posts big blind 30
*** HOLE CARDS ***
Dealt to Mahu2021 [7s Kd]
harveysawyer: folds 
Pirate Green: calls 15
Mahu2021: checks 
*** FLOP *** [9c Jc 3h]
Pirate Green: checks 
Mahu2021: checks 
*** TURN *** [9c Jc 3h] [2c]
Pirate Green: bets 30
Mahu2021: calls 30
*** RIVER *** [9c Jc 3h 2c] [5d]
Pirate Green: bets 60
Mahu2021: folds 
Uncalled bet (60) returned to Pirate Green
Pirate Green collected 120 from pot
*** SUMMARY ***
Total pot 120 | Rake 0 
Board [9c Jc 3h 2c 5d]
Seat 1: harveysawyer (button) folded before Flop (didn't bet)
Seat 2: Pirate Green (small blind) collected (120)
Seat 3: Mahu2021 (big blind) folded on the River



PokerStars Hand #255878947589: Tournament #3882665779, $0.46+$0.04 USD Hold'em No Limit - Level II (15/30) - 2025/04/25 12:39:58 CET [2025/04/25 6:39:58 ET]
Table '3882665779 1' 3-max Seat #2 is the button
Seat 1: harveysawyer (330 in chips) 
Seat 2: Pirate Green (690 in chips) 
Seat 3: Mahu2021 (480 in chips) 
Mahu2021: posts small blind 15
harveysawyer: posts big blind 30
*** HOLE CARDS ***
Dealt to Mahu2021 [Js Qc]
Pirate Green: folds 
Mahu2021: raises 30 to 60
harveysawyer: calls 30
*** FLOP *** [5c As Qs]
Mahu2021: bets 60
harveysawyer: raises 210 to 270 and is all-in
Mahu2021: folds 
Uncalled bet (210) returned to harveysawyer
harveysawyer collected 240 from pot
*** SUMMARY ***
Total pot 240 | Rake 0 
Board [5c As Qs]
Seat 1: harveysawyer (big blind) collected (240)
Seat 2: Pirate Green (button) folded before Flop (didn't bet)
Seat 3: Mahu2021 (small blind) folded on the Flop



PokerStars Hand #255878949450: Tournament #3882665779, $0.46+$0.04 USD Hold'em No Limit - Level II (15/30) - 2025/04/25 12:40:15 CET [2025/04/25 6:40:15 ET]
Table '3882665779 1' 3-max Seat #3 is the button
Seat 1: harveysawyer (450 in chips) 
Seat 2: Pirate Green (690 in chips) 
Seat 3: Mahu2021 (360 in chips) 
harveysawyer: posts small blind 15
Pirate Green: posts big blind 30
*** HOLE CARDS ***
Dealt to Mahu2021 [4c 3h]
Mahu2021: folds 
harveysawyer: folds 
Uncalled bet (15) returned to Pirate Green
Pirate Green collected 30 from pot
*** SUMMARY ***
Total pot 30 | Rake 0 
Seat 1: harveysawyer (small blind) folded before Flop
Seat 2: Pirate Green (big blind) collected (30)
Seat 3: Mahu2021 (button) folded before Flop (didn't bet)



PokerStars Hand #255878950045: Tournament #3882665779, $0.46+$0.04 USD Hold'em No Limit - Level II (15/30) - 2025/04/25 12:40:20 CET [2025/04/25 6:40:20 ET]
Table '3882665779 1' 3-max Seat #1 is the button
Seat 1: harveysawyer (435 in chips) 
Seat 2: Pirate Green (705 in chips) 
Seat 3: Mahu2021 (360 in chips) 
Pirate Green: posts small blind 15
Mahu2021: posts big blind 30
*** HOLE CARDS ***
Dealt to Mahu2021 [5c 8s]
harveysawyer: folds 
Pirate Green: raises 30 to 60
Mahu2021: folds 
Uncalled bet (30) returned to Pirate Green
Pirate Green collected 60 from pot
*** SUMMARY ***
Total pot 60 | Rake 0 
Seat 1: harveysawyer (button) folded before Flop (didn't bet)
Seat 2: Pirate Green (small blind) collected (60)
Seat 3: Mahu2021 (big blind) folded before Flop



PokerStars Hand #255878950919: Tournament #3882665779, $0.46+$0.04 USD Hold'em No Limit - Level II (15/30) - 2025/04/25 12:40:28 CET [2025/04/25 6:40:28 ET]
Table '3882665779 1' 3-max Seat #2 is the button
Seat 1: harveysawyer (435 in chips) 
Seat 2: Pirate Green (735 in chips) 
Seat 3: Mahu2021 (330 in chips) 
Mahu2021: posts small blind 15
harveysawyer: posts big blind 30
*** HOLE CARDS ***
Dealt to Mahu2021 [8h 9d]
Pirate Green: raises 30 to 60
Mahu2021: folds 
harveysawyer: calls 30
*** FLOP *** [Ts 2c Td]
harveysawyer: bets 90
Pirate Green: folds 
Uncalled bet (90) returned to harveysawyer
harveysawyer collected 135 from pot
*** SUMMARY ***
Total pot 135 | Rake 0 
Board [Ts 2c Td]
Seat 1: harveysawyer (big blind) collected (135)
Seat 2: Pirate Green (button) folded on the Flop
Seat 3: Mahu2021 (small blind) folded before Flop



PokerStars Hand #255878952945: Tournament #3882665779, $0.46+$0.04 USD Hold'em No Limit - Level II (15/30) - 2025/04/25 12:40:47 CET [2025/04/25 6:40:47 ET]
Table '3882665779 1' 3-max Seat #3 is the button
Seat 1: harveysawyer (510 in chips) 
Seat 2: Pirate Green (675 in chips) 
Seat 3: Mahu2021 (315 in chips) 
harveysawyer: posts small blind 15
Pirate Green: posts big blind 30
*** HOLE CARDS ***
Dealt to Mahu2021 [Qc 5d]
Mahu2021: folds 
harveysawyer: calls 15
Pirate Green: checks 
*** FLOP *** [4s 9d 3s]
harveysawyer: checks 
Pirate Green: checks 
*** TURN *** [4s 9d 3s] [2s]
harveysawyer: bets 60
Pirate Green: calls 60
*** RIVER *** [4s 9d 3s 2s] [2h]
harveysawyer: bets 90
Pirate Green: folds 
Uncalled bet (90) returned to harveysawyer
harveysawyer collected 180 from pot
*** SUMMARY ***
Total pot 180 | Rake 0 
Board [4s 9d 3s 2s 2h]
Seat 1: harveysawyer (small blind) collected (180)
Seat 2: Pirate Green (big blind) folded on the River
Seat 3: Mahu2021 (button) folded before Flop (didn't bet)



PokerStars Hand #255878956603: Tournament #3882665779, $0.46+$0.04 USD Hold'em No Limit - Level II (15/30) - 2025/04/25 12:41:21 CET [2025/04/25 6:41:21 ET]
Table '3882665779 1' 3-max Seat #1 is the button
Seat 1: harveysawyer (600 in chips) 
Seat 2: Pirate Green (585 in chips) 
Seat 3: Mahu2021 (315 in chips) 
Pirate Green: posts small blind 15
Mahu2021: posts big blind 30
*** HOLE CARDS ***
Dealt to Mahu2021 [6h Kd]
harveysawyer: folds 
Pirate Green: calls 15
Mahu2021: raises 285 to 315 and is all-in
Pirate Green: folds 
Uncalled bet (285) returned to Mahu2021
Mahu2021 collected 60 from pot
Mahu2021: doesn't show hand 
*** SUMMARY ***
Total pot 60 | Rake 0 
Seat 1: harveysawyer (button) folded before Flop (didn't bet)
Seat 2: Pirate Green (small blind) folded before Flop
Seat 3: Mahu2021 (big blind) collected (60)



PokerStars Hand #255878957938: Tournament #3882665779, $0.46+$0.04 USD Hold'em No Limit - Level III (20/40) - 2025/04/25 12:41:34 CET [2025/04/25 6:41:34 ET]
Table '3882665779 1' 3-max Seat #2 is the button
Seat 1: harveysawyer (600 in chips) 
Seat 2: Pirate Green (555 in chips) 
Seat 3: Mahu2021 (345 in chips) 
Mahu2021: posts small blind 20
harveysawyer: posts big blind 40
*** HOLE CARDS ***
Dealt to Mahu2021 [4d 9s]
Pirate Green: raises 40 to 80
Mahu2021: folds 
harveysawyer: raises 40 to 120
Pirate Green: calls 40
*** FLOP *** [9c 5d Qc]
harveysawyer: bets 260
Pirate Green: folds 
Uncalled bet (260) returned to harveysawyer
harveysawyer collected 260 from pot
*** SUMMARY ***
Total pot 260 | Rake 0 
Board [9c 5d Qc]
Seat 1: harveysawyer (big blind) collected (260)
Seat 2: Pirate Green (button) folded on the Flop
Seat 3: Mahu2021 (small blind) folded before Flop



PokerStars Hand #255878961400: Tournament #3882665779, $0.46+$0.04 USD Hold'em No Limit - Level III (20/40) - 2025/04/25 12:42:07 CET [2025/04/25 6:42:07 ET]
Table '3882665779 1' 3-max Seat #3 is the button
Seat 1: harveysawyer (740 in chips) 
Seat 2: Pirate Green (435 in chips) 
Seat 3: Mahu2021 (325 in chips) 
harveysawyer: posts small blind 20
Pirate Green: posts big blind 40
*** HOLE CARDS ***
Dealt to Mahu2021 [9d 5h]
Mahu2021: folds 
harveysawyer: folds 
Uncalled bet (20) returned to Pirate Green
Pirate Green collected 40 from pot
*** SUMMARY ***
Total pot 40 | Rake 0 
Seat 1: harveysawyer (small blind) folded before Flop
Seat 2: Pirate Green (big blind) collected (40)
Seat 3: Mahu2021 (button) folded before Flop (didn't bet)



PokerStars Hand #255878961961: Tournament #3882665779, $0.46+$0.04 USD Hold'em No Limit - Level III (20/40) - 2025/04/25 12:42:12 CET [2025/04/25 6:42:12 ET]
Table '3882665779 1' 3-max Seat #1 is the button
Seat 1: harveysawyer (720 in chips) 
Seat 2: Pirate Green (455 in chips) 
Seat 3: Mahu2021 (325 in chips) 
Pirate Green: posts small blind 20
Mahu2021: posts big blind 40
*** HOLE CARDS ***
Dealt to Mahu2021 [Kd Th]
harveysawyer: folds 
Pirate Green: calls 20
Mahu2021: checks 
*** FLOP *** [Qh Jc 2d]
Pirate Green: checks 
Mahu2021: bets 80
Pirate Green: folds 
Uncalled bet (80) returned to Mahu2021
Mahu2021 collected 80 from pot
Mahu2021: doesn't show hand 
*** SUMMARY ***
Total pot 80 | Rake 0 
Board [Qh Jc 2d]
Seat 1: harveysawyer (button) folded before Flop (didn't bet)
Seat 2: Pirate Green (small blind) folded on the Flop
Seat 3: Mahu2021 (big blind) collected (80)



PokerStars Hand #255878964960: Tournament #3882665779, $0.46+$0.04 USD Hold'em No Limit - Level III (20/40) - 2025/04/25 12:42:40 CET [2025/04/25 6:42:40 ET]
Table '3882665779 1' 3-max Seat #2 is the button
Seat 1: harveysawyer (720 in chips) 
Seat 2: Pirate Green (415 in chips) 
Seat 3: Mahu2021 (365 in chips) 
Mahu2021: posts small blind 20
harveysawyer: posts big blind 40
*** HOLE CARDS ***
Dealt to Mahu2021 [Js 2c]
Pirate Green: folds 
Mahu2021: folds 
Uncalled bet (20) returned to harveysawyer
harveysawyer collected 40 from pot
*** SUMMARY ***
Total pot 40 | Rake 0 
Seat 1: harveysawyer (big blind) collected (40)
Seat 2: Pirate Green (button) folded before Flop (didn't bet)
Seat 3: Mahu2021 (small blind) folded before Flop



PokerStars Hand #255878965651: Tournament #3882665779, $0.46+$0.04 USD Hold'em No Limit - Level III (20/40) - 2025/04/25 12:42:46 CET [2025/04/25 6:42:46 ET]
Table '3882665779 1' 3-max Seat #3 is the button
Seat 1: harveysawyer (740 in chips) 
Seat 2: Pirate Green (415 in chips) 
Seat 3: Mahu2021 (345 in chips) 
harveysawyer: posts small blind 20
Pirate Green: posts big blind 40
*** HOLE CARDS ***
Dealt to Mahu2021 [Qd 5s]
Mahu2021: folds 
harveysawyer: calls 20
Pirate Green: checks 
*** FLOP *** [9d 3h 3s]
harveysawyer: checks 
Pirate Green: checks 
*** TURN *** [9d 3h 3s] [6s]
harveysawyer: checks 
Pirate Green: bets 40
harveysawyer: calls 40
*** RIVER *** [9d 3h 3s 6s] [2c]
harveysawyer: checks 
Pirate Green: bets 160
harveysawyer: raises 160 to 320
Pirate Green: raises 15 to 335 and is all-in
harveysawyer: calls 15
*** SHOW DOWN ***
Pirate Green: shows [3c 6h] (a full house, Threes full of Sixes)
harveysawyer: shows [Tc Td] (two pair, Tens and Threes)
Pirate Green collected 830 from pot
*** SUMMARY ***
Total pot 830 | Rake 0 
Board [9d 3h 3s 6s 2c]
Seat 1: harveysawyer (small blind) showed [Tc Td] and lost with two pair, Tens and Threes
Seat 2: Pirate Green (big blind) showed [3c 6h] and won (830) with a full house, Threes full of Sixes
Seat 3: Mahu2021 (button) folded before Flop (didn't bet)



PokerStars Hand #255878970494: Tournament #3882665779, $0.46+$0.04 USD Hold'em No Limit - Level IV (30/60) - 2025/04/25 12:43:32 CET [2025/04/25 6:43:32 ET]
Table '3882665779 1' 3-max Seat #1 is the button
Seat 1: harveysawyer (325 in chips) 
Seat 2: Pirate Green (830 in chips) 
Seat 3: Mahu2021 (345 in chips) 
Pirate Green: posts small blind 30
Mahu2021: posts big blind 60
*** HOLE CARDS ***
Dealt to Mahu2021 [Ac 2h]
harveysawyer: raises 120 to 180
Pirate Green: folds 
Mahu2021: folds 
Uncalled bet (120) returned to harveysawyer
harveysawyer collected 150 from pot
*** SUMMARY ***
Total pot 150 | Rake 0 
Seat 1: harveysawyer (button) collected (150)
Seat 2: Pirate Green (small blind) folded before Flop
Seat 3: Mahu2021 (big blind) folded before Flop



PokerStars Hand #255878971551: Tournament #3882665779, $0.46+$0.04 USD Hold'em No Limit - Level IV (30/60) - 2025/04/25 12:43:41 CET [2025/04/25 6:43:41 ET]
Table '3882665779 1' 3-max Seat #2 is the button
Seat 1: harveysawyer (415 in chips) 
Seat 2: Pirate Green (800 in chips) 
Seat 3: Mahu2021 (285 in chips) 
Mahu2021: posts small blind 30
harveysawyer: posts big blind 60
*** HOLE CARDS ***
Dealt to Mahu2021 [Jc 7d]
Pirate Green: raises 60 to 120
Mahu2021: folds 
harveysawyer: raises 60 to 180
Pirate Green: raises 620 to 800 and is all-in
harveysawyer: calls 235 and is all-in
Uncalled bet (385) returned to Pirate Green
*** FLOP *** [3c 4s 2s]
*** TURN *** [3c 4s 2s] [9d]
*** RIVER *** [3c 4s 2s 9d] [2d]
*** SHOW DOWN ***
harveysawyer: shows [6h Kh] (a pair of Deuces)
Pirate Green: shows [Js 9s] (two pair, Nines and Deuces)
Pirate Green collected 860 from pot
harveysawyer finished the tournament in 3rd place
*** SUMMARY ***
Total pot 860 | Rake 0 
Board [3c 4s 2s 9d 2d]
Seat 1: harveysawyer (big blind) showed [6h Kh] and lost with a pair of Deuces
Seat 2: Pirate Green (button) showed [Js 9s] and won (860) with two pair, Nines and Deuces
Seat 3: Mahu2021 (small blind) folded before Flop



PokerStars Hand #255878974363: Tournament #3882665779, $0.46+$0.04 USD Hold'em No Limit - Level IV (30/60) - 2025/04/25 12:44:07 CET [2025/04/25 6:44:07 ET]
Table '3882665779 1' 3-max Seat #3 is the button
Seat 2: Pirate Green (1245 in chips) 
Seat 3: Mahu2021 (255 in chips) 
Mahu2021: posts small blind 30
Pirate Green: posts big blind 60
*** HOLE CARDS ***
Dealt to Mahu2021 [Ac Ks]
Mahu2021: raises 60 to 120
Pirate Green: raises 120 to 240
Mahu2021: raises 15 to 255 and is all-in
Pirate Green: calls 15
*** FLOP *** [Jc Kd 6h]
*** TURN *** [Jc Kd 6h] [5c]
*** RIVER *** [Jc Kd 6h 5c] [Ah]
*** SHOW DOWN ***
Pirate Green: shows [9d 8h] (high card Ace)
Mahu2021: shows [Ac Ks] (two pair, Aces and Kings)
Mahu2021 collected 510 from pot
*** SUMMARY ***
Total pot 510 | Rake 0 
Board [Jc Kd 6h 5c Ah]
Seat 2: Pirate Green (big blind) showed [9d 8h] and lost with high card Ace
Seat 3: Mahu2021 (button) (small blind) showed [Ac Ks] and won (510) with two pair, Aces and Kings



PokerStars Hand #255878977106: Tournament #3882665779, $0.46+$0.04 USD Hold'em No Limit - Level IV (30/60) - 2025/04/25 12:44:32 CET [2025/04/25 6:44:32 ET]
Table '3882665779 1' 3-max Seat #2 is the button
Seat 2: Pirate Green (990 in chips) 
Seat 3: Mahu2021 (510 in chips) 
Pirate Green: posts small blind 30
Mahu2021: posts big blind 60
*** HOLE CARDS ***
Dealt to Mahu2021 [3c Qh]
Pirate Green: calls 30
Mahu2021: checks 
*** FLOP *** [4s 6s 2h]
Mahu2021: checks 
Pirate Green: bets 60
Mahu2021: calls 60
*** TURN *** [4s 6s 2h] [8h]
Mahu2021: checks 
Pirate Green: checks 
*** RIVER *** [4s 6s 2h 8h] [4d]
Mahu2021: bets 60
Pirate Green: folds 
Uncalled bet (60) returned to Mahu2021
Mahu2021 collected 240 from pot
Mahu2021: doesn't show hand 
*** SUMMARY ***
Total pot 240 | Rake 0 
Board [4s 6s 2h 8h 4d]
Seat 2: Pirate Green (button) (small blind) folded on the River
Seat 3: Mahu2021 (big blind) collected (240)



PokerStars Hand #255878980377: Tournament #3882665779, $0.46+$0.04 USD Hold'em No Limit - Level IV (30/60) - 2025/04/25 12:45:03 CET [2025/04/25 6:45:03 ET]
Table '3882665779 1' 3-max Seat #3 is the button
Seat 2: Pirate Green (870 in chips) 
Seat 3: Mahu2021 (630 in chips) 
Mahu2021: posts small blind 30
Pirate Green: posts big blind 60
*** HOLE CARDS ***
Dealt to Mahu2021 [Js Qs]
Mahu2021: raises 60 to 120
Pirate Green: folds 
Uncalled bet (60) returned to Mahu2021
Mahu2021 collected 120 from pot
Mahu2021: doesn't show hand 
*** SUMMARY ***
Total pot 120 | Rake 0 
Seat 2: Pirate Green (big blind) folded before Flop
Seat 3: Mahu2021 (button) (small blind) collected (120)



PokerStars Hand #255878981144: Tournament #3882665779, $0.46+$0.04 USD Hold'em No Limit - Level IV (30/60) - 2025/04/25 12:45:10 CET [2025/04/25 6:45:10 ET]
Table '3882665779 1' 3-max Seat #2 is the button
Seat 2: Pirate Green (810 in chips) 
Seat 3: Mahu2021 (690 in chips) 
Pirate Green: posts small blind 30
Mahu2021: posts big blind 60
*** HOLE CARDS ***
Dealt to Mahu2021 [9c As]
Pirate Green: raises 60 to 120
Mahu2021: raises 570 to 690 and is all-in
Pirate Green: folds 
Uncalled bet (570) returned to Mahu2021
Mahu2021 collected 240 from pot
Mahu2021: doesn't show hand 
*** SUMMARY ***
Total pot 240 | Rake 0 
Seat 2: Pirate Green (button) (small blind) folded before Flop
Seat 3: Mahu2021 (big blind) collected (240)



PokerStars Hand #255878982337: Tournament #3882665779, $0.46+$0.04 USD Hold'em No Limit - Level IV (30/60) - 2025/04/25 12:45:21 CET [2025/04/25 6:45:21 ET]
Table '3882665779 1' 3-max Seat #3 is the button
Seat 2: Pirate Green (690 in chips) 
Seat 3: Mahu2021 (810 in chips) 
Mahu2021: posts small blind 30
Pirate Green: posts big blind 60
*** HOLE CARDS ***
Dealt to Mahu2021 [8h Qh]
Mahu2021: calls 30
Pirate Green: checks 
*** FLOP *** [2s 6c 9h]
Pirate Green: checks 
Mahu2021: checks 
*** TURN *** [2s 6c 9h] [4h]
Pirate Green: bets 60
Mahu2021: calls 60
*** RIVER *** [2s 6c 9h 4h] [Td]
Pirate Green: bets 180
Mahu2021: folds 
Uncalled bet (180) returned to Pirate Green
Pirate Green collected 240 from pot
*** SUMMARY ***
Total pot 240 | Rake 0 
Board [2s 6c 9h 4h Td]
Seat 2: Pirate Green (big blind) collected (240)
Seat 3: Mahu2021 (button) (small blind) folded on the River



PokerStars Hand #255878985181: Tournament #3882665779, $0.46+$0.04 USD Hold'em No Limit - Level V (40/80) - 2025/04/25 12:45:46 CET [2025/04/25 6:45:46 ET]
Table '3882665779 1' 3-max Seat #2 is the button
Seat 2: Pirate Green (810 in chips) 
Seat 3: Mahu2021 (690 in chips) 
Pirate Green: posts small blind 40
Mahu2021: posts big blind 80
*** HOLE CARDS ***
Dealt to Mahu2021 [7h 9s]
Pirate Green: raises 80 to 160
Mahu2021: folds 
Uncalled bet (80) returned to Pirate Green
Pirate Green collected 160 from pot
*** SUMMARY ***
Total pot 160 | Rake 0 
Seat 2: Pirate Green (button) (small blind) collected (160)
Seat 3: Mahu2021 (big blind) folded before Flop



PokerStars Hand #255878985804: Tournament #3882665779, $0.46+$0.04 USD Hold'em No Limit - Level V (40/80) - 2025/04/25 12:45:52 CET [2025/04/25 6:45:52 ET]
Table '3882665779 1' 3-max Seat #3 is the button
Seat 2: Pirate Green (890 in chips) 
Seat 3: Mahu2021 (610 in chips) 
Mahu2021: posts small blind 40
Pirate Green: posts big blind 80
*** HOLE CARDS ***
Dealt to Mahu2021 [7h Js]
Mahu2021: calls 40
Pirate Green: checks 
*** FLOP *** [4s 9s 7d]
Pirate Green: checks 
Mahu2021: bets 80
Pirate Green: calls 80
*** TURN *** [4s 9s 7d] [7s]
Pirate Green: bets 160
Mahu2021: raises 290 to 450 and is all-in
Pirate Green: calls 290
*** RIVER *** [4s 9s 7d 7s] [6d]
*** SHOW DOWN ***
Pirate Green: shows [Td Ts] (two pair, Tens and Sevens)
Mahu2021: shows [7h Js] (three of a kind, Sevens)
Mahu2021 collected 1220 from pot
*** SUMMARY ***
Total pot 1220 | Rake 0 
Board [4s 9s 7d 7s 6d]
Seat 2: Pirate Green (big blind) showed [Td Ts] and lost with two pair, Tens and Sevens
Seat 3: Mahu2021 (button) (small blind) showed [7h Js] and won (1220) with three of a kind, Sevens



PokerStars Hand #255878989280: Tournament #3882665779, $0.46+$0.04 USD Hold'em No Limit - Level V (40/80) - 2025/04/25 12:46:25 CET [2025/04/25 6:46:25 ET]
Table '3882665779 1' 3-max Seat #2 is the button
Seat 2: Pirate Green (280 in chips) 
Seat 3: Mahu2021 (1220 in chips) 
Pirate Green: posts small blind 40
Mahu2021: posts big blind 80
*** HOLE CARDS ***
Dealt to Mahu2021 [8c 8h]
Pirate Green: folds 
Uncalled bet (40) returned to Mahu2021
Mahu2021 collected 80 from pot
Mahu2021: doesn't show hand 
*** SUMMARY ***
Total pot 80 | Rake 0 
Seat 2: Pirate Green (button) (small blind) folded before Flop
Seat 3: Mahu2021 (big blind) collected (80)



PokerStars Hand #255878990034: Tournament #3882665779, $0.46+$0.04 USD Hold'em No Limit - Level V (40/80) - 2025/04/25 12:46:31 CET [2025/04/25 6:46:31 ET]
Table '3882665779 1' 3-max Seat #3 is the button
Seat 2: Pirate Green (240 in chips) 
Seat 3: Mahu2021 (1260 in chips) 
Mahu2021: posts small blind 40
Pirate Green: posts big blind 80
*** HOLE CARDS ***
Dealt to Mahu2021 [2d Kh]
Mahu2021: raises 160 to 240
Pirate Green: folds 
Uncalled bet (160) returned to Mahu2021
Mahu2021 collected 160 from pot
Mahu2021: doesn't show hand 
*** SUMMARY ***
Total pot 160 | Rake 0 
Seat 2: Pirate Green (big blind) folded before Flop
Seat 3: Mahu2021 (button) (small blind) collected (160)



PokerStars Hand #255878990810: Tournament #3882665779, $0.46+$0.04 USD Hold'em No Limit - Level V (40/80) - 2025/04/25 12:46:38 CET [2025/04/25 6:46:38 ET]
Table '3882665779 1' 3-max Seat #2 is the button
Seat 2: Pirate Green (160 in chips) 
Seat 3: Mahu2021 (1340 in chips) 
Pirate Green: posts small blind 40
Mahu2021: posts big blind 80
*** HOLE CARDS ***
Dealt to Mahu2021 [Ah Td]
Pirate Green: raises 80 to 160 and is all-in
Mahu2021: calls 80
*** FLOP *** [2d Ac 2c]
*** TURN *** [2d Ac 2c] [7d]
*** RIVER *** [2d Ac 2c 7d] [Qc]
*** SHOW DOWN ***
Mahu2021: shows [Ah Td] (two pair, Aces and Deuces)
Pirate Green: shows [Qs 4h] (two pair, Queens and Deuces)
Mahu2021 collected 320 from pot
Pirate Green finished the tournament in 2nd place
Mahu2021 wins the tournament - congratulations!
Mahu2021 wins a '$1.00 Power Path Step 2 Ticket' ticket
*** SUMMARY ***
Total pot 320 | Rake 0 
Board [2d Ac 2c 7d Qc]
Seat 2: Pirate Green (button) (small blind) showed [Qs 4h] and lost with two pair, Queens and Deuces
Seat 3: Mahu2021 (big blind) showed [Ah Td] and won (320) with two pair, Aces and Deuces



