PokerStars Hand #244089567686: Tournament #3596322763, $9.80+$1.20 USD Hold'em No Limit - Level I (25/50) - 2023/06/04 20:02:07 CET [2023/06/04 14:02:07 ET]
Table '3596322763 42' 8-max Seat #1 is the button
Seat 1: Gremlin57 (10000 in chips) 
Seat 2: Mahu2021 (10000 in chips) 
Seat 3: haig16 (10000 in chips) 
Seat 4: adr1 (10000 in chips) 
Seat 5: DarkPross (10000 in chips) 
Seat 6: russmck91 (10000 in chips) 
Seat 7: Kozak142 (10000 in chips) 
Seat 8: Christie2021 (10000 in chips) 
Gremlin57: posts the ante 6
Mahu2021: posts the ante 6
haig16: posts the ante 6
adr1: posts the ante 6
DarkPross: posts the ante 6
russmck91: posts the ante 6
Kozak142: posts the ante 6
Christie2021: posts the ante 6
Mahu2021: posts small blind 25
haig16: posts big blind 50
*** HOLE CARDS ***
Dealt to Mahu2021 [Kc Kh]
adr1: folds 
DarkPross: folds 
russmck91: folds 
Kozak142: folds 
Christie2021: folds 
Gremlin57: folds 
Mahu2021: raises 200 to 250
haig16: calls 200
*** FLOP *** [7d 8d Js]
Mahu2021: bets 250
haig16: calls 250
*** TURN *** [7d 8d Js] [Jh]
Mahu2021: bets 300
haig16: calls 300
*** RIVER *** [7d 8d Js Jh] [6s]
Mahu2021: bets 300
haig16: raises 1124 to 1424
Mahu2021: calls 1124
*** SHOW DOWN ***
haig16: shows [Th 2c] (a pair of Jacks)
Mahu2021: shows [Kc Kh] (two pair, Kings and Jacks)
Mahu2021 collected 4496 from pot
*** SUMMARY ***
Total pot 4496 | Rake 0 
Board [7d 8d Js Jh 6s]
Seat 1: Gremlin57 (button) folded before Flop (didn't bet)
Seat 2: Mahu2021 (small blind) showed [Kc Kh] and won (4496) with two pair, Kings and Jacks
Seat 3: haig16 (big blind) showed [Th 2c] and lost with a pair of Jacks
Seat 4: adr1 folded before Flop (didn't bet)
Seat 5: DarkPross folded before Flop (didn't bet)
Seat 6: russmck91 folded before Flop (didn't bet)
Seat 7: Kozak142 folded before Flop (didn't bet)
Seat 8: Christie2021 folded before Flop (didn't bet)



PokerStars Hand #244089584556: Tournament #3596322763, $9.80+$1.20 USD Hold'em No Limit - Level I (25/50) - 2023/06/04 20:02:55 CET [2023/06/04 14:02:55 ET]
Table '3596322763 42' 8-max Seat #2 is the button
Seat 1: Gremlin57 (9994 in chips) 
Seat 2: Mahu2021 (12266 in chips) 
Seat 3: haig16 (7770 in chips) 
Seat 5: DarkPross (9994 in chips) 
Seat 6: russmck91 (9994 in chips) 
Seat 7: Kozak142 (9994 in chips) 
Seat 8: Christie2021 (9994 in chips) 
Gremlin57: posts the ante 6
Mahu2021: posts the ante 6
haig16: posts the ante 6
DarkPross: posts the ante 6
russmck91: posts the ante 6
Kozak142: posts the ante 6
Christie2021: posts the ante 6
haig16: posts small blind 25
DarkPross: posts big blind 50
*** HOLE CARDS ***
Dealt to Mahu2021 [9s 7c]
russmck91: raises 100 to 150
Kozak142: folds 
Christie2021: folds 
Gremlin57: calls 150
Mahu2021: folds 
haig16: calls 125
DarkPross: calls 100
*** FLOP *** [2h Kh 9h]
haig16: checks 
DarkPross: checks 
russmck91: checks 
Gremlin57: bets 404
haig16: calls 404
DarkPross: folds 
russmck91: folds 
*** TURN *** [2h Kh 9h] [2c]
haig16: checks 
Gremlin57: bets 914
haig16: calls 914
*** RIVER *** [2h Kh 9h 2c] [7h]
haig16: checks 
Gremlin57: checks 
*** SHOW DOWN ***
haig16: shows [6h 2s] (a flush, King high)
Gremlin57: mucks hand 
haig16 collected 3278 from pot
*** SUMMARY ***
Total pot 3278 | Rake 0 
Board [2h Kh 9h 2c 7h]
Seat 1: Gremlin57 mucked [4d 5d]
Seat 2: Mahu2021 (button) folded before Flop (didn't bet)
Seat 3: haig16 (small blind) showed [6h 2s] and won (3278) with a flush, King high
Seat 5: DarkPross (big blind) folded on the Flop
Seat 6: russmck91 folded on the Flop
Seat 7: Kozak142 folded before Flop (didn't bet)
Seat 8: Christie2021 folded before Flop (didn't bet)



PokerStars Hand #244089608055: Tournament #3596322763, $9.80+$1.20 USD Hold'em No Limit - Level I (25/50) - 2023/06/04 20:04:00 CET [2023/06/04 14:04:00 ET]
Table '3596322763 42' 8-max Seat #3 is the button
Seat 1: Gremlin57 (8520 in chips) 
Seat 2: Mahu2021 (12260 in chips) 
Seat 3: haig16 (9574 in chips) 
Seat 4: surfer696 (10000 in chips) out of hand (moved from another table into small blind)
Seat 5: DarkPross (9838 in chips) 
Seat 6: russmck91 (9838 in chips) 
Seat 7: Kozak142 (9988 in chips) 
Seat 8: Christie2021 (9988 in chips) 
surfer696 will be allowed to play after the button
Gremlin57: posts the ante 6
Mahu2021: posts the ante 6
haig16: posts the ante 6
DarkPross: posts the ante 6
russmck91: posts the ante 6
Kozak142: posts the ante 6
Christie2021: posts the ante 6
DarkPross: posts small blind 25
russmck91: posts big blind 50
*** HOLE CARDS ***
Dealt to Mahu2021 [8h 7c]
Kozak142: folds 
Christie2021: folds 
Gremlin57: folds 
Mahu2021: folds 
haig16: raises 50 to 100
DarkPross: folds 
russmck91: calls 50
*** FLOP *** [3h 7h 4s]
russmck91: checks 
haig16: bets 134
russmck91: calls 134
*** TURN *** [3h 7h 4s] [7s]
russmck91: checks 
haig16: bets 268
russmck91: calls 268
*** RIVER *** [3h 7h 4s 7s] [6d]
russmck91: checks 
haig16: bets 536
russmck91: raises 1072 to 1608
haig16: folds 
Uncalled bet (1072) returned to russmck91
russmck91 collected 2143 from pot
russmck91: doesn't show hand 
*** SUMMARY ***
Total pot 2143 | Rake 0 
Board [3h 7h 4s 7s 6d]
Seat 1: Gremlin57 folded before Flop (didn't bet)
Seat 2: Mahu2021 folded before Flop (didn't bet)
Seat 3: haig16 (button) folded on the River
Seat 5: DarkPross (small blind) folded before Flop
Seat 6: russmck91 (big blind) collected (2143)
Seat 7: Kozak142 folded before Flop (didn't bet)
Seat 8: Christie2021 folded before Flop (didn't bet)



PokerStars Hand #244089623056: Tournament #3596322763, $9.80+$1.20 USD Hold'em No Limit - Level I (25/50) - 2023/06/04 20:04:40 CET [2023/06/04 14:04:40 ET]
Table '3596322763 42' 8-max Seat #5 is the button
Seat 1: Gremlin57 (8514 in chips) 
Seat 2: Mahu2021 (12254 in chips) 
Seat 3: haig16 (8530 in chips) 
Seat 4: surfer696 (10000 in chips) 
Seat 5: DarkPross (9807 in chips) 
Seat 6: russmck91 (10937 in chips) 
Seat 7: Kozak142 (9982 in chips) 
Seat 8: Christie2021 (9982 in chips) 
Gremlin57: posts the ante 6
Mahu2021: posts the ante 6
haig16: posts the ante 6
surfer696: posts the ante 6
DarkPross: posts the ante 6
russmck91: posts the ante 6
Kozak142: posts the ante 6
Christie2021: posts the ante 6
russmck91: posts small blind 25
Kozak142: posts big blind 50
*** HOLE CARDS ***
Dealt to Mahu2021 [9h Kh]
Christie2021: folds 
Gremlin57: raises 50 to 100
Mahu2021: folds 
haig16: folds 
surfer696: raises 150 to 250
DarkPross: folds 
russmck91: folds 
Kozak142: folds 
Gremlin57: calls 150
*** FLOP *** [8s 4c 2s]
Gremlin57: checks 
surfer696: bets 312
Gremlin57: calls 312
*** TURN *** [8s 4c 2s] [9c]
Gremlin57: checks 
surfer696: bets 724
Gremlin57: calls 724
*** RIVER *** [8s 4c 2s 9c] [8h]
Gremlin57: checks 
surfer696: checks 
*** SHOW DOWN ***
Gremlin57: shows [9d Td] (two pair, Nines and Eights)
surfer696: mucks hand 
Gremlin57 collected 2695 from pot
*** SUMMARY ***
Total pot 2695 | Rake 0 
Board [8s 4c 2s 9c 8h]
Seat 1: Gremlin57 showed [9d Td] and won (2695) with two pair, Nines and Eights
Seat 2: Mahu2021 folded before Flop (didn't bet)
Seat 3: haig16 folded before Flop (didn't bet)
Seat 4: surfer696 mucked [Js Ah]
Seat 5: DarkPross (button) folded before Flop (didn't bet)
Seat 6: russmck91 (small blind) folded before Flop
Seat 7: Kozak142 (big blind) folded before Flop
Seat 8: Christie2021 folded before Flop (didn't bet)



PokerStars Hand #244089643758: Tournament #3596322763, $9.80+$1.20 USD Hold'em No Limit - Level I (25/50) - 2023/06/04 20:05:34 CET [2023/06/04 14:05:34 ET]
Table '3596322763 42' 8-max Seat #6 is the button
Seat 1: Gremlin57 (9917 in chips) 
Seat 2: Mahu2021 (12248 in chips) 
Seat 3: haig16 (8524 in chips) 
Seat 4: surfer696 (8708 in chips) 
Seat 5: DarkPross (9801 in chips) 
Seat 6: russmck91 (10906 in chips) 
Seat 7: Kozak142 (9926 in chips) 
Seat 8: Christie2021 (9976 in chips) 
Gremlin57: posts the ante 6
Mahu2021: posts the ante 6
haig16: posts the ante 6
surfer696: posts the ante 6
DarkPross: posts the ante 6
russmck91: posts the ante 6
Kozak142: posts the ante 6
Christie2021: posts the ante 6
Kozak142: posts small blind 25
Christie2021: posts big blind 50
*** HOLE CARDS ***
Dealt to Mahu2021 [Ks 8d]
Gremlin57: raises 50 to 100
Mahu2021: folds 
haig16: folds 
surfer696: folds 
DarkPross: folds 
russmck91: folds 
Kozak142: folds 
Christie2021: folds 
Uncalled bet (50) returned to Gremlin57
Gremlin57 collected 173 from pot
Gremlin57: doesn't show hand 
*** SUMMARY ***
Total pot 173 | Rake 0 
Seat 1: Gremlin57 collected (173)
Seat 2: Mahu2021 folded before Flop (didn't bet)
Seat 3: haig16 folded before Flop (didn't bet)
Seat 4: surfer696 folded before Flop (didn't bet)
Seat 5: DarkPross folded before Flop (didn't bet)
Seat 6: russmck91 (button) folded before Flop (didn't bet)
Seat 7: Kozak142 (small blind) folded before Flop
Seat 8: Christie2021 (big blind) folded before Flop



PokerStars Hand #244089654711: Tournament #3596322763, $9.80+$1.20 USD Hold'em No Limit - Level I (25/50) - 2023/06/04 20:06:03 CET [2023/06/04 14:06:03 ET]
Table '3596322763 42' 8-max Seat #7 is the button
Seat 1: Gremlin57 (10034 in chips) 
Seat 2: Mahu2021 (12242 in chips) 
Seat 3: haig16 (8518 in chips) 
Seat 4: surfer696 (8702 in chips) 
Seat 5: DarkPross (9795 in chips) 
Seat 6: russmck91 (10900 in chips) 
Seat 7: Kozak142 (9895 in chips) 
Seat 8: Christie2021 (9920 in chips) 
Gremlin57: posts the ante 6
Mahu2021: posts the ante 6
haig16: posts the ante 6
surfer696: posts the ante 6
DarkPross: posts the ante 6
russmck91: posts the ante 6
Kozak142: posts the ante 6
Christie2021: posts the ante 6
Christie2021: posts small blind 25
Gremlin57: posts big blind 50
*** HOLE CARDS ***
Dealt to Mahu2021 [4d Kd]
Mahu2021: folds 
haig16: raises 100 to 150
surfer696: calls 150
DarkPross: folds 
russmck91: calls 150
Kozak142: folds 
Christie2021: folds 
Gremlin57: folds 
*** FLOP *** [Kh Ac Jd]
haig16: bets 337
surfer696: folds 
russmck91: calls 337
*** TURN *** [Kh Ac Jd] [6d]
haig16: bets 724
russmck91: folds 
Uncalled bet (724) returned to haig16
haig16 collected 1247 from pot
haig16: doesn't show hand 
*** SUMMARY ***
Total pot 1247 | Rake 0 
Board [Kh Ac Jd 6d]
Seat 1: Gremlin57 (big blind) folded before Flop
Seat 2: Mahu2021 folded before Flop (didn't bet)
Seat 3: haig16 collected (1247)
Seat 4: surfer696 folded on the Flop
Seat 5: DarkPross folded before Flop (didn't bet)
Seat 6: russmck91 folded on the Turn
Seat 7: Kozak142 (button) folded before Flop (didn't bet)
Seat 8: Christie2021 (small blind) folded before Flop



PokerStars Hand #244089668854: Tournament #3596322763, $9.80+$1.20 USD Hold'em No Limit - Level I (25/50) - 2023/06/04 20:06:40 CET [2023/06/04 14:06:40 ET]
Table '3596322763 42' 8-max Seat #8 is the button
Seat 1: Gremlin57 (9978 in chips) 
Seat 2: Mahu2021 (12236 in chips) 
Seat 3: haig16 (9272 in chips) 
Seat 4: surfer696 (8546 in chips) 
Seat 5: DarkPross (9789 in chips) 
Seat 6: russmck91 (10407 in chips) 
Seat 7: Kozak142 (9889 in chips) 
Seat 8: Christie2021 (9889 in chips) 
Gremlin57: posts the ante 6
Mahu2021: posts the ante 6
haig16: posts the ante 6
surfer696: posts the ante 6
DarkPross: posts the ante 6
russmck91: posts the ante 6
Kozak142: posts the ante 6
Christie2021: posts the ante 6
Gremlin57: posts small blind 25
Mahu2021: posts big blind 50
*** HOLE CARDS ***
Dealt to Mahu2021 [9h 7s]
haig16: folds 
surfer696: folds 
DarkPross: folds 
russmck91: folds 
Kozak142: folds 
Christie2021: raises 50 to 100
Gremlin57: folds 
Mahu2021: calls 50
*** FLOP *** [9d Qc Kh]
Mahu2021: checks 
Christie2021: bets 100
Mahu2021: folds 
Uncalled bet (100) returned to Christie2021
Christie2021 collected 273 from pot
*** SUMMARY ***
Total pot 273 | Rake 0 
Board [9d Qc Kh]
Seat 1: Gremlin57 (small blind) folded before Flop
Seat 2: Mahu2021 (big blind) folded on the Flop
Seat 3: haig16 folded before Flop (didn't bet)
Seat 4: surfer696 folded before Flop (didn't bet)
Seat 5: DarkPross folded before Flop (didn't bet)
Seat 6: russmck91 folded before Flop (didn't bet)
Seat 7: Kozak142 folded before Flop (didn't bet)
Seat 8: Christie2021 (button) collected (273)



PokerStars Hand #244089683467: Tournament #3596322763, $9.80+$1.20 USD Hold'em No Limit - Level I (25/50) - 2023/06/04 20:07:18 CET [2023/06/04 14:07:18 ET]
Table '3596322763 42' 8-max Seat #1 is the button
Seat 1: Gremlin57 (9947 in chips) 
Seat 2: Mahu2021 (12130 in chips) 
Seat 4: surfer696 (8540 in chips) 
Seat 5: DarkPross (9783 in chips) 
Seat 6: russmck91 (10401 in chips) 
Seat 7: Kozak142 (9883 in chips) 
Seat 8: Christie2021 (10056 in chips) 
Gremlin57: posts the ante 6
Mahu2021: posts the ante 6
surfer696: posts the ante 6
DarkPross: posts the ante 6
russmck91: posts the ante 6
Kozak142: posts the ante 6
Christie2021: posts the ante 6
Mahu2021: posts small blind 25
surfer696: posts big blind 50
*** HOLE CARDS ***
Dealt to Mahu2021 [9c Tc]
Pal0nik is disconnected 
DarkPross: raises 100 to 150
russmck91: folds 
Kozak142: calls 150
Christie2021: folds 
Gremlin57: folds 
Mahu2021: calls 125
surfer696: calls 100
*** FLOP *** [2c 5s 4c]
Mahu2021: checks 
surfer696: checks 
DarkPross: checks 
Kozak142: checks 
*** TURN *** [2c 5s 4c] [Td]
Mahu2021: bets 150
surfer696: folds 
DarkPross: folds 
Kozak142: raises 150 to 300
Mahu2021: calls 150
*** RIVER *** [2c 5s 4c Td] [As]
Mahu2021: checks 
Kozak142: checks 
*** SHOW DOWN ***
Mahu2021: shows [9c Tc] (a pair of Tens)
Kozak142: shows [Ts Ks] (a pair of Tens - Ace+King kicker)
Kozak142 collected 1242 from pot
*** SUMMARY ***
Total pot 1242 | Rake 0 
Board [2c 5s 4c Td As]
Seat 1: Gremlin57 (button) folded before Flop (didn't bet)
Seat 2: Mahu2021 (small blind) showed [9c Tc] and lost with a pair of Tens
Seat 4: surfer696 (big blind) folded on the Turn
Seat 5: DarkPross folded on the Turn
Seat 6: russmck91 folded before Flop (didn't bet)
Seat 7: Kozak142 showed [Ts Ks] and won (1242) with a pair of Tens
Seat 8: Christie2021 folded before Flop (didn't bet)



PokerStars Hand #244089707701: Tournament #3596322763, $9.80+$1.20 USD Hold'em No Limit - Level I (25/50) - 2023/06/04 20:08:21 CET [2023/06/04 14:08:21 ET]
Table '3596322763 42' 8-max Seat #2 is the button
Seat 1: Gremlin57 (9941 in chips) 
Seat 2: Mahu2021 (11674 in chips) 
Seat 3: Pal0nik (10000 in chips) out of hand (moved from another table into small blind)
Seat 4: surfer696 (8384 in chips) 
Seat 5: DarkPross (9627 in chips) 
Seat 6: russmck91 (10395 in chips) 
Seat 7: Kozak142 (10669 in chips) 
Seat 8: Christie2021 (10050 in chips) 
Pal0nik will be allowed to play after the button
Gremlin57: posts the ante 6
Mahu2021: posts the ante 6
surfer696: posts the ante 6
DarkPross: posts the ante 6
russmck91: posts the ante 6
Kozak142: posts the ante 6
Christie2021: posts the ante 6
surfer696: posts small blind 25
DarkPross: posts big blind 50
*** HOLE CARDS ***
Dealt to Mahu2021 [Ac Qc]
russmck91: folds 
Kozak142: folds 
Christie2021: folds 
Gremlin57: raises 50 to 100
Mahu2021: calls 100
surfer696: calls 75
DarkPross: calls 50
*** FLOP *** [2s Td 4c]
surfer696: checks 
DarkPross: checks 
Gremlin57: bets 128
Mahu2021: folds 
surfer696: folds 
DarkPross: folds 
Uncalled bet (128) returned to Gremlin57
Gremlin57 collected 442 from pot
Gremlin57: doesn't show hand 
*** SUMMARY ***
Total pot 442 | Rake 0 
Board [2s Td 4c]
Seat 1: Gremlin57 collected (442)
Seat 2: Mahu2021 (button) folded on the Flop
Seat 4: surfer696 (small blind) folded on the Flop
Seat 5: DarkPross (big blind) folded on the Flop
Seat 6: russmck91 folded before Flop (didn't bet)
Seat 7: Kozak142 folded before Flop (didn't bet)
Seat 8: Christie2021 folded before Flop (didn't bet)



PokerStars Hand #244089721863: Tournament #3596322763, $9.80+$1.20 USD Hold'em No Limit - Level I (25/50) - 2023/06/04 20:08:58 CET [2023/06/04 14:08:58 ET]
Table '3596322763 42' 8-max Seat #4 is the button
Seat 1: Gremlin57 (10277 in chips) 
Seat 2: Mahu2021 (11568 in chips) 
Seat 3: Pal0nik (10000 in chips) 
Seat 4: surfer696 (8278 in chips) 
Seat 5: DarkPross (9521 in chips) 
Seat 6: russmck91 (10389 in chips) 
Seat 7: Kozak142 (10663 in chips) 
Seat 8: Christie2021 (10044 in chips) 
Gremlin57: posts the ante 6
Mahu2021: posts the ante 6
Pal0nik: posts the ante 6
surfer696: posts the ante 6
DarkPross: posts the ante 6
russmck91: posts the ante 6
Kozak142: posts the ante 6
Christie2021: posts the ante 6
DarkPross: posts small blind 25
russmck91: posts big blind 50
*** HOLE CARDS ***
Dealt to Mahu2021 [5h Ac]
Kozak142: calls 50
Christie2021: folds 
Gremlin57: folds 
Mahu2021: folds 
Pal0nik: calls 50
surfer696: raises 200 to 250
DarkPross: folds 
russmck91: folds 
Kozak142: calls 200
Pal0nik: calls 200
*** FLOP *** [8s 6d 2c]
Kozak142: checks 
Pal0nik: checks 
surfer696: bets 537
Kozak142: calls 537
Pal0nik: folds 
*** TURN *** [8s 6d 2c] [5d]
Kozak142: checks 
surfer696: checks 
*** RIVER *** [8s 6d 2c 5d] [3c]
Kozak142: checks 
surfer696: checks 
*** SHOW DOWN ***
Kozak142: shows [9h 9c] (a pair of Nines)
surfer696: mucks hand 
Kozak142 collected 1947 from pot
*** SUMMARY ***
Total pot 1947 | Rake 0 
Board [8s 6d 2c 5d 3c]
Seat 1: Gremlin57 folded before Flop (didn't bet)
Seat 2: Mahu2021 folded before Flop (didn't bet)
Seat 3: Pal0nik folded on the Flop
Seat 4: surfer696 (button) mucked [Qc Ks]
Seat 5: DarkPross (small blind) folded before Flop
Seat 6: russmck91 (big blind) folded before Flop
Seat 7: Kozak142 showed [9h 9c] and won (1947) with a pair of Nines
Seat 8: Christie2021 folded before Flop (didn't bet)



PokerStars Hand #244089756157: Tournament #3596322763, $9.80+$1.20 USD Hold'em No Limit - Level I (25/50) - 2023/06/04 20:10:28 CET [2023/06/04 14:10:28 ET]
Table '3596322763 42' 8-max Seat #5 is the button
Seat 1: Gremlin57 (10271 in chips) 
Seat 2: Mahu2021 (11562 in chips) 
Seat 3: Pal0nik (9744 in chips) 
Seat 4: surfer696 (7485 in chips) 
Seat 5: DarkPross (9490 in chips) 
Seat 6: russmck91 (10333 in chips) 
Seat 7: Kozak142 (11817 in chips) 
Seat 8: Christie2021 (10038 in chips) 
Gremlin57: posts the ante 6
Mahu2021: posts the ante 6
Pal0nik: posts the ante 6
surfer696: posts the ante 6
DarkPross: posts the ante 6
russmck91: posts the ante 6
Kozak142: posts the ante 6
Christie2021: posts the ante 6
russmck91: posts small blind 25
Kozak142: posts big blind 50
*** HOLE CARDS ***
Dealt to Mahu2021 [7h Qs]
Christie2021: folds 
Gremlin57: raises 50 to 100
Mahu2021: folds 
Pal0nik: calls 100
surfer696: folds 
DarkPross: folds 
russmck91: folds 
Kozak142: folds 
*** FLOP *** [3d 8c 6c]
Gremlin57: bets 94
Pal0nik: calls 94
*** TURN *** [3d 8c 6c] [2c]
Gremlin57: bets 235
Pal0nik: raises 235 to 470
Gremlin57: folds 
Uncalled bet (235) returned to Pal0nik
Pal0nik collected 981 from pot
Pal0nik: doesn't show hand 
*** SUMMARY ***
Total pot 981 | Rake 0 
Board [3d 8c 6c 2c]
Seat 1: Gremlin57 folded on the Turn
Seat 2: Mahu2021 folded before Flop (didn't bet)
Seat 3: Pal0nik collected (981)
Seat 4: surfer696 folded before Flop (didn't bet)
Seat 5: DarkPross (button) folded before Flop (didn't bet)
Seat 6: russmck91 (small blind) folded before Flop
Seat 7: Kozak142 (big blind) folded before Flop
Seat 8: Christie2021 folded before Flop (didn't bet)



PokerStars Hand #244089776283: Tournament #3596322763, $9.80+$1.20 USD Hold'em No Limit - Level I (25/50) - 2023/06/04 20:11:20 CET [2023/06/04 14:11:20 ET]
Table '3596322763 42' 8-max Seat #6 is the button
Seat 1: Gremlin57 (9836 in chips) 
Seat 2: Mahu2021 (11556 in chips) 
Seat 3: Pal0nik (10290 in chips) 
Seat 4: surfer696 (7479 in chips) 
Seat 5: DarkPross (9484 in chips) 
Seat 6: russmck91 (10302 in chips) 
Seat 7: Kozak142 (11761 in chips) 
Seat 8: Christie2021 (10032 in chips) 
Gremlin57: posts the ante 6
Mahu2021: posts the ante 6
Pal0nik: posts the ante 6
surfer696: posts the ante 6
DarkPross: posts the ante 6
russmck91: posts the ante 6
Kozak142: posts the ante 6
Christie2021: posts the ante 6
Kozak142: posts small blind 25
Christie2021: posts big blind 50
*** HOLE CARDS ***
Dealt to Mahu2021 [6h Td]
Gremlin57: folds 
Mahu2021: folds 
Pal0nik: folds 
surfer696: folds 
DarkPross: folds 
russmck91: folds 
Kozak142: calls 25
Christie2021: raises 100 to 150
Kozak142: calls 100
*** FLOP *** [4d 7c 3h]
Kozak142: checks 
Christie2021: bets 150
Kozak142: folds 
Uncalled bet (150) returned to Christie2021
Christie2021 collected 348 from pot
*** SUMMARY ***
Total pot 348 | Rake 0 
Board [4d 7c 3h]
Seat 1: Gremlin57 folded before Flop (didn't bet)
Seat 2: Mahu2021 folded before Flop (didn't bet)
Seat 3: Pal0nik folded before Flop (didn't bet)
Seat 4: surfer696 folded before Flop (didn't bet)
Seat 5: DarkPross folded before Flop (didn't bet)
Seat 6: russmck91 (button) folded before Flop (didn't bet)
Seat 7: Kozak142 (small blind) folded on the Flop
Seat 8: Christie2021 (big blind) collected (348)



PokerStars Hand #244089791045: Tournament #3596322763, $9.80+$1.20 USD Hold'em No Limit - Level I (25/50) - 2023/06/04 20:11:58 CET [2023/06/04 14:11:58 ET]
Table '3596322763 42' 8-max Seat #7 is the button
Seat 1: Gremlin57 (9830 in chips) 
Seat 2: Mahu2021 (11550 in chips) 
Seat 3: Pal0nik (10284 in chips) 
Seat 4: surfer696 (7473 in chips) 
Seat 5: DarkPross (9478 in chips) 
Seat 6: russmck91 (10296 in chips) 
Seat 7: Kozak142 (11605 in chips) 
Seat 8: Christie2021 (10224 in chips) 
Gremlin57: posts the ante 6
Mahu2021: posts the ante 6
Pal0nik: posts the ante 6
surfer696: posts the ante 6
DarkPross: posts the ante 6
russmck91: posts the ante 6
Kozak142: posts the ante 6
Christie2021: posts the ante 6
Christie2021: posts small blind 25
Gremlin57: posts big blind 50
*** HOLE CARDS ***
Dealt to Mahu2021 [8c 9s]
Mahu2021: folds 
Pal0nik: folds 
surfer696: calls 50
DarkPross: folds 
russmck91: raises 100 to 150
Kozak142: folds 
Christie2021: folds 
Gremlin57: folds 
surfer696: calls 100
*** FLOP *** [6h 9c Kh]
surfer696: checks 
russmck91: bets 250
surfer696: folds 
Uncalled bet (250) returned to russmck91
russmck91 collected 423 from pot
russmck91: doesn't show hand 
*** SUMMARY ***
Total pot 423 | Rake 0 
Board [6h 9c Kh]
Seat 1: Gremlin57 (big blind) folded before Flop
Seat 2: Mahu2021 folded before Flop (didn't bet)
Seat 3: Pal0nik folded before Flop (didn't bet)
Seat 4: surfer696 folded on the Flop
Seat 5: DarkPross folded before Flop (didn't bet)
Seat 6: russmck91 collected (423)
Seat 7: Kozak142 (button) folded before Flop (didn't bet)
Seat 8: Christie2021 (small blind) folded before Flop



PokerStars Hand #244089807998: Tournament #3596322763, $9.80+$1.20 USD Hold'em No Limit - Level II (30/60) - 2023/06/04 20:12:43 CET [2023/06/04 14:12:43 ET]
Table '3596322763 42' 8-max Seat #8 is the button
Seat 1: Gremlin57 (9774 in chips) 
Seat 2: Mahu2021 (11544 in chips) 
Seat 3: Pal0nik (10278 in chips) 
Seat 4: surfer696 (7317 in chips) 
Seat 5: DarkPross (9472 in chips) 
Seat 6: russmck91 (10563 in chips) 
Seat 7: Kozak142 (11599 in chips) 
Seat 8: Christie2021 (10193 in chips) 
Gremlin57: posts the ante 8
Mahu2021: posts the ante 8
Pal0nik: posts the ante 8
surfer696: posts the ante 8
DarkPross: posts the ante 8
russmck91: posts the ante 8
Kozak142: posts the ante 8
Christie2021: posts the ante 8
Gremlin57: posts small blind 30
Mahu2021: posts big blind 60
*** HOLE CARDS ***
Dealt to Mahu2021 [Qc 5d]
Pal0nik: folds 
surfer696: raises 214 to 274
DarkPross: folds 
russmck91: folds 
Kozak142: folds 
Christie2021: folds 
Gremlin57: calls 244
Mahu2021: folds 
*** FLOP *** [4c 7h Kc]
Gremlin57: checks 
surfer696: bets 336
Gremlin57: folds 
Uncalled bet (336) returned to surfer696
surfer696 collected 672 from pot
*** SUMMARY ***
Total pot 672 | Rake 0 
Board [4c 7h Kc]
Seat 1: Gremlin57 (small blind) folded on the Flop
Seat 2: Mahu2021 (big blind) folded before Flop
Seat 3: Pal0nik folded before Flop (didn't bet)
Seat 4: surfer696 collected (672)
Seat 5: DarkPross folded before Flop (didn't bet)
Seat 6: russmck91 folded before Flop (didn't bet)
Seat 7: Kozak142 folded before Flop (didn't bet)
Seat 8: Christie2021 (button) folded before Flop (didn't bet)



PokerStars Hand #244089817263: Tournament #3596322763, $9.80+$1.20 USD Hold'em No Limit - Level II (30/60) - 2023/06/04 20:13:07 CET [2023/06/04 14:13:07 ET]
Table '3596322763 42' 8-max Seat #1 is the button
Seat 1: Gremlin57 (9492 in chips) 
Seat 2: Mahu2021 (11476 in chips) 
Seat 3: Pal0nik (10270 in chips) 
Seat 4: surfer696 (7707 in chips) 
Seat 5: DarkPross (9464 in chips) 
Seat 6: russmck91 (10555 in chips) 
Seat 7: Kozak142 (11591 in chips) 
Seat 8: Christie2021 (10185 in chips) 
Gremlin57: posts the ante 8
Mahu2021: posts the ante 8
Pal0nik: posts the ante 8
surfer696: posts the ante 8
DarkPross: posts the ante 8
russmck91: posts the ante 8
Kozak142: posts the ante 8
Christie2021: posts the ante 8
Mahu2021: posts small blind 30
Pal0nik: posts big blind 60
*** HOLE CARDS ***
Dealt to Mahu2021 [Kc 4d]
surfer696: folds 
DarkPross: folds 
russmck91: folds 
Kozak142: folds 
Christie2021: raises 60 to 120
Gremlin57: folds 
Mahu2021: folds 
Pal0nik: calls 60
*** FLOP *** [2c As Ks]
Pal0nik: checks 
Christie2021: bets 120
Pal0nik: folds 
Uncalled bet (120) returned to Christie2021
Christie2021 collected 334 from pot
*** SUMMARY ***
Total pot 334 | Rake 0 
Board [2c As Ks]
Seat 1: Gremlin57 (button) folded before Flop (didn't bet)
Seat 2: Mahu2021 (small blind) folded before Flop
Seat 3: Pal0nik (big blind) folded on the Flop
Seat 4: surfer696 folded before Flop (didn't bet)
Seat 5: DarkPross folded before Flop (didn't bet)
Seat 6: russmck91 folded before Flop (didn't bet)
Seat 7: Kozak142 folded before Flop (didn't bet)
Seat 8: Christie2021 collected (334)



PokerStars Hand #244089834869: Tournament #3596322763, $9.80+$1.20 USD Hold'em No Limit - Level II (30/60) - 2023/06/04 20:13:53 CET [2023/06/04 14:13:53 ET]
Table '3596322763 42' 8-max Seat #2 is the button
Seat 1: Gremlin57 (9484 in chips) 
Seat 2: Mahu2021 (11438 in chips) 
Seat 3: Pal0nik (10142 in chips) 
Seat 4: surfer696 (7699 in chips) 
Seat 5: DarkPross (9456 in chips) 
Seat 6: russmck91 (10547 in chips) 
Seat 7: Kozak142 (11583 in chips) 
Seat 8: Christie2021 (10391 in chips) 
Gremlin57: posts the ante 8
Mahu2021: posts the ante 8
Pal0nik: posts the ante 8
surfer696: posts the ante 8
DarkPross: posts the ante 8
russmck91: posts the ante 8
Kozak142: posts the ante 8
Christie2021: posts the ante 8
Pal0nik: posts small blind 30
surfer696: posts big blind 60
*** HOLE CARDS ***
Dealt to Mahu2021 [7d 6d]
DarkPross: folds 
russmck91: folds 
Kozak142: folds 
Christie2021: folds 
Gremlin57: folds 
Mahu2021: raises 60 to 120
Pal0nik: folds 
surfer696: raises 180 to 300
Mahu2021: calls 180
*** FLOP *** [Qs Ah Ad]
surfer696: bets 227
Mahu2021: folds 
Uncalled bet (227) returned to surfer696
surfer696 collected 694 from pot
*** SUMMARY ***
Total pot 694 | Rake 0 
Board [Qs Ah Ad]
Seat 1: Gremlin57 folded before Flop (didn't bet)
Seat 2: Mahu2021 (button) folded on the Flop
Seat 3: Pal0nik (small blind) folded before Flop
Seat 4: surfer696 (big blind) collected (694)
Seat 5: DarkPross folded before Flop (didn't bet)
Seat 6: russmck91 folded before Flop (didn't bet)
Seat 7: Kozak142 folded before Flop (didn't bet)
Seat 8: Christie2021 folded before Flop (didn't bet)



PokerStars Hand #244089853091: Tournament #3596322763, $9.80+$1.20 USD Hold'em No Limit - Level II (30/60) - 2023/06/04 20:14:40 CET [2023/06/04 14:14:40 ET]
Table '3596322763 42' 8-max Seat #3 is the button
Seat 1: Gremlin57 (9476 in chips) 
Seat 2: Mahu2021 (11130 in chips) 
Seat 3: Pal0nik (10104 in chips) 
Seat 4: surfer696 (8085 in chips) 
Seat 5: DarkPross (9448 in chips) 
Seat 6: russmck91 (10539 in chips) 
Seat 7: Kozak142 (11575 in chips) 
Seat 8: Christie2021 (10383 in chips) 
Gremlin57: posts the ante 8
Mahu2021: posts the ante 8
Pal0nik: posts the ante 8
surfer696: posts the ante 8
DarkPross: posts the ante 8
russmck91: posts the ante 8
Kozak142: posts the ante 8
Christie2021: posts the ante 8
surfer696: posts small blind 30
DarkPross: posts big blind 60
*** HOLE CARDS ***
Dealt to Mahu2021 [Kc 9h]
russmck91: folds 
Kozak142: folds 
Christie2021: raises 60 to 120
Gremlin57: folds 
Mahu2021: folds 
Pal0nik: folds 
surfer696: folds 
DarkPross: folds 
Uncalled bet (60) returned to Christie2021
Christie2021 collected 214 from pot
*** SUMMARY ***
Total pot 214 | Rake 0 
Seat 1: Gremlin57 folded before Flop (didn't bet)
Seat 2: Mahu2021 folded before Flop (didn't bet)
Seat 3: Pal0nik (button) folded before Flop (didn't bet)
Seat 4: surfer696 (small blind) folded before Flop
Seat 5: DarkPross (big blind) folded before Flop
Seat 6: russmck91 folded before Flop (didn't bet)
Seat 7: Kozak142 folded before Flop (didn't bet)
Seat 8: Christie2021 collected (214)



PokerStars Hand #244089864090: Tournament #3596322763, $9.80+$1.20 USD Hold'em No Limit - Level II (30/60) - 2023/06/04 20:15:08 CET [2023/06/04 14:15:08 ET]
Table '3596322763 42' 8-max Seat #4 is the button
Seat 1: Gremlin57 (9468 in chips) 
Seat 2: Mahu2021 (11122 in chips) 
Seat 3: Pal0nik (10096 in chips) 
Seat 4: surfer696 (8047 in chips) 
Seat 5: DarkPross (9380 in chips) 
Seat 6: russmck91 (10531 in chips) 
Seat 7: Kozak142 (11567 in chips) 
Seat 8: Christie2021 (10529 in chips) 
Gremlin57: posts the ante 8
Mahu2021: posts the ante 8
Pal0nik: posts the ante 8
surfer696: posts the ante 8
DarkPross: posts the ante 8
russmck91: posts the ante 8
Kozak142: posts the ante 8
Christie2021: posts the ante 8
DarkPross: posts small blind 30
russmck91: posts big blind 60
*** HOLE CARDS ***
Dealt to Mahu2021 [Kh Th]
Kozak142: folds 
Christie2021: folds 
Gremlin57: folds 
Mahu2021: raises 60 to 120
Pal0nik: folds 
surfer696: folds 
surfer696 is disconnected 
DarkPross: folds 
russmck91: folds 
Uncalled bet (60) returned to Mahu2021
Mahu2021 collected 214 from pot
Mahu2021: doesn't show hand 
*** SUMMARY ***
Total pot 214 | Rake 0 
Seat 1: Gremlin57 folded before Flop (didn't bet)
Seat 2: Mahu2021 collected (214)
Seat 3: Pal0nik folded before Flop (didn't bet)
Seat 4: surfer696 (button) folded before Flop (didn't bet)
Seat 5: DarkPross (small blind) folded before Flop
Seat 6: russmck91 (big blind) folded before Flop
Seat 7: Kozak142 folded before Flop (didn't bet)
Seat 8: Christie2021 folded before Flop (didn't bet)



PokerStars Hand #244089878158: Tournament #3596322763, $9.80+$1.20 USD Hold'em No Limit - Level II (30/60) - 2023/06/04 20:15:45 CET [2023/06/04 14:15:45 ET]
Table '3596322763 42' 8-max Seat #5 is the button
Seat 1: Gremlin57 (9460 in chips) 
Seat 2: Mahu2021 (11268 in chips) 
Seat 3: Pal0nik (10088 in chips) 
Seat 4: surfer696 (8039 in chips) 
Seat 5: DarkPross (9342 in chips) 
Seat 6: russmck91 (10463 in chips) 
Seat 7: Kozak142 (11559 in chips) 
Seat 8: Christie2021 (10521 in chips) 
Gremlin57: posts the ante 8
Mahu2021: posts the ante 8
Pal0nik: posts the ante 8
surfer696: posts the ante 8
DarkPross: posts the ante 8
russmck91: posts the ante 8
Kozak142: posts the ante 8
Christie2021: posts the ante 8
russmck91: posts small blind 30
Kozak142: posts big blind 60
*** HOLE CARDS ***
Dealt to Mahu2021 [Tc 3h]
Christie2021: folds 
Gremlin57: folds 
Mahu2021: folds 
Pal0nik: folds 
surfer696 has timed out while disconnected
surfer696: folds 
surfer696 is sitting out
DarkPross: raises 120 to 180
russmck91: folds 
Kozak142: folds 
Uncalled bet (120) returned to DarkPross
DarkPross collected 214 from pot
DarkPross: doesn't show hand 
*** SUMMARY ***
Total pot 214 | Rake 0 
Seat 1: Gremlin57 folded before Flop (didn't bet)
Seat 2: Mahu2021 folded before Flop (didn't bet)
Seat 3: Pal0nik folded before Flop (didn't bet)
Seat 4: surfer696 folded before Flop (didn't bet)
Seat 5: DarkPross (button) collected (214)
Seat 6: russmck91 (small blind) folded before Flop
Seat 7: Kozak142 (big blind) folded before Flop
Seat 8: Christie2021 folded before Flop (didn't bet)



PokerStars Hand #244089894873: Tournament #3596322763, $9.80+$1.20 USD Hold'em No Limit - Level II (30/60) - 2023/06/04 20:16:28 CET [2023/06/04 14:16:28 ET]
Table '3596322763 42' 8-max Seat #6 is the button
Seat 2: Mahu2021 (11260 in chips) 
Seat 3: Pal0nik (10080 in chips) 
Seat 4: surfer696 (8031 in chips) is sitting out
Seat 5: DarkPross (9488 in chips) 
Seat 6: russmck91 (10425 in chips) 
Seat 7: Kozak142 (11491 in chips) 
Seat 8: Christie2021 (10513 in chips) 
Mahu2021: posts the ante 8
Pal0nik: posts the ante 8
surfer696: posts the ante 8
DarkPross: posts the ante 8
russmck91: posts the ante 8
Kozak142: posts the ante 8
Christie2021: posts the ante 8
Kozak142: posts small blind 30
Christie2021: posts big blind 60
*** HOLE CARDS ***
Dealt to Mahu2021 [7d Kc]
Mahu2021: folds 
ratajpoker is disconnected 
Pal0nik: folds 
surfer696: folds 
DarkPross: folds 
russmck91: raises 120 to 180
Kozak142: folds 
Christie2021: folds 
Uncalled bet (120) returned to russmck91
russmck91 collected 206 from pot
russmck91: doesn't show hand 
*** SUMMARY ***
Total pot 206 | Rake 0 
Seat 2: Mahu2021 folded before Flop (didn't bet)
Seat 3: Pal0nik folded before Flop (didn't bet)
Seat 4: surfer696 folded before Flop (didn't bet)
Seat 5: DarkPross folded before Flop (didn't bet)
Seat 6: russmck91 (button) collected (206)
Seat 7: Kozak142 (small blind) folded before Flop
Seat 8: Christie2021 (big blind) folded before Flop



PokerStars Hand #244089903175: Tournament #3596322763, $9.80+$1.20 USD Hold'em No Limit - Level II (30/60) - 2023/06/04 20:16:49 CET [2023/06/04 14:16:49 ET]
Table '3596322763 546' 8-max Seat #1 is the button
Seat 1: JAguilar11 (9181 in chips) 
Seat 2: skandsen (10823 in chips) 
Seat 3: Mahu2021 (11252 in chips) 
Seat 4: loartesanal33 (10000 in chips) 
Seat 5: Miss_Britta1978 (11111 in chips) 
Seat 6: hesher02 (11423 in chips) 
JAguilar11: posts the ante 8
skandsen: posts the ante 8
Mahu2021: posts the ante 8
loartesanal33: posts the ante 8
Miss_Britta1978: posts the ante 8
hesher02: posts the ante 8
skandsen: posts small blind 30
Mahu2021: posts big blind 60
*** HOLE CARDS ***
Dealt to Mahu2021 [As Ah]
Mahu2021 is disconnected 
Miss_Britta1978 is disconnected 
loartesanal33 is connected 
loartesanal33 is disconnected 
loartesanal33 is connected 
loartesanal33: folds 
Miss_Britta1978: folds 
sudo_select is disconnected 
hesher02: folds 
JAguilar11: folds 
skandsen: calls 30
Mahu2021: raises 11184 to 11244 and is all-in
skandsen: folds 
Uncalled bet (11184) returned to Mahu2021
Mahu2021 collected 168 from pot
Mahu2021: doesn't show hand 
*** SUMMARY ***
Total pot 168 | Rake 0 
Seat 1: JAguilar11 (button) folded before Flop (didn't bet)
Seat 2: skandsen (small blind) folded before Flop
Seat 3: Mahu2021 (big blind) collected (168)
Seat 4: loartesanal33 folded before Flop (didn't bet)
Seat 5: Miss_Britta1978 folded before Flop (didn't bet)
Seat 6: hesher02 folded before Flop (didn't bet)



PokerStars Hand #244089914841: Tournament #3596322763, $9.80+$1.20 USD Hold'em No Limit - Level II (30/60) - 2023/06/04 20:17:20 CET [2023/06/04 14:17:20 ET]
Table '3596322763 546' 8-max Seat #2 is the button
Seat 1: JAguilar11 (9173 in chips) 
Seat 2: skandsen (10755 in chips) 
Seat 3: Mahu2021 (11352 in chips) 
Seat 4: loartesanal33 (9992 in chips) 
Seat 5: Miss_Britta1978 (11103 in chips) 
Seat 6: hesher02 (11415 in chips) 
Seat 7: illicopresto (12597 in chips) 
Seat 8: sudo_select (10000 in chips) 
JAguilar11: posts the ante 8
skandsen: posts the ante 8
Mahu2021: posts the ante 8
loartesanal33: posts the ante 8
Miss_Britta1978: posts the ante 8
hesher02: posts the ante 8
illicopresto: posts the ante 8
sudo_select: posts the ante 8
Mahu2021: posts small blind 30
loartesanal33: posts big blind 60
*** HOLE CARDS ***
Dealt to Mahu2021 [4d 6c]
Miss_Britta1978: folds 
hesher02: folds 
illicopresto: folds 
sudo_select: folds 
JAguilar11: folds 
skandsen: folds 
Mahu2021: folds 
Uncalled bet (30) returned to loartesanal33
loartesanal33 collected 124 from pot
loartesanal33: doesn't show hand 
*** SUMMARY ***
Total pot 124 | Rake 0 
Seat 1: JAguilar11 folded before Flop (didn't bet)
Seat 2: skandsen (button) folded before Flop (didn't bet)
Seat 3: Mahu2021 (small blind) folded before Flop
Seat 4: loartesanal33 (big blind) collected (124)
Seat 5: Miss_Britta1978 folded before Flop (didn't bet)
Seat 6: hesher02 folded before Flop (didn't bet)
Seat 7: illicopresto folded before Flop (didn't bet)
Seat 8: sudo_select folded before Flop (didn't bet)



PokerStars Hand #244089919939: Tournament #3596322763, $9.80+$1.20 USD Hold'em No Limit - Level II (30/60) - 2023/06/04 20:17:33 CET [2023/06/04 14:17:33 ET]
Table '3596322763 546' 8-max Seat #3 is the button
Seat 1: JAguilar11 (9165 in chips) 
Seat 2: skandsen (10747 in chips) 
Seat 3: Mahu2021 (11314 in chips) 
Seat 4: loartesanal33 (10078 in chips) 
Seat 5: Miss_Britta1978 (11095 in chips) 
Seat 6: hesher02 (11407 in chips) 
Seat 7: illicopresto (12589 in chips) 
Seat 8: sudo_select (9992 in chips) 
JAguilar11: posts the ante 8
skandsen: posts the ante 8
Mahu2021: posts the ante 8
loartesanal33: posts the ante 8
Miss_Britta1978: posts the ante 8
hesher02: posts the ante 8
illicopresto: posts the ante 8
sudo_select: posts the ante 8
loartesanal33: posts small blind 30
Miss_Britta1978: posts big blind 60
*** HOLE CARDS ***
Dealt to Mahu2021 [Td Jh]
hesher02: folds 
illicopresto: folds 
sudo_select: raises 60 to 120
JAguilar11: folds 
skandsen: folds 
Mahu2021: folds 
loartesanal33: folds 
Miss_Britta1978: calls 60
*** FLOP *** [8c 7s 9d]
Miss_Britta1978: checks 
sudo_select: checks 
*** TURN *** [8c 7s 9d] [9c]
Miss_Britta1978: bets 167
sudo_select: folds 
Uncalled bet (167) returned to Miss_Britta1978
Miss_Britta1978 collected 334 from pot
*** SUMMARY ***
Total pot 334 | Rake 0 
Board [8c 7s 9d 9c]
Seat 1: JAguilar11 folded before Flop (didn't bet)
Seat 2: skandsen folded before Flop (didn't bet)
Seat 3: Mahu2021 (button) folded before Flop (didn't bet)
Seat 4: loartesanal33 (small blind) folded before Flop
Seat 5: Miss_Britta1978 (big blind) collected (334)
Seat 6: hesher02 folded before Flop (didn't bet)
Seat 7: illicopresto folded before Flop (didn't bet)
Seat 8: sudo_select folded on the Turn



PokerStars Hand #244089940133: Tournament #3596322763, $9.80+$1.20 USD Hold'em No Limit - Level II (30/60) - 2023/06/04 20:18:25 CET [2023/06/04 14:18:25 ET]
Table '3596322763 546' 8-max Seat #4 is the button
Seat 1: JAguilar11 (9157 in chips) 
Seat 2: skandsen (10739 in chips) 
Seat 3: Mahu2021 (11306 in chips) 
Seat 4: loartesanal33 (10040 in chips) 
Seat 5: Miss_Britta1978 (11301 in chips) 
Seat 6: hesher02 (11399 in chips) 
Seat 7: illicopresto (12581 in chips) 
Seat 8: sudo_select (9864 in chips) 
JAguilar11: posts the ante 8
skandsen: posts the ante 8
Mahu2021: posts the ante 8
loartesanal33: posts the ante 8
Miss_Britta1978: posts the ante 8
hesher02: posts the ante 8
illicopresto: posts the ante 8
sudo_select: posts the ante 8
Miss_Britta1978: posts small blind 30
hesher02: posts big blind 60
*** HOLE CARDS ***
Dealt to Mahu2021 [5s 5c]
illicopresto: folds 
sudo_select: folds 
JAguilar11: calls 60
skandsen: folds 
Mahu2021: calls 60
loartesanal33: calls 60
Miss_Britta1978: calls 30
hesher02: checks 
*** FLOP *** [7c As Kh]
Miss_Britta1978: checks 
hesher02: checks 
JAguilar11: checks 
Mahu2021: checks 
loartesanal33: checks 
*** TURN *** [7c As Kh] [9h]
Miss_Britta1978: checks 
hesher02: bets 120
JAguilar11: calls 120
Mahu2021: folds 
loartesanal33: folds 
Miss_Britta1978: calls 120
*** RIVER *** [7c As Kh 9h] [8d]
Miss_Britta1978: checks 
hesher02: checks 
JAguilar11: checks 
*** SHOW DOWN ***
Miss_Britta1978: shows [9d 3s] (a pair of Nines)
hesher02: mucks hand 
JAguilar11: shows [Tc Ts] (a pair of Tens)
JAguilar11 collected 724 from pot
*** SUMMARY ***
Total pot 724 | Rake 0 
Board [7c As Kh 9h 8d]
Seat 1: JAguilar11 showed [Tc Ts] and won (724) with a pair of Tens
Seat 2: skandsen folded before Flop (didn't bet)
Seat 3: Mahu2021 folded on the Turn
Seat 4: loartesanal33 (button) folded on the Turn
Seat 5: Miss_Britta1978 (small blind) showed [9d 3s] and lost with a pair of Nines
Seat 6: hesher02 (big blind) mucked [6d 3d]
Seat 7: illicopresto folded before Flop (didn't bet)
Seat 8: sudo_select folded before Flop (didn't bet)



PokerStars Hand #244089977053: Tournament #3596322763, $9.80+$1.20 USD Hold'em No Limit - Level II (30/60) - 2023/06/04 20:20:01 CET [2023/06/04 14:20:01 ET]
Table '3596322763 546' 8-max Seat #5 is the button
Seat 1: JAguilar11 (9693 in chips) 
Seat 2: skandsen (10731 in chips) 
Seat 3: Mahu2021 (11238 in chips) 
Seat 4: loartesanal33 (9972 in chips) 
Seat 5: Miss_Britta1978 (11113 in chips) 
Seat 6: hesher02 (11211 in chips) 
Seat 7: illicopresto (12573 in chips) 
Seat 8: sudo_select (9856 in chips) 
JAguilar11: posts the ante 8
skandsen: posts the ante 8
Mahu2021: posts the ante 8
loartesanal33: posts the ante 8
Miss_Britta1978: posts the ante 8
hesher02: posts the ante 8
illicopresto: posts the ante 8
sudo_select: posts the ante 8
hesher02: posts small blind 30
illicopresto: posts big blind 60
*** HOLE CARDS ***
Dealt to Mahu2021 [6h 8d]
sudo_select: folds 
JAguilar11: folds 
skandsen: folds 
Mahu2021: folds 
loartesanal33: raises 72 to 132
Miss_Britta1978: folds 
hesher02: raises 468 to 600
illicopresto: folds 
loartesanal33: calls 468
*** FLOP *** [Ah Jc Qc]
hesher02: bets 540
loartesanal33: folds 
Uncalled bet (540) returned to hesher02
hesher02 collected 1324 from pot
*** SUMMARY ***
Total pot 1324 | Rake 0 
Board [Ah Jc Qc]
Seat 1: JAguilar11 folded before Flop (didn't bet)
Seat 2: skandsen folded before Flop (didn't bet)
Seat 3: Mahu2021 folded before Flop (didn't bet)
Seat 4: loartesanal33 folded on the Flop
Seat 5: Miss_Britta1978 (button) folded before Flop (didn't bet)
Seat 6: hesher02 (small blind) collected (1324)
Seat 7: illicopresto (big blind) folded before Flop
Seat 8: sudo_select folded before Flop (didn't bet)



PokerStars Hand #244090004586: Tournament #3596322763, $9.80+$1.20 USD Hold'em No Limit - Level II (30/60) - 2023/06/04 20:21:12 CET [2023/06/04 14:21:12 ET]
Table '3596322763 546' 8-max Seat #6 is the button
Seat 1: JAguilar11 (9685 in chips) 
Seat 2: skandsen (10723 in chips) 
Seat 3: Mahu2021 (11230 in chips) 
Seat 4: loartesanal33 (9364 in chips) 
Seat 5: Miss_Britta1978 (11105 in chips) 
Seat 6: hesher02 (11927 in chips) 
Seat 7: illicopresto (12505 in chips) 
Seat 8: sudo_select (9848 in chips) 
JAguilar11: posts the ante 8
skandsen: posts the ante 8
Mahu2021: posts the ante 8
loartesanal33: posts the ante 8
Miss_Britta1978: posts the ante 8
hesher02: posts the ante 8
illicopresto: posts the ante 8
sudo_select: posts the ante 8
illicopresto: posts small blind 30
sudo_select: posts big blind 60
*** HOLE CARDS ***
Dealt to Mahu2021 [Jh 7c]
JAguilar11: folds 
skandsen: folds 
Mahu2021: folds 
loartesanal33: folds 
Miss_Britta1978: folds 
hesher02: folds 
illicopresto: folds 
Uncalled bet (30) returned to sudo_select
sudo_select collected 124 from pot
sudo_select: doesn't show hand 
*** SUMMARY ***
Total pot 124 | Rake 0 
Seat 1: JAguilar11 folded before Flop (didn't bet)
Seat 2: skandsen folded before Flop (didn't bet)
Seat 3: Mahu2021 folded before Flop (didn't bet)
Seat 4: loartesanal33 folded before Flop (didn't bet)
Seat 5: Miss_Britta1978 folded before Flop (didn't bet)
Seat 6: hesher02 (button) folded before Flop (didn't bet)
Seat 7: illicopresto (small blind) folded before Flop
Seat 8: sudo_select (big blind) collected (124)



PokerStars Hand #244090020379: Tournament #3596322763, $9.80+$1.20 USD Hold'em No Limit - Level II (30/60) - 2023/06/04 20:21:53 CET [2023/06/04 14:21:53 ET]
Table '3596322763 546' 8-max Seat #7 is the button
Seat 1: JAguilar11 (9677 in chips) 
Seat 2: skandsen (10715 in chips) 
Seat 3: Mahu2021 (11222 in chips) 
Seat 4: loartesanal33 (9356 in chips) 
Seat 5: Miss_Britta1978 (11097 in chips) 
Seat 6: hesher02 (11919 in chips) 
Seat 7: illicopresto (12467 in chips) 
Seat 8: sudo_select (9934 in chips) 
JAguilar11: posts the ante 8
skandsen: posts the ante 8
Mahu2021: posts the ante 8
loartesanal33: posts the ante 8
Miss_Britta1978: posts the ante 8
hesher02: posts the ante 8
illicopresto: posts the ante 8
sudo_select: posts the ante 8
sudo_select: posts small blind 30
JAguilar11: posts big blind 60
*** HOLE CARDS ***
Dealt to Mahu2021 [Jd 5c]
skandsen: folds 
Mahu2021: folds 
loartesanal33: folds 
Miss_Britta1978: folds 
hesher02: folds 
illicopresto: folds 
sudo_select: raises 60 to 120
JAguilar11: calls 60
*** FLOP *** [Ah Qd Ts]
sudo_select: checks 
JAguilar11: checks 
*** TURN *** [Ah Qd Ts] [6c]
sudo_select: bets 160
JAguilar11: calls 160
*** RIVER *** [Ah Qd Ts 6c] [Jh]
sudo_select: checks 
JAguilar11: checks 
*** SHOW DOWN ***
sudo_select: shows [7h Ad] (a pair of Aces)
JAguilar11: shows [3d 3h] (a pair of Threes)
sudo_select collected 624 from pot
*** SUMMARY ***
Total pot 624 | Rake 0 
Board [Ah Qd Ts 6c Jh]
Seat 1: JAguilar11 (big blind) showed [3d 3h] and lost with a pair of Threes
Seat 2: skandsen folded before Flop (didn't bet)
Seat 3: Mahu2021 folded before Flop (didn't bet)
Seat 4: loartesanal33 folded before Flop (didn't bet)
Seat 5: Miss_Britta1978 folded before Flop (didn't bet)
Seat 6: hesher02 folded before Flop (didn't bet)
Seat 7: illicopresto (button) folded before Flop (didn't bet)
Seat 8: sudo_select (small blind) showed [7h Ad] and won (624) with a pair of Aces



PokerStars Hand #244090040259: Tournament #3596322763, $9.80+$1.20 USD Hold'em No Limit - Level III (40/80) - 2023/06/04 20:22:45 CET [2023/06/04 14:22:45 ET]
Table '3596322763 546' 8-max Seat #8 is the button
Seat 1: JAguilar11 (9389 in chips) 
Seat 2: skandsen (10707 in chips) 
Seat 3: Mahu2021 (11214 in chips) 
Seat 4: loartesanal33 (9348 in chips) 
Seat 5: Miss_Britta1978 (11089 in chips) 
Seat 6: hesher02 (11911 in chips) 
Seat 7: illicopresto (12459 in chips) 
Seat 8: sudo_select (10270 in chips) 
JAguilar11: posts the ante 10
skandsen: posts the ante 10
Mahu2021: posts the ante 10
loartesanal33: posts the ante 10
Miss_Britta1978: posts the ante 10
hesher02: posts the ante 10
illicopresto: posts the ante 10
sudo_select: posts the ante 10
JAguilar11: posts small blind 40
skandsen: posts big blind 80
*** HOLE CARDS ***
Dealt to Mahu2021 [Ac Qc]
Mahu2021: calls 80
loartesanal33: folds 
Miss_Britta1978: folds 
hesher02: folds 
illicopresto: folds 
sudo_select: calls 80
JAguilar11: folds 
skandsen: checks 
*** FLOP *** [Tc 2h 3s]
skandsen: checks 
Mahu2021: checks 
sudo_select: checks 
*** TURN *** [Tc 2h 3s] [5h]
skandsen: checks 
Mahu2021: bets 80
sudo_select: raises 180 to 260
skandsen: folds 
Mahu2021: folds 
Uncalled bet (180) returned to sudo_select
sudo_select collected 520 from pot
sudo_select: doesn't show hand 
*** SUMMARY ***
Total pot 520 | Rake 0 
Board [Tc 2h 3s 5h]
Seat 1: JAguilar11 (small blind) folded before Flop
Seat 2: skandsen (big blind) folded on the Turn
Seat 3: Mahu2021 folded on the Turn
Seat 4: loartesanal33 folded before Flop (didn't bet)
Seat 5: Miss_Britta1978 folded before Flop (didn't bet)
Seat 6: hesher02 folded before Flop (didn't bet)
Seat 7: illicopresto folded before Flop (didn't bet)
Seat 8: sudo_select (button) collected (520)



PokerStars Hand #244090064129: Tournament #3596322763, $9.80+$1.20 USD Hold'em No Limit - Level III (40/80) - 2023/06/04 20:23:47 CET [2023/06/04 14:23:47 ET]
Table '3596322763 546' 8-max Seat #1 is the button
Seat 1: JAguilar11 (9339 in chips) 
Seat 2: skandsen (10617 in chips) 
Seat 3: Mahu2021 (11044 in chips) 
Seat 4: loartesanal33 (9338 in chips) 
Seat 5: Miss_Britta1978 (11079 in chips) 
Seat 6: hesher02 (11901 in chips) 
Seat 7: illicopresto (12449 in chips) 
Seat 8: sudo_select (10620 in chips) 
JAguilar11: posts the ante 10
skandsen: posts the ante 10
Mahu2021: posts the ante 10
loartesanal33: posts the ante 10
Miss_Britta1978: posts the ante 10
hesher02: posts the ante 10
illicopresto: posts the ante 10
sudo_select: posts the ante 10
skandsen: posts small blind 40
Mahu2021: posts big blind 80
*** HOLE CARDS ***
Dealt to Mahu2021 [3h Qs]
loartesanal33: folds 
Miss_Britta1978: folds 
hesher02: folds 
illicopresto: folds 
sudo_select: folds 
JAguilar11: folds 
skandsen: folds 
Uncalled bet (40) returned to Mahu2021
Mahu2021 collected 160 from pot
Mahu2021: doesn't show hand 
*** SUMMARY ***
Total pot 160 | Rake 0 
Seat 1: JAguilar11 (button) folded before Flop (didn't bet)
Seat 2: skandsen (small blind) folded before Flop
Seat 3: Mahu2021 (big blind) collected (160)
Seat 4: loartesanal33 folded before Flop (didn't bet)
Seat 5: Miss_Britta1978 folded before Flop (didn't bet)
Seat 6: hesher02 folded before Flop (didn't bet)
Seat 7: illicopresto folded before Flop (didn't bet)
Seat 8: sudo_select folded before Flop (didn't bet)



PokerStars Hand #244090075323: Tournament #3596322763, $9.80+$1.20 USD Hold'em No Limit - Level III (40/80) - 2023/06/04 20:24:16 CET [2023/06/04 14:24:16 ET]
Table '3596322763 546' 8-max Seat #2 is the button
Seat 1: JAguilar11 (9329 in chips) 
Seat 2: skandsen (10567 in chips) 
Seat 3: Mahu2021 (11154 in chips) 
Seat 4: loartesanal33 (9328 in chips) 
Seat 5: Miss_Britta1978 (11069 in chips) 
Seat 6: hesher02 (11891 in chips) 
Seat 7: illicopresto (12439 in chips) 
Seat 8: sudo_select (10610 in chips) 
JAguilar11: posts the ante 10
skandsen: posts the ante 10
Mahu2021: posts the ante 10
loartesanal33: posts the ante 10
Miss_Britta1978: posts the ante 10
hesher02: posts the ante 10
illicopresto: posts the ante 10
sudo_select: posts the ante 10
Mahu2021: posts small blind 40
loartesanal33: posts big blind 80
*** HOLE CARDS ***
Dealt to Mahu2021 [4h 7s]
Miss_Britta1978: folds 
hesher02: folds 
illicopresto: raises 160 to 240
sudo_select: calls 240
JAguilar11: calls 240
skandsen: folds 
Mahu2021: folds 
loartesanal33: calls 160
*** FLOP *** [6d 3d 2h]
loartesanal33: checks 
illicopresto: checks 
sudo_select: checks 
JAguilar11: bets 620
loartesanal33: folds 
illicopresto: folds 
sudo_select: calls 620
*** TURN *** [6d 3d 2h] [Js]
sudo_select: checks 
JAguilar11: bets 1160
sudo_select: raises 8580 to 9740 and is all-in
JAguilar11: calls 7299 and is all-in
Uncalled bet (1281) returned to sudo_select
*** RIVER *** [6d 3d 2h Js] [3s]
*** SHOW DOWN ***
sudo_select: shows [2d 2s] (a full house, Deuces full of Threes)
JAguilar11: shows [Kd Qd] (a pair of Threes)
sudo_select collected 19238 from pot
JAguilar11 finished the tournament
*** SUMMARY ***
Total pot 19238 | Rake 0 
Board [6d 3d 2h Js 3s]
Seat 1: JAguilar11 showed [Kd Qd] and lost with a pair of Threes
Seat 2: skandsen (button) folded before Flop (didn't bet)
Seat 3: Mahu2021 (small blind) folded before Flop
Seat 4: loartesanal33 (big blind) folded on the Flop
Seat 5: Miss_Britta1978 folded before Flop (didn't bet)
Seat 6: hesher02 folded before Flop (didn't bet)
Seat 7: illicopresto folded on the Flop
Seat 8: sudo_select showed [2d 2s] and won (19238) with a full house, Deuces full of Threes



PokerStars Hand #244090113180: Tournament #3596322763, $9.80+$1.20 USD Hold'em No Limit - Level III (40/80) - 2023/06/04 20:25:55 CET [2023/06/04 14:25:55 ET]
Table '3596322763 546' 8-max Seat #3 is the button
Seat 2: skandsen (10557 in chips) 
Seat 3: Mahu2021 (11104 in chips) 
Seat 4: loartesanal33 (9078 in chips) 
Seat 5: Miss_Britta1978 (11059 in chips) 
Seat 6: hesher02 (11881 in chips) 
Seat 7: illicopresto (12189 in chips) 
Seat 8: sudo_select (20519 in chips) 
skandsen: posts the ante 10
Mahu2021: posts the ante 10
loartesanal33: posts the ante 10
Miss_Britta1978: posts the ante 10
hesher02: posts the ante 10
illicopresto: posts the ante 10
sudo_select: posts the ante 10
loartesanal33: posts small blind 40
Miss_Britta1978: posts big blind 80
*** HOLE CARDS ***
Dealt to Mahu2021 [2c 7s]
hesher02: raises 80 to 160
illicopresto: folds 
sudo_select: calls 160
skandsen: folds 
Mahu2021: folds 
loartesanal33: folds 
Miss_Britta1978: calls 80
*** FLOP *** [4c 9h 9c]
Miss_Britta1978: checks 
hesher02: bets 480
sudo_select: folds 
Miss_Britta1978: folds 
Uncalled bet (480) returned to hesher02
hesher02 collected 590 from pot
*** SUMMARY ***
Total pot 590 | Rake 0 
Board [4c 9h 9c]
Seat 2: skandsen folded before Flop (didn't bet)
Seat 3: Mahu2021 (button) folded before Flop (didn't bet)
Seat 4: loartesanal33 (small blind) folded before Flop
Seat 5: Miss_Britta1978 (big blind) folded on the Flop
Seat 6: hesher02 collected (590)
Seat 7: illicopresto folded before Flop (didn't bet)
Seat 8: sudo_select folded on the Flop



PokerStars Hand #244090130640: Tournament #3596322763, $9.80+$1.20 USD Hold'em No Limit - Level III (40/80) - 2023/06/04 20:26:40 CET [2023/06/04 14:26:40 ET]
Table '3596322763 546' 8-max Seat #4 is the button
Seat 1: GunM3tal (10000 in chips) 
Seat 2: skandsen (10547 in chips) 
Seat 3: Mahu2021 (11094 in chips) 
Seat 4: loartesanal33 (9028 in chips) 
Seat 5: Miss_Britta1978 (10889 in chips) 
Seat 6: hesher02 (12301 in chips) 
Seat 7: illicopresto (12179 in chips) 
Seat 8: sudo_select (20349 in chips) 
GunM3tal: posts the ante 10
skandsen: posts the ante 10
Mahu2021: posts the ante 10
loartesanal33: posts the ante 10
Miss_Britta1978: posts the ante 10
hesher02: posts the ante 10
illicopresto: posts the ante 10
sudo_select: posts the ante 10
Miss_Britta1978: posts small blind 40
hesher02: posts big blind 80
*** HOLE CARDS ***
Dealt to Mahu2021 [9s 9c]
illicopresto: folds 
sudo_select: folds 
GunM3tal: raises 160 to 240
skandsen: folds 
Mahu2021: calls 240
loartesanal33: folds 
Miss_Britta1978: folds 
hesher02: folds 
*** FLOP *** [4d 5h 3s]
GunM3tal: checks 
Mahu2021: bets 320
GunM3tal: calls 320
*** TURN *** [4d 5h 3s] [Td]
GunM3tal: checks 
Mahu2021: checks 
*** RIVER *** [4d 5h 3s Td] [Qh]
GunM3tal: checks 
Mahu2021: checks 
*** SHOW DOWN ***
GunM3tal: shows [Ac 7c] (high card Ace)
Mahu2021: shows [9s 9c] (a pair of Nines)
Mahu2021 collected 1320 from pot
*** SUMMARY ***
Total pot 1320 | Rake 0 
Board [4d 5h 3s Td Qh]
Seat 1: GunM3tal showed [Ac 7c] and lost with high card Ace
Seat 2: skandsen folded before Flop (didn't bet)
Seat 3: Mahu2021 showed [9s 9c] and won (1320) with a pair of Nines
Seat 4: loartesanal33 (button) folded before Flop (didn't bet)
Seat 5: Miss_Britta1978 (small blind) folded before Flop
Seat 6: hesher02 (big blind) folded before Flop
Seat 7: illicopresto folded before Flop (didn't bet)
Seat 8: sudo_select folded before Flop (didn't bet)



PokerStars Hand #244090151798: Tournament #3596322763, $9.80+$1.20 USD Hold'em No Limit - Level III (40/80) - 2023/06/04 20:27:35 CET [2023/06/04 14:27:35 ET]
Table '3596322763 546' 8-max Seat #5 is the button
Seat 1: GunM3tal (9430 in chips) 
Seat 2: skandsen (10537 in chips) 
Seat 3: Mahu2021 (11844 in chips) 
Seat 4: loartesanal33 (9018 in chips) 
Seat 5: Miss_Britta1978 (10839 in chips) 
Seat 6: hesher02 (12211 in chips) 
Seat 7: illicopresto (12169 in chips) 
Seat 8: sudo_select (20339 in chips) 
GunM3tal: posts the ante 10
skandsen: posts the ante 10
Mahu2021: posts the ante 10
loartesanal33: posts the ante 10
Miss_Britta1978: posts the ante 10
hesher02: posts the ante 10
illicopresto: posts the ante 10
sudo_select: posts the ante 10
hesher02: posts small blind 40
illicopresto: posts big blind 80
*** HOLE CARDS ***
Dealt to Mahu2021 [9c 7d]
sudo_select: folds 
GunM3tal: folds 
skandsen: folds 
Mahu2021: folds 
loartesanal33: folds 
Miss_Britta1978: folds 
hesher02: raises 200 to 280
illicopresto: folds 
Uncalled bet (200) returned to hesher02
hesher02 collected 240 from pot
*** SUMMARY ***
Total pot 240 | Rake 0 
Seat 1: GunM3tal folded before Flop (didn't bet)
Seat 2: skandsen folded before Flop (didn't bet)
Seat 3: Mahu2021 folded before Flop (didn't bet)
Seat 4: loartesanal33 folded before Flop (didn't bet)
Seat 5: Miss_Britta1978 (button) folded before Flop (didn't bet)
Seat 6: hesher02 (small blind) collected (240)
Seat 7: illicopresto (big blind) folded before Flop
Seat 8: sudo_select folded before Flop (didn't bet)



PokerStars Hand #244090165700: Tournament #3596322763, $9.80+$1.20 USD Hold'em No Limit - Level III (40/80) - 2023/06/04 20:28:11 CET [2023/06/04 14:28:11 ET]
Table '3596322763 546' 8-max Seat #6 is the button
Seat 1: GunM3tal (9420 in chips) 
Seat 2: skandsen (10527 in chips) 
Seat 3: Mahu2021 (11834 in chips) 
Seat 4: loartesanal33 (9008 in chips) 
Seat 5: Miss_Britta1978 (10829 in chips) 
Seat 6: hesher02 (12361 in chips) 
Seat 7: illicopresto (12079 in chips) 
Seat 8: sudo_select (20329 in chips) 
GunM3tal: posts the ante 10
skandsen: posts the ante 10
Mahu2021: posts the ante 10
loartesanal33: posts the ante 10
Miss_Britta1978: posts the ante 10
hesher02: posts the ante 10
illicopresto: posts the ante 10
sudo_select: posts the ante 10
illicopresto: posts small blind 40
sudo_select: posts big blind 80
*** HOLE CARDS ***
Dealt to Mahu2021 [5d 8d]
GunM3tal: raises 160 to 240
skandsen: folds 
Mahu2021: folds 
loartesanal33: folds 
Miss_Britta1978: raises 240 to 480
hesher02: folds 
illicopresto: folds 
sudo_select: folds 
GunM3tal: raises 1160 to 1640
Miss_Britta1978: raises 9179 to 10819 and is all-in
GunM3tal: calls 7770 and is all-in
Uncalled bet (1409) returned to Miss_Britta1978
*** FLOP *** [2h Qh 7h]
*** TURN *** [2h Qh 7h] [2c]
*** RIVER *** [2h Qh 7h 2c] [2s]
*** SHOW DOWN ***
GunM3tal: shows [Kd Ks] (a full house, Deuces full of Kings)
Miss_Britta1978: shows [Ac Ah] (a full house, Deuces full of Aces)
Miss_Britta1978 collected 19020 from pot
GunM3tal finished the tournament
*** SUMMARY ***
Total pot 19020 | Rake 0 
Board [2h Qh 7h 2c 2s]
Seat 1: GunM3tal showed [Kd Ks] and lost with a full house, Deuces full of Kings
Seat 2: skandsen folded before Flop (didn't bet)
Seat 3: Mahu2021 folded before Flop (didn't bet)
Seat 4: loartesanal33 folded before Flop (didn't bet)
Seat 5: Miss_Britta1978 showed [Ac Ah] and won (19020) with a full house, Deuces full of Aces
Seat 6: hesher02 (button) folded before Flop (didn't bet)
Seat 7: illicopresto (small blind) folded before Flop
Seat 8: sudo_select (big blind) folded before Flop



PokerStars Hand #244090185831: Tournament #3596322763, $9.80+$1.20 USD Hold'em No Limit - Level III (40/80) - 2023/06/04 20:29:04 CET [2023/06/04 14:29:04 ET]
Table '3596322763 546' 8-max Seat #7 is the button
Seat 2: skandsen (10517 in chips) 
Seat 3: Mahu2021 (11824 in chips) 
Seat 4: loartesanal33 (8998 in chips) 
Seat 5: Miss_Britta1978 (20429 in chips) 
Seat 6: hesher02 (12351 in chips) 
Seat 7: illicopresto (12029 in chips) 
Seat 8: sudo_select (20239 in chips) 
skandsen: posts the ante 10
Mahu2021: posts the ante 10
loartesanal33: posts the ante 10
Miss_Britta1978: posts the ante 10
hesher02: posts the ante 10
illicopresto: posts the ante 10
sudo_select: posts the ante 10
sudo_select: posts small blind 40
skandsen: posts big blind 80
*** HOLE CARDS ***
Dealt to Mahu2021 [9h 3d]
Mahu2021: folds 
loartesanal33: folds 
Miss_Britta1978: folds 
roker66 is disconnected 
hesher02: folds 
illicopresto: folds 
sudo_select: folds 
Uncalled bet (40) returned to skandsen
skandsen collected 150 from pot
skandsen: doesn't show hand 
*** SUMMARY ***
Total pot 150 | Rake 0 
Seat 2: skandsen (big blind) collected (150)
Seat 3: Mahu2021 folded before Flop (didn't bet)
Seat 4: loartesanal33 folded before Flop (didn't bet)
Seat 5: Miss_Britta1978 folded before Flop (didn't bet)
Seat 6: hesher02 folded before Flop (didn't bet)
Seat 7: illicopresto (button) folded before Flop (didn't bet)
Seat 8: sudo_select (small blind) folded before Flop



PokerStars Hand #244090195145: Tournament #3596322763, $9.80+$1.20 USD Hold'em No Limit - Level III (40/80) - 2023/06/04 20:29:29 CET [2023/06/04 14:29:29 ET]
Table '3596322763 546' 8-max Seat #8 is the button
Seat 1: roker66 (10000 in chips) out of hand (moved from another table into small blind)
Seat 2: skandsen (10617 in chips) 
Seat 3: Mahu2021 (11814 in chips) 
Seat 4: loartesanal33 (8988 in chips) 
Seat 5: Miss_Britta1978 (20419 in chips) 
Seat 6: hesher02 (12341 in chips) 
Seat 7: illicopresto (12019 in chips) 
Seat 8: sudo_select (20189 in chips) 
roker66 will be allowed to play after the button
skandsen: posts the ante 10
Mahu2021: posts the ante 10
loartesanal33: posts the ante 10
Miss_Britta1978: posts the ante 10
hesher02: posts the ante 10
illicopresto: posts the ante 10
sudo_select: posts the ante 10
skandsen: posts small blind 40
Mahu2021: posts big blind 80
*** HOLE CARDS ***
Dealt to Mahu2021 [8d 6d]
loartesanal33: folds 
Miss_Britta1978: raises 80 to 160
hesher02: folds 
illicopresto: folds 
sudo_select: calls 160
skandsen: folds 
Mahu2021: folds 
*** FLOP *** [5c Kc 9d]
Miss_Britta1978: bets 255
sudo_select: calls 255
*** TURN *** [5c Kc 9d] [7d]
Miss_Britta1978: bets 640
sudo_select: calls 640
*** RIVER *** [5c Kc 9d 7d] [Ts]
Miss_Britta1978: bets 1150
sudo_select: raises 1150 to 2300
Miss_Britta1978: folds 
Uncalled bet (1150) returned to sudo_select
sudo_select collected 4600 from pot
sudo_select: doesn't show hand 
*** SUMMARY ***
Total pot 4600 | Rake 0 
Board [5c Kc 9d 7d Ts]
Seat 2: skandsen (small blind) folded before Flop
Seat 3: Mahu2021 (big blind) folded before Flop
Seat 4: loartesanal33 folded before Flop (didn't bet)
Seat 5: Miss_Britta1978 folded on the River
Seat 6: hesher02 folded before Flop (didn't bet)
Seat 7: illicopresto folded before Flop (didn't bet)
Seat 8: sudo_select (button) collected (4600)



PokerStars Hand #244090232533: Tournament #3596322763, $9.80+$1.20 USD Hold'em No Limit - Level III (40/80) - 2023/06/04 20:31:04 CET [2023/06/04 14:31:04 ET]
Table '3596322763 546' 8-max Seat #2 is the button
Seat 1: roker66 (10000 in chips) 
Seat 2: skandsen (10567 in chips) 
Seat 3: Mahu2021 (11724 in chips) 
Seat 4: loartesanal33 (8978 in chips) 
Seat 5: Miss_Britta1978 (18204 in chips) 
Seat 6: hesher02 (12331 in chips) 
Seat 7: illicopresto (12009 in chips) 
Seat 8: sudo_select (22574 in chips) 
roker66: posts the ante 10
skandsen: posts the ante 10
Mahu2021: posts the ante 10
loartesanal33: posts the ante 10
Miss_Britta1978: posts the ante 10
hesher02: posts the ante 10
illicopresto: posts the ante 10
sudo_select: posts the ante 10
Mahu2021: posts small blind 40
loartesanal33: posts big blind 80
*** HOLE CARDS ***
Dealt to Mahu2021 [5h Ac]
Miss_Britta1978: folds 
hesher02: folds 
illicopresto: raises 80 to 160
sudo_select: folds 
roker66: folds 
skandsen: folds 
Mahu2021: folds 
loartesanal33: folds 
Uncalled bet (80) returned to illicopresto
illicopresto collected 280 from pot
illicopresto: doesn't show hand 
*** SUMMARY ***
Total pot 280 | Rake 0 
Seat 1: roker66 folded before Flop (didn't bet)
Seat 2: skandsen (button) folded before Flop (didn't bet)
Seat 3: Mahu2021 (small blind) folded before Flop
Seat 4: loartesanal33 (big blind) folded before Flop
Seat 5: Miss_Britta1978 folded before Flop (didn't bet)
Seat 6: hesher02 folded before Flop (didn't bet)
Seat 7: illicopresto collected (280)
Seat 8: sudo_select folded before Flop (didn't bet)



PokerStars Hand #244090248329: Tournament #3596322763, $9.80+$1.20 USD Hold'em No Limit - Level III (40/80) - 2023/06/04 20:31:45 CET [2023/06/04 14:31:45 ET]
Table '3596322763 546' 8-max Seat #3 is the button
Seat 1: roker66 (9990 in chips) 
Seat 2: skandsen (10557 in chips) 
Seat 3: Mahu2021 (11674 in chips) 
Seat 4: loartesanal33 (8888 in chips) 
Seat 5: Miss_Britta1978 (18194 in chips) 
Seat 6: hesher02 (12321 in chips) 
Seat 7: illicopresto (12199 in chips) 
Seat 8: sudo_select (22564 in chips) 
roker66: posts the ante 10
skandsen: posts the ante 10
Mahu2021: posts the ante 10
loartesanal33: posts the ante 10
Miss_Britta1978: posts the ante 10
hesher02: posts the ante 10
illicopresto: posts the ante 10
sudo_select: posts the ante 10
loartesanal33: posts small blind 40
Miss_Britta1978: posts big blind 80
*** HOLE CARDS ***
Dealt to Mahu2021 [Qc Tc]
hesher02: folds 
illicopresto: folds 
sudo_select: folds 
roker66: folds 
skandsen: folds 
Mahu2021: raises 80 to 160
loartesanal33: calls 120
Miss_Britta1978: folds 
*** FLOP *** [8c Ah 8s]
loartesanal33: checks 
Mahu2021: checks 
*** TURN *** [8c Ah 8s] [7h]
loartesanal33: checks 
Mahu2021: bets 160
loartesanal33: folds 
Uncalled bet (160) returned to Mahu2021
Mahu2021 collected 480 from pot
Mahu2021: doesn't show hand 
*** SUMMARY ***
Total pot 480 | Rake 0 
Board [8c Ah 8s 7h]
Seat 1: roker66 folded before Flop (didn't bet)
Seat 2: skandsen folded before Flop (didn't bet)
Seat 3: Mahu2021 (button) collected (480)
Seat 4: loartesanal33 (small blind) folded on the Turn
Seat 5: Miss_Britta1978 (big blind) folded before Flop
Seat 6: hesher02 folded before Flop (didn't bet)
Seat 7: illicopresto folded before Flop (didn't bet)
Seat 8: sudo_select folded before Flop (didn't bet)



PokerStars Hand #244090271800: Tournament #3596322763, $9.80+$1.20 USD Hold'em No Limit - Level IV (50/100) - 2023/06/04 20:32:45 CET [2023/06/04 14:32:45 ET]
Table '3596322763 546' 8-max Seat #4 is the button
Seat 1: roker66 (9980 in chips) 
Seat 2: skandsen (10547 in chips) 
Seat 3: Mahu2021 (11984 in chips) 
Seat 4: loartesanal33 (8718 in chips) 
Seat 5: Miss_Britta1978 (18104 in chips) 
Seat 6: hesher02 (12311 in chips) 
Seat 7: illicopresto (12189 in chips) 
Seat 8: sudo_select (22554 in chips) 
roker66: posts the ante 12
skandsen: posts the ante 12
Mahu2021: posts the ante 12
loartesanal33: posts the ante 12
Miss_Britta1978: posts the ante 12
hesher02: posts the ante 12
illicopresto: posts the ante 12
sudo_select: posts the ante 12
Miss_Britta1978: posts small blind 50
hesher02: posts big blind 100
*** HOLE CARDS ***
Dealt to Mahu2021 [Kd 7c]
illicopresto: folds 
sudo_select: folds 
roker66: folds 
skandsen: folds 
Mahu2021: folds 
loartesanal33: raises 150 to 250
Miss_Britta1978: calls 200
hesher02: raises 850 to 1100
loartesanal33: calls 850
Miss_Britta1978: folds 
*** FLOP *** [7h 4h 6c]
hesher02: bets 1200
loartesanal33: calls 1200
*** TURN *** [7h 4h 6c] [Tc]
hesher02: checks 
loartesanal33: checks 
*** RIVER *** [7h 4h 6c Tc] [7s]
hesher02: checks 
loartesanal33: bets 3116
hesher02: folds 
Uncalled bet (3116) returned to loartesanal33
loartesanal33 collected 4946 from pot
loartesanal33: doesn't show hand 
*** SUMMARY ***
Total pot 4946 | Rake 0 
Board [7h 4h 6c Tc 7s]
Seat 1: roker66 folded before Flop (didn't bet)
Seat 2: skandsen folded before Flop (didn't bet)
Seat 3: Mahu2021 folded before Flop (didn't bet)
Seat 4: loartesanal33 (button) collected (4946)
Seat 5: Miss_Britta1978 (small blind) folded before Flop
Seat 6: hesher02 (big blind) folded on the River
Seat 7: illicopresto folded before Flop (didn't bet)
Seat 8: sudo_select folded before Flop (didn't bet)



PokerStars Hand #244090313552: Tournament #3596322763, $9.80+$1.20 USD Hold'em No Limit - Level IV (50/100) - 2023/06/04 20:34:32 CET [2023/06/04 14:34:32 ET]
Table '3596322763 546' 8-max Seat #5 is the button
Seat 1: roker66 (9968 in chips) 
Seat 2: skandsen (10535 in chips) 
Seat 3: Mahu2021 (11972 in chips) 
Seat 4: loartesanal33 (11352 in chips) 
Seat 5: Miss_Britta1978 (17842 in chips) 
Seat 6: hesher02 (9999 in chips) 
Seat 7: illicopresto (12177 in chips) 
Seat 8: sudo_select (22542 in chips) 
roker66: posts the ante 12
skandsen: posts the ante 12
Mahu2021: posts the ante 12
loartesanal33: posts the ante 12
Miss_Britta1978: posts the ante 12
hesher02: posts the ante 12
illicopresto: posts the ante 12
sudo_select: posts the ante 12
hesher02: posts small blind 50
illicopresto: posts big blind 100
*** HOLE CARDS ***
Dealt to Mahu2021 [Ah 7h]
sudo_select: raises 100 to 200
roker66: folds 
skandsen: folds 
Mahu2021: folds 
loartesanal33: folds 
Miss_Britta1978: folds 
hesher02: raises 900 to 1100
illicopresto: folds 
sudo_select: folds 
Uncalled bet (900) returned to hesher02
hesher02 collected 596 from pot
*** SUMMARY ***
Total pot 596 | Rake 0 
Seat 1: roker66 folded before Flop (didn't bet)
Seat 2: skandsen folded before Flop (didn't bet)
Seat 3: Mahu2021 folded before Flop (didn't bet)
Seat 4: loartesanal33 folded before Flop (didn't bet)
Seat 5: Miss_Britta1978 (button) folded before Flop (didn't bet)
Seat 6: hesher02 (small blind) collected (596)
Seat 7: illicopresto (big blind) folded before Flop
Seat 8: sudo_select folded before Flop



PokerStars Hand #244090332715: Tournament #3596322763, $9.80+$1.20 USD Hold'em No Limit - Level IV (50/100) - 2023/06/04 20:35:21 CET [2023/06/04 14:35:21 ET]
Table '3596322763 546' 8-max Seat #6 is the button
Seat 1: roker66 (9956 in chips) 
Seat 2: skandsen (10523 in chips) 
Seat 3: Mahu2021 (11960 in chips) 
Seat 4: loartesanal33 (11340 in chips) 
Seat 5: Miss_Britta1978 (17830 in chips) 
Seat 6: hesher02 (10383 in chips) 
Seat 7: illicopresto (12065 in chips) 
Seat 8: sudo_select (22330 in chips) 
roker66: posts the ante 12
skandsen: posts the ante 12
Mahu2021: posts the ante 12
loartesanal33: posts the ante 12
Miss_Britta1978: posts the ante 12
hesher02: posts the ante 12
illicopresto: posts the ante 12
sudo_select: posts the ante 12
illicopresto: posts small blind 50
sudo_select: posts big blind 100
*** HOLE CARDS ***
Dealt to Mahu2021 [8c 5d]
roker66: folds 
skandsen: folds 
Mahu2021: folds 
loartesanal33: raises 120 to 220
Miss_Britta1978: folds 
hesher02: folds 
illicopresto: raises 480 to 700
sudo_select: folds 
loartesanal33: calls 480
*** FLOP *** [8h 9d As]
illicopresto: bets 463
loartesanal33: calls 463
*** TURN *** [8h 9d As] [Jh]
illicopresto: checks 
loartesanal33: checks 
*** RIVER *** [8h 9d As Jh] [3c]
illicopresto: checks 
loartesanal33: checks 
*** SHOW DOWN ***
illicopresto: shows [Tc Ah] (a pair of Aces)
loartesanal33: mucks hand 
illicopresto collected 2522 from pot
*** SUMMARY ***
Total pot 2522 | Rake 0 
Board [8h 9d As Jh 3c]
Seat 1: roker66 folded before Flop (didn't bet)
Seat 2: skandsen folded before Flop (didn't bet)
Seat 3: Mahu2021 folded before Flop (didn't bet)
Seat 4: loartesanal33 mucked [Qh Qd]
Seat 5: Miss_Britta1978 folded before Flop (didn't bet)
Seat 6: hesher02 (button) folded before Flop (didn't bet)
Seat 7: illicopresto (small blind) showed [Tc Ah] and won (2522) with a pair of Aces
Seat 8: sudo_select (big blind) folded before Flop



PokerStars Hand #244090367033: Tournament #3596322763, $9.80+$1.20 USD Hold'em No Limit - Level IV (50/100) - 2023/06/04 20:36:48 CET [2023/06/04 14:36:48 ET]
Table '3596322763 546' 8-max Seat #7 is the button
Seat 1: roker66 (9944 in chips) 
Seat 2: skandsen (10511 in chips) 
Seat 3: Mahu2021 (11948 in chips) 
Seat 4: loartesanal33 (10165 in chips) 
Seat 5: Miss_Britta1978 (17818 in chips) 
Seat 6: hesher02 (10371 in chips) 
Seat 7: illicopresto (13412 in chips) 
Seat 8: sudo_select (22218 in chips) 
roker66: posts the ante 12
skandsen: posts the ante 12
Mahu2021: posts the ante 12
loartesanal33: posts the ante 12
Miss_Britta1978: posts the ante 12
hesher02: posts the ante 12
illicopresto: posts the ante 12
sudo_select: posts the ante 12
sudo_select: posts small blind 50
roker66: posts big blind 100
*** HOLE CARDS ***
Dealt to Mahu2021 [3s Qd]
skandsen: folds 
Mahu2021: folds 
loartesanal33: folds 
Miss_Britta1978: raises 100 to 200
hesher02: raises 400 to 600
illicopresto: folds 
sudo_select: folds 
roker66: calls 500
Miss_Britta1978: folds 
*** FLOP *** [9d 4h Qc]
roker66: checks 
hesher02: bets 1020
roker66: folds 
Uncalled bet (1020) returned to hesher02
hesher02 collected 1546 from pot
*** SUMMARY ***
Total pot 1546 | Rake 0 
Board [9d 4h Qc]
Seat 1: roker66 (big blind) folded on the Flop
Seat 2: skandsen folded before Flop (didn't bet)
Seat 3: Mahu2021 folded before Flop (didn't bet)
Seat 4: loartesanal33 folded before Flop (didn't bet)
Seat 5: Miss_Britta1978 folded before Flop
Seat 6: hesher02 collected (1546)
Seat 7: illicopresto (button) folded before Flop (didn't bet)
Seat 8: sudo_select (small blind) folded before Flop



PokerStars Hand #244090389829: Tournament #3596322763, $9.80+$1.20 USD Hold'em No Limit - Level IV (50/100) - 2023/06/04 20:37:46 CET [2023/06/04 14:37:46 ET]
Table '3596322763 546' 8-max Seat #8 is the button
Seat 1: roker66 (9332 in chips) 
Seat 2: skandsen (10499 in chips) 
Seat 3: Mahu2021 (11936 in chips) 
Seat 4: loartesanal33 (10153 in chips) 
Seat 5: Miss_Britta1978 (17606 in chips) 
Seat 6: hesher02 (11305 in chips) 
Seat 7: illicopresto (13400 in chips) 
Seat 8: sudo_select (22156 in chips) 
roker66: posts the ante 12
skandsen: posts the ante 12
Mahu2021: posts the ante 12
loartesanal33: posts the ante 12
Miss_Britta1978: posts the ante 12
hesher02: posts the ante 12
illicopresto: posts the ante 12
sudo_select: posts the ante 12
roker66: posts small blind 50
skandsen: posts big blind 100
*** HOLE CARDS ***
Dealt to Mahu2021 [8c Ac]
Mahu2021: calls 100
loartesanal33: calls 100
Miss_Britta1978: folds 
hesher02: folds 
illicopresto: calls 100
sudo_select: raises 1100 to 1200
roker66: folds 
skandsen: folds 
Mahu2021: folds 
loartesanal33: calls 1100
illicopresto: folds 
*** FLOP *** [6d Th 6s]
loartesanal33: checks 
sudo_select: bets 1300
loartesanal33: raises 7641 to 8941 and is all-in
sudo_select: calls 7641
*** TURN *** [6d Th 6s] [8s]
*** RIVER *** [6d Th 6s 8s] [As]
*** SHOW DOWN ***
loartesanal33: shows [7c 7h] (two pair, Sevens and Sixes)
sudo_select: shows [Qh Qc] (two pair, Queens and Sixes)
sudo_select collected 20728 from pot
loartesanal33 finished the tournament
*** SUMMARY ***
Total pot 20728 | Rake 0 
Board [6d Th 6s 8s As]
Seat 1: roker66 (small blind) folded before Flop
Seat 2: skandsen (big blind) folded before Flop
Seat 3: Mahu2021 folded before Flop
Seat 4: loartesanal33 showed [7c 7h] and lost with two pair, Sevens and Sixes
Seat 5: Miss_Britta1978 folded before Flop (didn't bet)
Seat 6: hesher02 folded before Flop (didn't bet)
Seat 7: illicopresto folded before Flop
Seat 8: sudo_select (button) showed [Qh Qc] and won (20728) with two pair, Queens and Sixes



PokerStars Hand #244090428896: Tournament #3596322763, $9.80+$1.20 USD Hold'em No Limit - Level IV (50/100) - 2023/06/04 20:39:25 CET [2023/06/04 14:39:25 ET]
Table '3596322763 546' 8-max Seat #1 is the button
Seat 1: roker66 (9270 in chips) 
Seat 2: skandsen (10387 in chips) 
Seat 3: Mahu2021 (11824 in chips) 
Seat 5: Miss_Britta1978 (17594 in chips) 
Seat 6: hesher02 (11293 in chips) 
Seat 7: illicopresto (13288 in chips) 
Seat 8: sudo_select (32731 in chips) 
roker66: posts the ante 12
skandsen: posts the ante 12
Mahu2021: posts the ante 12
Miss_Britta1978: posts the ante 12
hesher02: posts the ante 12
illicopresto: posts the ante 12
sudo_select: posts the ante 12
skandsen: posts small blind 50
Mahu2021: posts big blind 100
*** HOLE CARDS ***
Dealt to Mahu2021 [6h 9d]
peterc1997 is disconnected 
Miss_Britta1978: raises 200 to 300
hesher02: folds 
illicopresto: calls 300
sudo_select: folds 
roker66: folds 
skandsen: folds 
Mahu2021: folds 
*** FLOP *** [7h 5h 2d]
Miss_Britta1978: bets 417
illicopresto: calls 417
*** TURN *** [7h 5h 2d] [6d]
Miss_Britta1978: bets 900
illicopresto: calls 900
*** RIVER *** [7h 5h 2d 6d] [Ks]
Miss_Britta1978: bets 1734
illicopresto: folds 
Uncalled bet (1734) returned to Miss_Britta1978
Miss_Britta1978 collected 3468 from pot
*** SUMMARY ***
Total pot 3468 | Rake 0 
Board [7h 5h 2d 6d Ks]
Seat 1: roker66 (button) folded before Flop (didn't bet)
Seat 2: skandsen (small blind) folded before Flop
Seat 3: Mahu2021 (big blind) folded before Flop
Seat 5: Miss_Britta1978 collected (3468)
Seat 6: hesher02 folded before Flop (didn't bet)
Seat 7: illicopresto folded on the River
Seat 8: sudo_select folded before Flop (didn't bet)



PokerStars Hand #244090460603: Tournament #3596322763, $9.80+$1.20 USD Hold'em No Limit - Level IV (50/100) - 2023/06/04 20:40:45 CET [2023/06/04 14:40:45 ET]
Table '3596322763 546' 8-max Seat #2 is the button
Seat 1: roker66 (9258 in chips) 
Seat 2: skandsen (10325 in chips) 
Seat 3: Mahu2021 (11712 in chips) 
Seat 4: peterc1997 (10000 in chips) 
Seat 5: Miss_Britta1978 (19433 in chips) 
Seat 6: hesher02 (11281 in chips) 
Seat 7: illicopresto (11659 in chips) 
Seat 8: sudo_select (32719 in chips) 
roker66: posts the ante 12
skandsen: posts the ante 12
Mahu2021: posts the ante 12
peterc1997: posts the ante 12
Miss_Britta1978: posts the ante 12
hesher02: posts the ante 12
illicopresto: posts the ante 12
sudo_select: posts the ante 12
Mahu2021: posts small blind 50
peterc1997: posts big blind 100
*** HOLE CARDS ***
Dealt to Mahu2021 [4s 4h]
Miss_Britta1978: folds 
hesher02: folds 
illicopresto: folds 
sudo_select: folds 
roker66: folds 
skandsen: folds 
Mahu2021: raises 200 to 300
peterc1997: raises 200 to 500
Mahu2021: calls 200
*** FLOP *** [9s Js Jd]
Mahu2021: checks 
peterc1997: bets 200
Mahu2021: calls 200
*** TURN *** [9s Js Jd] [Th]
Mahu2021: checks 
peterc1997: bets 500
Mahu2021: calls 500
*** RIVER *** [9s Js Jd Th] [2c]
Mahu2021: checks 
peterc1997: checks 
*** SHOW DOWN ***
Mahu2021: shows [4s 4h] (two pair, Jacks and Fours)
peterc1997: shows [6d 6c] (two pair, Jacks and Sixes)
peterc1997 collected 2496 from pot
*** SUMMARY ***
Total pot 2496 | Rake 0 
Board [9s Js Jd Th 2c]
Seat 1: roker66 folded before Flop (didn't bet)
Seat 2: skandsen (button) folded before Flop (didn't bet)
Seat 3: Mahu2021 (small blind) showed [4s 4h] and lost with two pair, Jacks and Fours
Seat 4: peterc1997 (big blind) showed [6d 6c] and won (2496) with two pair, Jacks and Sixes
Seat 5: Miss_Britta1978 folded before Flop (didn't bet)
Seat 6: hesher02 folded before Flop (didn't bet)
Seat 7: illicopresto folded before Flop (didn't bet)
Seat 8: sudo_select folded before Flop (didn't bet)



PokerStars Hand #244090480916: Tournament #3596322763, $9.80+$1.20 USD Hold'em No Limit - Level IV (50/100) - 2023/06/04 20:41:36 CET [2023/06/04 14:41:36 ET]
Table '3596322763 546' 8-max Seat #3 is the button
Seat 1: roker66 (9246 in chips) 
Seat 2: skandsen (10313 in chips) 
Seat 3: Mahu2021 (10500 in chips) 
Seat 4: peterc1997 (11284 in chips) 
Seat 5: Miss_Britta1978 (19421 in chips) 
Seat 6: hesher02 (11269 in chips) 
Seat 7: illicopresto (11647 in chips) 
Seat 8: sudo_select (32707 in chips) 
roker66: posts the ante 12
skandsen: posts the ante 12
Mahu2021: posts the ante 12
peterc1997: posts the ante 12
Miss_Britta1978: posts the ante 12
hesher02: posts the ante 12
illicopresto: posts the ante 12
sudo_select: posts the ante 12
peterc1997: posts small blind 50
Miss_Britta1978: posts big blind 100
*** HOLE CARDS ***
Dealt to Mahu2021 [2c Jd]
hesher02: folds 
illicopresto: raises 100 to 200
sudo_select: folds 
roker66: folds 
skandsen: folds 
Mahu2021: folds 
peterc1997: calls 150
Miss_Britta1978: raises 500 to 700
illicopresto: calls 500
peterc1997: calls 500
*** FLOP *** [3c 6d 9s]
peterc1997: bets 400
Miss_Britta1978: calls 400
illicopresto: calls 400
*** TURN *** [3c 6d 9s] [Ah]
peterc1997: checks 
Miss_Britta1978: bets 1700
illicopresto: folds 
peterc1997: folds 
Uncalled bet (1700) returned to Miss_Britta1978
Miss_Britta1978 collected 3396 from pot
*** SUMMARY ***
Total pot 3396 | Rake 0 
Board [3c 6d 9s Ah]
Seat 1: roker66 folded before Flop (didn't bet)
Seat 2: skandsen folded before Flop (didn't bet)
Seat 3: Mahu2021 (button) folded before Flop (didn't bet)
Seat 4: peterc1997 (small blind) folded on the Turn
Seat 5: Miss_Britta1978 (big blind) collected (3396)
Seat 6: hesher02 folded before Flop (didn't bet)
Seat 7: illicopresto folded on the Turn
Seat 8: sudo_select folded before Flop (didn't bet)



PokerStars Hand #244090511059: Tournament #3596322763, $9.80+$1.20 USD Hold'em No Limit - Level V (60/120) - 2023/06/04 20:42:52 CET [2023/06/04 14:42:52 ET]
Table '3596322763 546' 8-max Seat #4 is the button
Seat 1: roker66 (9234 in chips) 
Seat 2: skandsen (10301 in chips) 
Seat 3: Mahu2021 (10488 in chips) 
Seat 4: peterc1997 (10172 in chips) 
Seat 5: Miss_Britta1978 (21705 in chips) 
Seat 6: hesher02 (11257 in chips) 
Seat 7: illicopresto (10535 in chips) 
Seat 8: sudo_select (32695 in chips) 
roker66: posts the ante 16
skandsen: posts the ante 16
Mahu2021: posts the ante 16
peterc1997: posts the ante 16
Miss_Britta1978: posts the ante 16
hesher02: posts the ante 16
illicopresto: posts the ante 16
sudo_select: posts the ante 16
Miss_Britta1978: posts small blind 60
hesher02: posts big blind 120
*** HOLE CARDS ***
Dealt to Mahu2021 [Kc 9s]
illicopresto: folds 
sudo_select: folds 
roker66: folds 
skandsen: folds 
Mahu2021: folds 
peterc1997: calls 120
Miss_Britta1978: calls 60
hesher02: checks 
*** FLOP *** [Ah 3h 2c]
Miss_Britta1978: checks 
hesher02: bets 322
peterc1997: calls 322
Miss_Britta1978: folds 
*** TURN *** [Ah 3h 2c] [5s]
hesher02: bets 747
peterc1997: calls 747
*** RIVER *** [Ah 3h 2c 5s] [Ts]
hesher02: checks 
peterc1997: bets 3000
hesher02: folds 
Uncalled bet (3000) returned to peterc1997
peterc1997 collected 2626 from pot
*** SUMMARY ***
Total pot 2626 | Rake 0 
Board [Ah 3h 2c 5s Ts]
Seat 1: roker66 folded before Flop (didn't bet)
Seat 2: skandsen folded before Flop (didn't bet)
Seat 3: Mahu2021 folded before Flop (didn't bet)
Seat 4: peterc1997 (button) collected (2626)
Seat 5: Miss_Britta1978 (small blind) folded on the Flop
Seat 6: hesher02 (big blind) folded on the River
Seat 7: illicopresto folded before Flop (didn't bet)
Seat 8: sudo_select folded before Flop (didn't bet)



PokerStars Hand #244090544798: Tournament #3596322763, $9.80+$1.20 USD Hold'em No Limit - Level V (60/120) - 2023/06/04 20:44:17 CET [2023/06/04 14:44:17 ET]
Table '3596322763 546' 8-max Seat #5 is the button
Seat 1: roker66 (9218 in chips) 
Seat 2: skandsen (10285 in chips) 
Seat 3: Mahu2021 (10472 in chips) 
Seat 4: peterc1997 (11593 in chips) 
Seat 5: Miss_Britta1978 (21569 in chips) 
Seat 6: hesher02 (10052 in chips) 
Seat 7: illicopresto (10519 in chips) 
Seat 8: sudo_select (32679 in chips) 
roker66: posts the ante 16
skandsen: posts the ante 16
Mahu2021: posts the ante 16
peterc1997: posts the ante 16
Miss_Britta1978: posts the ante 16
hesher02: posts the ante 16
illicopresto: posts the ante 16
sudo_select: posts the ante 16
hesher02: posts small blind 60
illicopresto: posts big blind 120
*** HOLE CARDS ***
Dealt to Mahu2021 [Jc 7s]
sudo_select: raises 120 to 240
roker66: folds 
skandsen: folds 
Mahu2021: folds 
peterc1997: calls 240
Miss_Britta1978: folds 
hesher02: folds 
illicopresto: folds 
*** FLOP *** [3s 9h 7d]
sudo_select: checks 
peterc1997: checks 
*** TURN *** [3s 9h 7d] [Th]
sudo_select: checks 
peterc1997: bets 120
sudo_select: calls 120
*** RIVER *** [3s 9h 7d Th] [Qs]
sudo_select: checks 
peterc1997: checks 
*** SHOW DOWN ***
sudo_select: shows [Qd Ac] (a pair of Queens)
peterc1997: mucks hand 
sudo_select collected 1028 from pot
*** SUMMARY ***
Total pot 1028 | Rake 0 
Board [3s 9h 7d Th Qs]
Seat 1: roker66 folded before Flop (didn't bet)
Seat 2: skandsen folded before Flop (didn't bet)
Seat 3: Mahu2021 folded before Flop (didn't bet)
Seat 4: peterc1997 mucked [6d 5d]
Seat 5: Miss_Britta1978 (button) folded before Flop (didn't bet)
Seat 6: hesher02 (small blind) folded before Flop
Seat 7: illicopresto (big blind) folded before Flop
Seat 8: sudo_select showed [Qd Ac] and won (1028) with a pair of Queens



PokerStars Hand #244090563685: Tournament #3596322763, $9.80+$1.20 USD Hold'em No Limit - Level V (60/120) - 2023/06/04 20:45:04 CET [2023/06/04 14:45:04 ET]
Table '3596322763 546' 8-max Seat #6 is the button
Seat 1: roker66 (9202 in chips) 
Seat 2: skandsen (10269 in chips) 
Seat 3: Mahu2021 (10456 in chips) 
Seat 4: peterc1997 (11217 in chips) 
Seat 5: Miss_Britta1978 (21553 in chips) 
Seat 6: hesher02 (9976 in chips) 
Seat 7: illicopresto (10383 in chips) 
Seat 8: sudo_select (33331 in chips) 
roker66: posts the ante 16
skandsen: posts the ante 16
Mahu2021: posts the ante 16
peterc1997: posts the ante 16
Miss_Britta1978: posts the ante 16
hesher02: posts the ante 16
illicopresto: posts the ante 16
sudo_select: posts the ante 16
illicopresto: posts small blind 60
sudo_select: posts big blind 120
*** HOLE CARDS ***
Dealt to Mahu2021 [5d 6h]
roker66: folds 
skandsen: folds 
Mahu2021: folds 
peterc1997: calls 120
Miss_Britta1978: folds 
hesher02: folds 
illicopresto: calls 60
sudo_select: checks 
*** FLOP *** [Ts 7h 3s]
illicopresto: bets 342
sudo_select: folds 
peterc1997: folds 
Uncalled bet (342) returned to illicopresto
illicopresto collected 488 from pot
illicopresto: doesn't show hand 
*** SUMMARY ***
Total pot 488 | Rake 0 
Board [Ts 7h 3s]
Seat 1: roker66 folded before Flop (didn't bet)
Seat 2: skandsen folded before Flop (didn't bet)
Seat 3: Mahu2021 folded before Flop (didn't bet)
Seat 4: peterc1997 folded on the Flop
Seat 5: Miss_Britta1978 folded before Flop (didn't bet)
Seat 6: hesher02 (button) folded before Flop (didn't bet)
Seat 7: illicopresto (small blind) collected (488)
Seat 8: sudo_select (big blind) folded on the Flop



PokerStars Hand #244090580274: Tournament #3596322763, $9.80+$1.20 USD Hold'em No Limit - Level V (60/120) - 2023/06/04 20:45:45 CET [2023/06/04 14:45:45 ET]
Table '3596322763 546' 8-max Seat #7 is the button
Seat 1: roker66 (9186 in chips) 
Seat 2: skandsen (10253 in chips) 
Seat 3: Mahu2021 (10440 in chips) 
Seat 4: peterc1997 (11081 in chips) 
Seat 5: Miss_Britta1978 (21537 in chips) 
Seat 6: hesher02 (9960 in chips) 
Seat 7: illicopresto (10735 in chips) 
Seat 8: sudo_select (33195 in chips) 
roker66: posts the ante 16
skandsen: posts the ante 16
Mahu2021: posts the ante 16
peterc1997: posts the ante 16
Miss_Britta1978: posts the ante 16
hesher02: posts the ante 16
illicopresto: posts the ante 16
sudo_select: posts the ante 16
sudo_select: posts small blind 60
roker66: posts big blind 120
*** HOLE CARDS ***
Dealt to Mahu2021 [3s 7h]
skandsen: folds 
Mahu2021: folds 
peterc1997: calls 120
Miss_Britta1978: folds 
hesher02: raises 360 to 480
illicopresto: raises 840 to 1320
sudo_select: folds 
roker66: folds 
peterc1997: folds 
hesher02: folds 
Uncalled bet (840) returned to illicopresto
illicopresto collected 1388 from pot
illicopresto: doesn't show hand 
*** SUMMARY ***
Total pot 1388 | Rake 0 
Seat 1: roker66 (big blind) folded before Flop
Seat 2: skandsen folded before Flop (didn't bet)
Seat 3: Mahu2021 folded before Flop (didn't bet)
Seat 4: peterc1997 folded before Flop
Seat 5: Miss_Britta1978 folded before Flop (didn't bet)
Seat 6: hesher02 folded before Flop
Seat 7: illicopresto (button) collected (1388)
Seat 8: sudo_select (small blind) folded before Flop



PokerStars Hand #244090596229: Tournament #3596322763, $9.80+$1.20 USD Hold'em No Limit - Level V (60/120) - 2023/06/04 20:46:26 CET [2023/06/04 14:46:26 ET]
Table '3596322763 546' 8-max Seat #8 is the button
Seat 1: roker66 (9050 in chips) 
Seat 2: skandsen (10237 in chips) 
Seat 3: Mahu2021 (10424 in chips) 
Seat 4: peterc1997 (10945 in chips) 
Seat 5: Miss_Britta1978 (21521 in chips) 
Seat 6: hesher02 (9464 in chips) 
Seat 7: illicopresto (11627 in chips) 
Seat 8: sudo_select (33119 in chips) 
roker66: posts the ante 16
skandsen: posts the ante 16
Mahu2021: posts the ante 16
peterc1997: posts the ante 16
Miss_Britta1978: posts the ante 16
hesher02: posts the ante 16
illicopresto: posts the ante 16
sudo_select: posts the ante 16
roker66: posts small blind 60
skandsen: posts big blind 120
*** HOLE CARDS ***
Dealt to Mahu2021 [Qd 3h]
Mahu2021: folds 
peterc1997: calls 120
Miss_Britta1978: folds 
hesher02: folds 
illicopresto: folds 
sudo_select: folds 
roker66: calls 60
skandsen: checks 
*** FLOP *** [Ad 5h 5d]
roker66: bets 259
skandsen: folds 
peterc1997: folds 
Uncalled bet (259) returned to roker66
roker66 collected 488 from pot
*** SUMMARY ***
Total pot 488 | Rake 0 
Board [Ad 5h 5d]
Seat 1: roker66 (small blind) collected (488)
Seat 2: skandsen (big blind) folded on the Flop
Seat 3: Mahu2021 folded before Flop (didn't bet)
Seat 4: peterc1997 folded on the Flop
Seat 5: Miss_Britta1978 folded before Flop (didn't bet)
Seat 6: hesher02 folded before Flop (didn't bet)
Seat 7: illicopresto folded before Flop (didn't bet)
Seat 8: sudo_select (button) folded before Flop (didn't bet)



PokerStars Hand #244090614204: Tournament #3596322763, $9.80+$1.20 USD Hold'em No Limit - Level V (60/120) - 2023/06/04 20:47:11 CET [2023/06/04 14:47:11 ET]
Table '3596322763 546' 8-max Seat #1 is the button
Seat 1: roker66 (9402 in chips) 
Seat 2: skandsen (10101 in chips) 
Seat 3: Mahu2021 (10408 in chips) 
Seat 4: peterc1997 (10809 in chips) 
Seat 5: Miss_Britta1978 (21505 in chips) 
Seat 6: hesher02 (9448 in chips) 
Seat 7: illicopresto (11611 in chips) 
Seat 8: sudo_select (33103 in chips) 
roker66: posts the ante 16
skandsen: posts the ante 16
Mahu2021: posts the ante 16
peterc1997: posts the ante 16
Miss_Britta1978: posts the ante 16
hesher02: posts the ante 16
illicopresto: posts the ante 16
sudo_select: posts the ante 16
skandsen: posts small blind 60
Mahu2021: posts big blind 120
*** HOLE CARDS ***
Dealt to Mahu2021 [Jh 8s]
peterc1997: calls 120
Miss_Britta1978: raises 240 to 360
hesher02: folds 
illicopresto: folds 
sudo_select: folds 
roker66: folds 
skandsen: folds 
Mahu2021: folds 
peterc1997: calls 240
*** FLOP *** [Kd 9h 4s]
peterc1997: bets 120
Miss_Britta1978: calls 120
*** TURN *** [Kd 9h 4s] [3s]
peterc1997: checks 
Miss_Britta1978: checks 
*** RIVER *** [Kd 9h 4s 3s] [7h]
peterc1997: checks 
Miss_Britta1978: checks 
*** SHOW DOWN ***
peterc1997: shows [6s 6c] (a pair of Sixes)
Miss_Britta1978: shows [8d 8h] (a pair of Eights)
Miss_Britta1978 collected 1268 from pot
*** SUMMARY ***
Total pot 1268 | Rake 0 
Board [Kd 9h 4s 3s 7h]
Seat 1: roker66 (button) folded before Flop (didn't bet)
Seat 2: skandsen (small blind) folded before Flop
Seat 3: Mahu2021 (big blind) folded before Flop
Seat 4: peterc1997 showed [6s 6c] and lost with a pair of Sixes
Seat 5: Miss_Britta1978 showed [8d 8h] and won (1268) with a pair of Eights
Seat 6: hesher02 folded before Flop (didn't bet)
Seat 7: illicopresto folded before Flop (didn't bet)
Seat 8: sudo_select folded before Flop (didn't bet)



PokerStars Hand #244090637859: Tournament #3596322763, $9.80+$1.20 USD Hold'em No Limit - Level V (60/120) - 2023/06/04 20:48:10 CET [2023/06/04 14:48:10 ET]
Table '3596322763 546' 8-max Seat #2 is the button
Seat 1: roker66 (9386 in chips) 
Seat 2: skandsen (10025 in chips) 
Seat 3: Mahu2021 (10272 in chips) 
Seat 4: peterc1997 (10313 in chips) 
Seat 5: Miss_Britta1978 (22277 in chips) 
Seat 6: hesher02 (9432 in chips) 
Seat 7: illicopresto (11595 in chips) 
Seat 8: sudo_select (33087 in chips) 
roker66: posts the ante 16
skandsen: posts the ante 16
Mahu2021: posts the ante 16
peterc1997: posts the ante 16
Miss_Britta1978: posts the ante 16
hesher02: posts the ante 16
illicopresto: posts the ante 16
sudo_select: posts the ante 16
Mahu2021: posts small blind 60
peterc1997: posts big blind 120
*** HOLE CARDS ***
Dealt to Mahu2021 [Ts Ks]
Miss_Britta1978: raises 360 to 480
hesher02: folds 
illicopresto: folds 
sudo_select: folds 
roker66: folds 
skandsen: folds 
Mahu2021: calls 420
peterc1997: folds 
*** FLOP *** [As 7h 5c]
Mahu2021: checks 
Miss_Britta1978: bets 604
Mahu2021: folds 
Uncalled bet (604) returned to Miss_Britta1978
Miss_Britta1978 collected 1208 from pot
*** SUMMARY ***
Total pot 1208 | Rake 0 
Board [As 7h 5c]
Seat 1: roker66 folded before Flop (didn't bet)
Seat 2: skandsen (button) folded before Flop (didn't bet)
Seat 3: Mahu2021 (small blind) folded on the Flop
Seat 4: peterc1997 (big blind) folded before Flop
Seat 5: Miss_Britta1978 collected (1208)
Seat 6: hesher02 folded before Flop (didn't bet)
Seat 7: illicopresto folded before Flop (didn't bet)
Seat 8: sudo_select folded before Flop (didn't bet)



PokerStars Hand #244090658191: Tournament #3596322763, $9.80+$1.20 USD Hold'em No Limit - Level V (60/120) - 2023/06/04 20:49:02 CET [2023/06/04 14:49:02 ET]
Table '3596322763 546' 8-max Seat #3 is the button
Seat 1: roker66 (9370 in chips) 
Seat 2: skandsen (10009 in chips) 
Seat 3: Mahu2021 (9776 in chips) 
Seat 4: peterc1997 (10177 in chips) 
Seat 5: Miss_Britta1978 (22989 in chips) 
Seat 6: hesher02 (9416 in chips) 
Seat 7: illicopresto (11579 in chips) 
Seat 8: sudo_select (33071 in chips) 
roker66: posts the ante 16
skandsen: posts the ante 16
Mahu2021: posts the ante 16
peterc1997: posts the ante 16
Miss_Britta1978: posts the ante 16
hesher02: posts the ante 16
illicopresto: posts the ante 16
sudo_select: posts the ante 16
peterc1997: posts small blind 60
Miss_Britta1978: posts big blind 120
*** HOLE CARDS ***
Dealt to Mahu2021 [2s Ah]
hesher02: raises 120 to 240
illicopresto: folds 
sudo_select: folds 
roker66: folds 
skandsen: calls 240
Mahu2021: folds 
peterc1997: folds 
Miss_Britta1978: calls 120
*** FLOP *** [Th 7c 5h]
Miss_Britta1978: checks 
hesher02: checks 
skandsen: checks 
*** TURN *** [Th 7c 5h] [8s]
Miss_Britta1978: checks 
hesher02: bets 360
skandsen: folds 
Miss_Britta1978: calls 360
*** RIVER *** [Th 7c 5h 8s] [3c]
Miss_Britta1978: checks 
hesher02: checks 
*** SHOW DOWN ***
Miss_Britta1978: shows [Kc 8h] (a pair of Eights)
hesher02: mucks hand 
Miss_Britta1978 collected 1628 from pot
*** SUMMARY ***
Total pot 1628 | Rake 0 
Board [Th 7c 5h 8s 3c]
Seat 1: roker66 folded before Flop (didn't bet)
Seat 2: skandsen folded on the Turn
Seat 3: Mahu2021 (button) folded before Flop (didn't bet)
Seat 4: peterc1997 (small blind) folded before Flop
Seat 5: Miss_Britta1978 (big blind) showed [Kc 8h] and won (1628) with a pair of Eights
Seat 6: hesher02 mucked [5c Ac]
Seat 7: illicopresto folded before Flop (didn't bet)
Seat 8: sudo_select folded before Flop (didn't bet)



PokerStars Hand #244090699121: Tournament #3596322763, $9.80+$1.20 USD Hold'em No Limit - Level V (60/120) - 2023/06/04 20:50:45 CET [2023/06/04 14:50:45 ET]
Table '3596322763 546' 8-max Seat #4 is the button
Seat 1: roker66 (9354 in chips) 
Seat 2: skandsen (9753 in chips) 
Seat 3: Mahu2021 (9760 in chips) 
Seat 4: peterc1997 (10101 in chips) 
Seat 5: Miss_Britta1978 (24001 in chips) 
Seat 6: hesher02 (8800 in chips) 
Seat 7: illicopresto (11563 in chips) 
Seat 8: sudo_select (33055 in chips) 
roker66: posts the ante 16
skandsen: posts the ante 16
Mahu2021: posts the ante 16
peterc1997: posts the ante 16
Miss_Britta1978: posts the ante 16
hesher02: posts the ante 16
illicopresto: posts the ante 16
sudo_select: posts the ante 16
Miss_Britta1978: posts small blind 60
hesher02: posts big blind 120
*** HOLE CARDS ***
Dealt to Mahu2021 [6c 8d]
illicopresto: raises 120 to 240
sudo_select: folds 
roker66: folds 
skandsen: folds 
Mahu2021: folds 
peterc1997: calls 240
Miss_Britta1978: raises 360 to 600
hesher02: folds 
illicopresto: calls 360
peterc1997: calls 360
*** FLOP *** [2h 5c Tc]
Miss_Britta1978: bets 1024
illicopresto: folds 
peterc1997: calls 1024
*** TURN *** [2h 5c Tc] [Qh]
Miss_Britta1978: bets 2280
peterc1997: folds 
Uncalled bet (2280) returned to Miss_Britta1978
Miss_Britta1978 collected 4096 from pot
*** SUMMARY ***
Total pot 4096 | Rake 0 
Board [2h 5c Tc Qh]
Seat 1: roker66 folded before Flop (didn't bet)
Seat 2: skandsen folded before Flop (didn't bet)
Seat 3: Mahu2021 folded before Flop (didn't bet)
Seat 4: peterc1997 (button) folded on the Turn
Seat 5: Miss_Britta1978 (small blind) collected (4096)
Seat 6: hesher02 (big blind) folded before Flop
Seat 7: illicopresto folded on the Flop
Seat 8: sudo_select folded before Flop (didn't bet)



PokerStars Hand #244090725682: Tournament #3596322763, $9.80+$1.20 USD Hold'em No Limit - Level V (60/120) - 2023/06/04 20:51:53 CET [2023/06/04 14:51:53 ET]
Table '3596322763 546' 8-max Seat #5 is the button
Seat 1: roker66 (9338 in chips) 
Seat 2: skandsen (9737 in chips) 
Seat 3: Mahu2021 (9744 in chips) 
Seat 4: peterc1997 (8461 in chips) 
Seat 5: Miss_Britta1978 (26457 in chips) 
Seat 6: hesher02 (8664 in chips) 
Seat 7: illicopresto (10947 in chips) 
Seat 8: sudo_select (33039 in chips) 
roker66: posts the ante 16
skandsen: posts the ante 16
Mahu2021: posts the ante 16
peterc1997: posts the ante 16
Miss_Britta1978: posts the ante 16
hesher02: posts the ante 16
illicopresto: posts the ante 16
sudo_select: posts the ante 16
hesher02: posts small blind 60
illicopresto: posts big blind 120
*** HOLE CARDS ***
Dealt to Mahu2021 [2c 7d]
sudo_select: folds 
roker66: folds 
skandsen: folds 
Mahu2021: folds 
peterc1997: calls 120
Miss_Britta1978: calls 120
hesher02: raises 480 to 600
illicopresto: calls 480
peterc1997: calls 480
Miss_Britta1978: folds 
*** FLOP *** [6s 5h Tc]
hesher02: checks 
illicopresto: checks 
peterc1997: checks 
*** TURN *** [6s 5h Tc] [2s]
hesher02: bets 960
illicopresto: raises 1200 to 2160
peterc1997: folds 
hesher02: folds 
Uncalled bet (1200) returned to illicopresto
illicopresto collected 3968 from pot
illicopresto: doesn't show hand 
*** SUMMARY ***
Total pot 3968 | Rake 0 
Board [6s 5h Tc 2s]
Seat 1: roker66 folded before Flop (didn't bet)
Seat 2: skandsen folded before Flop (didn't bet)
Seat 3: Mahu2021 folded before Flop (didn't bet)
Seat 4: peterc1997 folded on the Turn
Seat 5: Miss_Britta1978 (button) folded before Flop
Seat 6: hesher02 (small blind) folded on the Turn
Seat 7: illicopresto (big blind) collected (3968)
Seat 8: sudo_select folded before Flop (didn't bet)



PokerStars Hand #244090758379: Tournament #3596322763, $9.80+$1.20 USD Hold'em No Limit - Level VI (80/160) - 2023/06/04 20:53:17 CET [2023/06/04 14:53:17 ET]
Table '3596322763 546' 8-max Seat #6 is the button
Seat 1: roker66 (9322 in chips) 
Seat 2: skandsen (9721 in chips) 
Seat 3: Mahu2021 (9728 in chips) 
Seat 4: peterc1997 (7845 in chips) 
Seat 5: Miss_Britta1978 (26321 in chips) 
Seat 6: hesher02 (7088 in chips) 
Seat 7: illicopresto (13339 in chips) 
Seat 8: sudo_select (33023 in chips) 
roker66: posts the ante 20
skandsen: posts the ante 20
Mahu2021: posts the ante 20
peterc1997: posts the ante 20
Miss_Britta1978: posts the ante 20
hesher02: posts the ante 20
illicopresto: posts the ante 20
sudo_select: posts the ante 20
illicopresto: posts small blind 80
sudo_select: posts big blind 160
*** HOLE CARDS ***
Dealt to Mahu2021 [Kh Th]
roker66: folds 
skandsen: folds 
Mahu2021: raises 160 to 320
peterc1997: calls 320
Miss_Britta1978: folds 
hesher02: folds 
illicopresto: folds 
sudo_select: folds 
*** FLOP *** [9h Kc As]
Mahu2021: checks 
peterc1997: bets 320
Mahu2021: calls 320
*** TURN *** [9h Kc As] [Tc]
Mahu2021: checks 
peterc1997: bets 480
Mahu2021: calls 480
*** RIVER *** [9h Kc As Tc] [7d]
Mahu2021: checks 
peterc1997: bets 6705 and is all-in
Mahu2021: calls 6705
*** SHOW DOWN ***
peterc1997: shows [Jh Qs] (a straight, Ten to Ace)
Mahu2021: shows [Kh Th] (two pair, Kings and Tens)
peterc1997 collected 16050 from pot
*** SUMMARY ***
Total pot 16050 | Rake 0 
Board [9h Kc As Tc 7d]
Seat 1: roker66 folded before Flop (didn't bet)
Seat 2: skandsen folded before Flop (didn't bet)
Seat 3: Mahu2021 showed [Kh Th] and lost with two pair, Kings and Tens
Seat 4: peterc1997 showed [Jh Qs] and won (16050) with a straight, Ten to Ace
Seat 5: Miss_Britta1978 folded before Flop (didn't bet)
Seat 6: hesher02 (button) folded before Flop (didn't bet)
Seat 7: illicopresto (small blind) folded before Flop
Seat 8: sudo_select (big blind) folded before Flop



PokerStars Hand #244090773605: Tournament #3596322763, $9.80+$1.20 USD Hold'em No Limit - Level VI (80/160) - 2023/06/04 20:53:55 CET [2023/06/04 14:53:55 ET]
Table '3596322763 546' 8-max Seat #7 is the button
Seat 1: roker66 (9302 in chips) 
Seat 2: skandsen (9701 in chips) 
Seat 3: Mahu2021 (1883 in chips) 
Seat 4: peterc1997 (16050 in chips) 
Seat 5: Miss_Britta1978 (26301 in chips) 
Seat 6: hesher02 (7068 in chips) 
Seat 7: illicopresto (13239 in chips) 
Seat 8: sudo_select (32843 in chips) 
roker66: posts the ante 20
skandsen: posts the ante 20
Mahu2021: posts the ante 20
peterc1997: posts the ante 20
Miss_Britta1978: posts the ante 20
hesher02: posts the ante 20
illicopresto: posts the ante 20
sudo_select: posts the ante 20
sudo_select: posts small blind 80
roker66: posts big blind 160
*** HOLE CARDS ***
Dealt to Mahu2021 [Ac Kd]
skandsen: folds 
Mahu2021: raises 1703 to 1863 and is all-in
peterc1997: calls 1863
Miss_Britta1978: folds 
hesher02: folds 
illicopresto: folds 
sudo_select: folds 
roker66: folds 
*** FLOP *** [Tc Jh 7d]
*** TURN *** [Tc Jh 7d] [2s]
*** RIVER *** [Tc Jh 7d 2s] [4s]
*** SHOW DOWN ***
Mahu2021: shows [Ac Kd] (high card Ace)
peterc1997: shows [7h 3h] (a pair of Sevens)
peterc1997 collected 4126 from pot
Mahu2021 finished the tournament
*** SUMMARY ***
Total pot 4126 | Rake 0 
Board [Tc Jh 7d 2s 4s]
Seat 1: roker66 (big blind) folded before Flop
Seat 2: skandsen folded before Flop (didn't bet)
Seat 3: Mahu2021 showed [Ac Kd] and lost with high card Ace
Seat 4: peterc1997 showed [7h 3h] and won (4126) with a pair of Sevens
Seat 5: Miss_Britta1978 folded before Flop (didn't bet)
Seat 6: hesher02 folded before Flop (didn't bet)
Seat 7: illicopresto (button) folded before Flop (didn't bet)
Seat 8: sudo_select (small blind) folded before Flop



