PokerStars Hand #244297907452: Tournament #3605091345, $0.92+$0.08 USD Hold'em No Limit - Level I (10/20) - 2023/06/16 11:00:09 CET [2023/06/16 5:00:09 ET]
Table '3605091345 1' 3-max Seat #1 is the button
Seat 1: Mahu2021 (500 in chips) 
Seat 2: SQDLS (500 in chips) 
Seat 3: brad1210 (500 in chips) 
SQDLS: posts small blind 10
brad1210: posts big blind 20
*** HOLE CARDS ***
Dealt to Mahu2021 [5d 9d]
Mahu2021: folds 
SQDLS: folds 
Uncalled bet (10) returned to brad1210
brad1210 collected 20 from pot
*** SUMMARY ***
Total pot 20 | Rake 0 
Seat 1: Mahu2021 (button) folded before Flop (didn't bet)
Seat 2: SQDLS (small blind) folded before Flop
Seat 3: brad1210 (big blind) collected (20)



PokerStars Hand #244297908074: Tournament #3605091345, $0.92+$0.08 USD Hold'em No Limit - Level I (10/20) - 2023/06/16 11:00:15 CET [2023/06/16 5:00:15 ET]
Table '3605091345 1' 3-max Seat #2 is the button
Seat 1: Mahu2021 (500 in chips) 
Seat 2: SQDLS (490 in chips) 
Seat 3: brad1210 (510 in chips) 
brad1210: posts small blind 10
Mahu2021: posts big blind 20
*** HOLE CARDS ***
Dealt to Mahu2021 [8d 9s]
SQDLS: folds 
brad1210: calls 10
Mahu2021: checks 
*** FLOP *** [7d 4s Qc]
brad1210: checks 
Mahu2021: checks 
*** TURN *** [7d 4s Qc] [Ks]
brad1210: bets 20
Mahu2021: folds 
Uncalled bet (20) returned to brad1210
brad1210 collected 40 from pot
*** SUMMARY ***
Total pot 40 | Rake 0 
Board [7d 4s Qc Ks]
Seat 1: Mahu2021 (big blind) folded on the Turn
Seat 2: SQDLS (button) folded before Flop (didn't bet)
Seat 3: brad1210 (small blind) collected (40)



PokerStars Hand #244297910076: Tournament #3605091345, $0.92+$0.08 USD Hold'em No Limit - Level I (10/20) - 2023/06/16 11:00:34 CET [2023/06/16 5:00:34 ET]
Table '3605091345 1' 3-max Seat #3 is the button
Seat 1: Mahu2021 (480 in chips) 
Seat 2: SQDLS (490 in chips) 
Seat 3: brad1210 (530 in chips) 
Mahu2021: posts small blind 10
SQDLS: posts big blind 20
*** HOLE CARDS ***
Dealt to Mahu2021 [4d 3c]
brad1210: raises 40 to 60
Mahu2021: folds 
SQDLS: calls 40
*** FLOP *** [8h 6d 7c]
SQDLS: bets 130
brad1210: folds 
Uncalled bet (130) returned to SQDLS
SQDLS collected 130 from pot
SQDLS: doesn't show hand 
*** SUMMARY ***
Total pot 130 | Rake 0 
Board [8h 6d 7c]
Seat 1: Mahu2021 (small blind) folded before Flop
Seat 2: SQDLS (big blind) collected (130)
Seat 3: brad1210 (button) folded on the Flop



PokerStars Hand #244297911988: Tournament #3605091345, $0.92+$0.08 USD Hold'em No Limit - Level I (10/20) - 2023/06/16 11:00:51 CET [2023/06/16 5:00:51 ET]
Table '3605091345 1' 3-max Seat #1 is the button
Seat 1: Mahu2021 (470 in chips) 
Seat 2: SQDLS (560 in chips) 
Seat 3: brad1210 (470 in chips) 
SQDLS: posts small blind 10
brad1210: posts big blind 20
*** HOLE CARDS ***
Dealt to Mahu2021 [Ad 3s]
Mahu2021: calls 20
SQDLS: raises 100 to 120
brad1210: calls 100
Mahu2021: folds 
*** FLOP *** [8d Th 8h]
SQDLS: bets 260
brad1210: folds 
Uncalled bet (260) returned to SQDLS
SQDLS collected 260 from pot
SQDLS: doesn't show hand 
*** SUMMARY ***
Total pot 260 | Rake 0 
Board [8d Th 8h]
Seat 1: Mahu2021 (button) folded before Flop
Seat 2: SQDLS (small blind) collected (260)
Seat 3: brad1210 (big blind) folded on the Flop



PokerStars Hand #244297915359: Tournament #3605091345, $0.92+$0.08 USD Hold'em No Limit - Level I (10/20) - 2023/06/16 11:01:19 CET [2023/06/16 5:01:19 ET]
Table '3605091345 1' 3-max Seat #2 is the button
Seat 1: Mahu2021 (450 in chips) 
Seat 2: SQDLS (700 in chips) 
Seat 3: brad1210 (350 in chips) 
brad1210: posts small blind 10
Mahu2021: posts big blind 20
*** HOLE CARDS ***
Dealt to Mahu2021 [6c Js]
SQDLS: folds 
brad1210: calls 10
Mahu2021: checks 
*** FLOP *** [5s 9c 9d]
brad1210: checks 
Mahu2021: checks 
*** TURN *** [5s 9c 9d] [9h]
brad1210: checks 
Mahu2021: checks 
*** RIVER *** [5s 9c 9d 9h] [6h]
brad1210: checks 
Mahu2021: bets 40
brad1210: folds 
Uncalled bet (40) returned to Mahu2021
Mahu2021 collected 40 from pot
Mahu2021: doesn't show hand 
*** SUMMARY ***
Total pot 40 | Rake 0 
Board [5s 9c 9d 9h 6h]
Seat 1: Mahu2021 (big blind) collected (40)
Seat 2: SQDLS (button) folded before Flop (didn't bet)
Seat 3: brad1210 (small blind) folded on the River



PokerStars Hand #244297918554: Tournament #3605091345, $0.92+$0.08 USD Hold'em No Limit - Level I (10/20) - 2023/06/16 11:01:45 CET [2023/06/16 5:01:45 ET]
Table '3605091345 1' 3-max Seat #3 is the button
Seat 1: Mahu2021 (470 in chips) 
Seat 2: SQDLS (700 in chips) 
Seat 3: brad1210 (330 in chips) 
Mahu2021: posts small blind 10
SQDLS: posts big blind 20
*** HOLE CARDS ***
Dealt to Mahu2021 [Kd Kh]
brad1210: calls 20
Mahu2021: raises 450 to 470 and is all-in
SQDLS: folds 
brad1210: calls 310 and is all-in
Uncalled bet (140) returned to Mahu2021
*** FLOP *** [As 7h 6s]
*** TURN *** [As 7h 6s] [Ac]
*** RIVER *** [As 7h 6s Ac] [8s]
*** SHOW DOWN ***
Mahu2021: shows [Kd Kh] (two pair, Aces and Kings)
brad1210: shows [Qh Qd] (two pair, Aces and Queens)
Mahu2021 collected 680 from pot
brad1210 finished the tournament in 3rd place
*** SUMMARY ***
Total pot 680 | Rake 0 
Board [As 7h 6s Ac 8s]
Seat 1: Mahu2021 (small blind) showed [Kd Kh] and won (680) with two pair, Aces and Kings
Seat 2: SQDLS (big blind) folded before Flop
Seat 3: brad1210 (button) showed [Qh Qd] and lost with two pair, Aces and Queens



PokerStars Hand #244297920938: Tournament #3605091345, $0.92+$0.08 USD Hold'em No Limit - Level I (10/20) - 2023/06/16 11:02:05 CET [2023/06/16 5:02:05 ET]
Table '3605091345 1' 3-max Seat #2 is the button
Seat 1: Mahu2021 (820 in chips) 
Seat 2: SQDLS (680 in chips) 
SQDLS: posts small blind 10
Mahu2021: posts big blind 20
*** HOLE CARDS ***
Dealt to Mahu2021 [7h Kd]
SQDLS: raises 660 to 680 and is all-in
Mahu2021: folds 
Uncalled bet (660) returned to SQDLS
SQDLS collected 40 from pot
SQDLS: doesn't show hand 
*** SUMMARY ***
Total pot 40 | Rake 0 
Seat 1: Mahu2021 (big blind) folded before Flop
Seat 2: SQDLS (button) (small blind) collected (40)



PokerStars Hand #244297922144: Tournament #3605091345, $0.92+$0.08 USD Hold'em No Limit - Level I (10/20) - 2023/06/16 11:02:16 CET [2023/06/16 5:02:16 ET]
Table '3605091345 1' 3-max Seat #1 is the button
Seat 1: Mahu2021 (800 in chips) 
Seat 2: SQDLS (700 in chips) 
Mahu2021: posts small blind 10
SQDLS: posts big blind 20
*** HOLE CARDS ***
Dealt to Mahu2021 [As Qd]
Mahu2021: raises 20 to 40
SQDLS: calls 20
*** FLOP *** [8s Jh 2h]
SQDLS: checks 
Mahu2021: bets 40
SQDLS: folds 
Uncalled bet (40) returned to Mahu2021
Mahu2021 collected 80 from pot
Mahu2021: doesn't show hand 
*** SUMMARY ***
Total pot 80 | Rake 0 
Board [8s Jh 2h]
Seat 1: Mahu2021 (button) (small blind) collected (80)
Seat 2: SQDLS (big blind) folded on the Flop



PokerStars Hand #244297923736: Tournament #3605091345, $0.92+$0.08 USD Hold'em No Limit - Level I (10/20) - 2023/06/16 11:02:29 CET [2023/06/16 5:02:29 ET]
Table '3605091345 1' 3-max Seat #2 is the button
Seat 1: Mahu2021 (840 in chips) 
Seat 2: SQDLS (660 in chips) 
SQDLS: posts small blind 10
Mahu2021: posts big blind 20
*** HOLE CARDS ***
Dealt to Mahu2021 [6s Ac]
SQDLS: folds 
Uncalled bet (10) returned to Mahu2021
Mahu2021 collected 20 from pot
Mahu2021: doesn't show hand 
*** SUMMARY ***
Total pot 20 | Rake 0 
Seat 1: Mahu2021 (big blind) collected (20)
Seat 2: SQDLS (button) (small blind) folded before Flop



PokerStars Hand #244297924454: Tournament #3605091345, $0.92+$0.08 USD Hold'em No Limit - Level I (10/20) - 2023/06/16 11:02:35 CET [2023/06/16 5:02:35 ET]
Table '3605091345 1' 3-max Seat #1 is the button
Seat 1: Mahu2021 (850 in chips) 
Seat 2: SQDLS (650 in chips) 
Mahu2021: posts small blind 10
SQDLS: posts big blind 20
*** HOLE CARDS ***
Dealt to Mahu2021 [Kd Ah]
Mahu2021: raises 40 to 60
SQDLS: folds 
Uncalled bet (40) returned to Mahu2021
Mahu2021 collected 40 from pot
Mahu2021: doesn't show hand 
*** SUMMARY ***
Total pot 40 | Rake 0 
Seat 1: Mahu2021 (button) (small blind) collected (40)
Seat 2: SQDLS (big blind) folded before Flop



PokerStars Hand #244297925497: Tournament #3605091345, $0.92+$0.08 USD Hold'em No Limit - Level I (10/20) - 2023/06/16 11:02:43 CET [2023/06/16 5:02:43 ET]
Table '3605091345 1' 3-max Seat #2 is the button
Seat 1: Mahu2021 (870 in chips) 
Seat 2: SQDLS (630 in chips) 
SQDLS: posts small blind 10
Mahu2021: posts big blind 20
*** HOLE CARDS ***
Dealt to Mahu2021 [7s 3h]
SQDLS: raises 610 to 630 and is all-in
Mahu2021: folds 
Uncalled bet (610) returned to SQDLS
SQDLS collected 40 from pot
SQDLS: doesn't show hand 
*** SUMMARY ***
Total pot 40 | Rake 0 
Seat 1: Mahu2021 (big blind) folded before Flop
Seat 2: SQDLS (button) (small blind) collected (40)



PokerStars Hand #244297926411: Tournament #3605091345, $0.92+$0.08 USD Hold'em No Limit - Level I (10/20) - 2023/06/16 11:02:51 CET [2023/06/16 5:02:51 ET]
Table '3605091345 1' 3-max Seat #1 is the button
Seat 1: Mahu2021 (850 in chips) 
Seat 2: SQDLS (650 in chips) 
Mahu2021: posts small blind 10
SQDLS: posts big blind 20
*** HOLE CARDS ***
Dealt to Mahu2021 [7c 2d]
Mahu2021: folds 
Uncalled bet (10) returned to SQDLS
SQDLS collected 20 from pot
SQDLS: doesn't show hand 
*** SUMMARY ***
Total pot 20 | Rake 0 
Seat 1: Mahu2021 (button) (small blind) folded before Flop
Seat 2: SQDLS (big blind) collected (20)



PokerStars Hand #244297926927: Tournament #3605091345, $0.92+$0.08 USD Hold'em No Limit - Level I (10/20) - 2023/06/16 11:02:55 CET [2023/06/16 5:02:55 ET]
Table '3605091345 1' 3-max Seat #2 is the button
Seat 1: Mahu2021 (840 in chips) 
Seat 2: SQDLS (660 in chips) 
SQDLS: posts small blind 10
Mahu2021: posts big blind 20
*** HOLE CARDS ***
Dealt to Mahu2021 [7d Jh]
SQDLS: folds 
Uncalled bet (10) returned to Mahu2021
Mahu2021 collected 20 from pot
Mahu2021: doesn't show hand 
*** SUMMARY ***
Total pot 20 | Rake 0 
Seat 1: Mahu2021 (big blind) collected (20)
Seat 2: SQDLS (button) (small blind) folded before Flop



PokerStars Hand #244297927755: Tournament #3605091345, $0.92+$0.08 USD Hold'em No Limit - Level I (10/20) - 2023/06/16 11:03:02 CET [2023/06/16 5:03:02 ET]
Table '3605091345 1' 3-max Seat #1 is the button
Seat 1: Mahu2021 (850 in chips) 
Seat 2: SQDLS (650 in chips) 
Mahu2021: posts small blind 10
SQDLS: posts big blind 20
*** HOLE CARDS ***
Dealt to Mahu2021 [7c Kh]
Mahu2021: calls 10
SQDLS: checks 
*** FLOP *** [3d Ks Qs]
SQDLS: checks 
Mahu2021: bets 20
SQDLS: calls 20
*** TURN *** [3d Ks Qs] [5d]
SQDLS: checks 
Mahu2021: bets 20
SQDLS: folds 
Uncalled bet (20) returned to Mahu2021
Mahu2021 collected 80 from pot
Mahu2021: doesn't show hand 
*** SUMMARY ***
Total pot 80 | Rake 0 
Board [3d Ks Qs 5d]
Seat 1: Mahu2021 (button) (small blind) collected (80)
Seat 2: SQDLS (big blind) folded on the Turn



PokerStars Hand #244297930136: Tournament #3605091345, $0.92+$0.08 USD Hold'em No Limit - Level II (15/30) - 2023/06/16 11:03:22 CET [2023/06/16 5:03:22 ET]
Table '3605091345 1' 3-max Seat #2 is the button
Seat 1: Mahu2021 (890 in chips) 
Seat 2: SQDLS (610 in chips) 
SQDLS: posts small blind 15
Mahu2021: posts big blind 30
*** HOLE CARDS ***
Dealt to Mahu2021 [Jc 4h]
SQDLS: folds 
Uncalled bet (15) returned to Mahu2021
Mahu2021 collected 30 from pot
Mahu2021: doesn't show hand 
*** SUMMARY ***
Total pot 30 | Rake 0 
Seat 1: Mahu2021 (big blind) collected (30)
Seat 2: SQDLS (button) (small blind) folded before Flop



PokerStars Hand #244297930950: Tournament #3605091345, $0.92+$0.08 USD Hold'em No Limit - Level II (15/30) - 2023/06/16 11:03:29 CET [2023/06/16 5:03:29 ET]
Table '3605091345 1' 3-max Seat #1 is the button
Seat 1: Mahu2021 (905 in chips) 
Seat 2: SQDLS (595 in chips) 
Mahu2021: posts small blind 15
SQDLS: posts big blind 30
*** HOLE CARDS ***
Dealt to Mahu2021 [Td Qc]
Mahu2021: raises 30 to 60
SQDLS: folds 
Uncalled bet (30) returned to Mahu2021
Mahu2021 collected 60 from pot
Mahu2021: doesn't show hand 
*** SUMMARY ***
Total pot 60 | Rake 0 
Seat 1: Mahu2021 (button) (small blind) collected (60)
Seat 2: SQDLS (big blind) folded before Flop



PokerStars Hand #244297931797: Tournament #3605091345, $0.92+$0.08 USD Hold'em No Limit - Level II (15/30) - 2023/06/16 11:03:36 CET [2023/06/16 5:03:36 ET]
Table '3605091345 1' 3-max Seat #2 is the button
Seat 1: Mahu2021 (935 in chips) 
Seat 2: SQDLS (565 in chips) 
SQDLS: posts small blind 15
Mahu2021: posts big blind 30
*** HOLE CARDS ***
Dealt to Mahu2021 [Jh 6d]
SQDLS: raises 535 to 565 and is all-in
Mahu2021: folds 
Uncalled bet (535) returned to SQDLS
SQDLS collected 60 from pot
SQDLS: doesn't show hand 
*** SUMMARY ***
Total pot 60 | Rake 0 
Seat 1: Mahu2021 (big blind) folded before Flop
Seat 2: SQDLS (button) (small blind) collected (60)



PokerStars Hand #244297932725: Tournament #3605091345, $0.92+$0.08 USD Hold'em No Limit - Level II (15/30) - 2023/06/16 11:03:44 CET [2023/06/16 5:03:44 ET]
Table '3605091345 1' 3-max Seat #1 is the button
Seat 1: Mahu2021 (905 in chips) 
Seat 2: SQDLS (595 in chips) 
Mahu2021: posts small blind 15
SQDLS: posts big blind 30
*** HOLE CARDS ***
Dealt to Mahu2021 [Td Jc]
Mahu2021: raises 30 to 60
SQDLS: raises 535 to 595 and is all-in
Mahu2021: folds 
Uncalled bet (535) returned to SQDLS
SQDLS collected 120 from pot
SQDLS: doesn't show hand 
*** SUMMARY ***
Total pot 120 | Rake 0 
Seat 1: Mahu2021 (button) (small blind) folded before Flop
Seat 2: SQDLS (big blind) collected (120)



PokerStars Hand #244297933934: Tournament #3605091345, $0.92+$0.08 USD Hold'em No Limit - Level II (15/30) - 2023/06/16 11:03:54 CET [2023/06/16 5:03:54 ET]
Table '3605091345 1' 3-max Seat #2 is the button
Seat 1: Mahu2021 (845 in chips) 
Seat 2: SQDLS (655 in chips) 
SQDLS: posts small blind 15
Mahu2021: posts big blind 30
*** HOLE CARDS ***
Dealt to Mahu2021 [5c 3c]
SQDLS: raises 625 to 655 and is all-in
Mahu2021: folds 
Uncalled bet (625) returned to SQDLS
SQDLS collected 60 from pot
SQDLS: doesn't show hand 
*** SUMMARY ***
Total pot 60 | Rake 0 
Seat 1: Mahu2021 (big blind) folded before Flop
Seat 2: SQDLS (button) (small blind) collected (60)



PokerStars Hand #244297934865: Tournament #3605091345, $0.92+$0.08 USD Hold'em No Limit - Level II (15/30) - 2023/06/16 11:04:01 CET [2023/06/16 5:04:01 ET]
Table '3605091345 1' 3-max Seat #1 is the button
Seat 1: Mahu2021 (815 in chips) 
Seat 2: SQDLS (685 in chips) 
Mahu2021: posts small blind 15
SQDLS: posts big blind 30
*** HOLE CARDS ***
Dealt to Mahu2021 [Jc 4h]
Mahu2021: folds 
Uncalled bet (15) returned to SQDLS
SQDLS collected 30 from pot
SQDLS: doesn't show hand 
*** SUMMARY ***
Total pot 30 | Rake 0 
Seat 1: Mahu2021 (button) (small blind) folded before Flop
Seat 2: SQDLS (big blind) collected (30)



PokerStars Hand #244297935468: Tournament #3605091345, $0.92+$0.08 USD Hold'em No Limit - Level II (15/30) - 2023/06/16 11:04:06 CET [2023/06/16 5:04:06 ET]
Table '3605091345 1' 3-max Seat #2 is the button
Seat 1: Mahu2021 (800 in chips) 
Seat 2: SQDLS (700 in chips) 
SQDLS: posts small blind 15
Mahu2021: posts big blind 30
*** HOLE CARDS ***
Dealt to Mahu2021 [Ah 5h]
SQDLS: folds 
Uncalled bet (15) returned to Mahu2021
Mahu2021 collected 30 from pot
Mahu2021: doesn't show hand 
*** SUMMARY ***
Total pot 30 | Rake 0 
Seat 1: Mahu2021 (big blind) collected (30)
Seat 2: SQDLS (button) (small blind) folded before Flop



PokerStars Hand #244297936178: Tournament #3605091345, $0.92+$0.08 USD Hold'em No Limit - Level II (15/30) - 2023/06/16 11:04:12 CET [2023/06/16 5:04:12 ET]
Table '3605091345 1' 3-max Seat #1 is the button
Seat 1: Mahu2021 (815 in chips) 
Seat 2: SQDLS (685 in chips) 
Mahu2021: posts small blind 15
SQDLS: posts big blind 30
*** HOLE CARDS ***
Dealt to Mahu2021 [9h 3s]
Mahu2021: folds 
Uncalled bet (15) returned to SQDLS
SQDLS collected 30 from pot
SQDLS: doesn't show hand 
*** SUMMARY ***
Total pot 30 | Rake 0 
Seat 1: Mahu2021 (button) (small blind) folded before Flop
Seat 2: SQDLS (big blind) collected (30)



PokerStars Hand #244297936872: Tournament #3605091345, $0.92+$0.08 USD Hold'em No Limit - Level II (15/30) - 2023/06/16 11:04:18 CET [2023/06/16 5:04:18 ET]
Table '3605091345 1' 3-max Seat #2 is the button
Seat 1: Mahu2021 (800 in chips) 
Seat 2: SQDLS (700 in chips) 
SQDLS: posts small blind 15
Mahu2021: posts big blind 30
*** HOLE CARDS ***
Dealt to Mahu2021 [7d Js]
SQDLS: raises 670 to 700 and is all-in
Mahu2021: folds 
Uncalled bet (670) returned to SQDLS
SQDLS collected 60 from pot
SQDLS: doesn't show hand 
*** SUMMARY ***
Total pot 60 | Rake 0 
Seat 1: Mahu2021 (big blind) folded before Flop
Seat 2: SQDLS (button) (small blind) collected (60)



PokerStars Hand #244297937800: Tournament #3605091345, $0.92+$0.08 USD Hold'em No Limit - Level II (15/30) - 2023/06/16 11:04:25 CET [2023/06/16 5:04:25 ET]
Table '3605091345 1' 3-max Seat #1 is the button
Seat 1: Mahu2021 (770 in chips) 
Seat 2: SQDLS (730 in chips) 
Mahu2021: posts small blind 15
SQDLS: posts big blind 30
*** HOLE CARDS ***
Dealt to Mahu2021 [8s Tc]
Mahu2021: folds 
Uncalled bet (15) returned to SQDLS
SQDLS collected 30 from pot
SQDLS: doesn't show hand 
*** SUMMARY ***
Total pot 30 | Rake 0 
Seat 1: Mahu2021 (button) (small blind) folded before Flop
Seat 2: SQDLS (big blind) collected (30)



PokerStars Hand #244297938324: Tournament #3605091345, $0.92+$0.08 USD Hold'em No Limit - Level II (15/30) - 2023/06/16 11:04:30 CET [2023/06/16 5:04:30 ET]
Table '3605091345 1' 3-max Seat #2 is the button
Seat 1: Mahu2021 (755 in chips) 
Seat 2: SQDLS (745 in chips) 
SQDLS: posts small blind 15
Mahu2021: posts big blind 30
*** HOLE CARDS ***
Dealt to Mahu2021 [9c Td]
SQDLS: folds 
Uncalled bet (15) returned to Mahu2021
Mahu2021 collected 30 from pot
Mahu2021: doesn't show hand 
*** SUMMARY ***
Total pot 30 | Rake 0 
Seat 1: Mahu2021 (big blind) collected (30)
Seat 2: SQDLS (button) (small blind) folded before Flop



PokerStars Hand #244297939012: Tournament #3605091345, $0.92+$0.08 USD Hold'em No Limit - Level II (15/30) - 2023/06/16 11:04:35 CET [2023/06/16 5:04:35 ET]
Table '3605091345 1' 3-max Seat #1 is the button
Seat 1: Mahu2021 (770 in chips) 
Seat 2: SQDLS (730 in chips) 
Mahu2021: posts small blind 15
SQDLS: posts big blind 30
*** HOLE CARDS ***
Dealt to Mahu2021 [Ts 5s]
Mahu2021: folds 
Uncalled bet (15) returned to SQDLS
SQDLS collected 30 from pot
SQDLS: doesn't show hand 
*** SUMMARY ***
Total pot 30 | Rake 0 
Seat 1: Mahu2021 (button) (small blind) folded before Flop
Seat 2: SQDLS (big blind) collected (30)



PokerStars Hand #244297939543: Tournament #3605091345, $0.92+$0.08 USD Hold'em No Limit - Level II (15/30) - 2023/06/16 11:04:40 CET [2023/06/16 5:04:40 ET]
Table '3605091345 1' 3-max Seat #2 is the button
Seat 1: Mahu2021 (755 in chips) 
Seat 2: SQDLS (745 in chips) 
SQDLS: posts small blind 15
Mahu2021: posts big blind 30
*** HOLE CARDS ***
Dealt to Mahu2021 [2h Jd]
SQDLS: raises 715 to 745 and is all-in
Mahu2021: folds 
Uncalled bet (715) returned to SQDLS
SQDLS collected 60 from pot
SQDLS: doesn't show hand 
*** SUMMARY ***
Total pot 60 | Rake 0 
Seat 1: Mahu2021 (big blind) folded before Flop
Seat 2: SQDLS (button) (small blind) collected (60)



PokerStars Hand #244297940455: Tournament #3605091345, $0.92+$0.08 USD Hold'em No Limit - Level II (15/30) - 2023/06/16 11:04:47 CET [2023/06/16 5:04:47 ET]
Table '3605091345 1' 3-max Seat #1 is the button
Seat 1: Mahu2021 (725 in chips) 
Seat 2: SQDLS (775 in chips) 
Mahu2021: posts small blind 15
SQDLS: posts big blind 30
*** HOLE CARDS ***
Dealt to Mahu2021 [2s Jc]
Mahu2021: folds 
Uncalled bet (15) returned to SQDLS
SQDLS collected 30 from pot
SQDLS: doesn't show hand 
*** SUMMARY ***
Total pot 30 | Rake 0 
Seat 1: Mahu2021 (button) (small blind) folded before Flop
Seat 2: SQDLS (big blind) collected (30)



PokerStars Hand #244297940947: Tournament #3605091345, $0.92+$0.08 USD Hold'em No Limit - Level II (15/30) - 2023/06/16 11:04:52 CET [2023/06/16 5:04:52 ET]
Table '3605091345 1' 3-max Seat #2 is the button
Seat 1: Mahu2021 (710 in chips) 
Seat 2: SQDLS (790 in chips) 
SQDLS: posts small blind 15
Mahu2021: posts big blind 30
*** HOLE CARDS ***
Dealt to Mahu2021 [5d 3h]
SQDLS: raises 760 to 790 and is all-in
Mahu2021: folds 
Uncalled bet (760) returned to SQDLS
SQDLS collected 60 from pot
SQDLS: doesn't show hand 
*** SUMMARY ***
Total pot 60 | Rake 0 
Seat 1: Mahu2021 (big blind) folded before Flop
Seat 2: SQDLS (button) (small blind) collected (60)



PokerStars Hand #244297941680: Tournament #3605091345, $0.92+$0.08 USD Hold'em No Limit - Level II (15/30) - 2023/06/16 11:04:57 CET [2023/06/16 5:04:57 ET]
Table '3605091345 1' 3-max Seat #1 is the button
Seat 1: Mahu2021 (680 in chips) 
Seat 2: SQDLS (820 in chips) 
Mahu2021: posts small blind 15
SQDLS: posts big blind 30
*** HOLE CARDS ***
Dealt to Mahu2021 [Jh 3s]
Mahu2021: folds 
Uncalled bet (15) returned to SQDLS
SQDLS collected 30 from pot
SQDLS: doesn't show hand 
*** SUMMARY ***
Total pot 30 | Rake 0 
Seat 1: Mahu2021 (button) (small blind) folded before Flop
Seat 2: SQDLS (big blind) collected (30)



PokerStars Hand #244297942304: Tournament #3605091345, $0.92+$0.08 USD Hold'em No Limit - Level II (15/30) - 2023/06/16 11:05:02 CET [2023/06/16 5:05:02 ET]
Table '3605091345 1' 3-max Seat #2 is the button
Seat 1: Mahu2021 (665 in chips) 
Seat 2: SQDLS (835 in chips) 
SQDLS: posts small blind 15
Mahu2021: posts big blind 30
*** HOLE CARDS ***
Dealt to Mahu2021 [7d 8s]
SQDLS: calls 15
Mahu2021: checks 
*** FLOP *** [9c 3c Js]
Mahu2021: checks 
SQDLS: bets 60
Mahu2021: calls 60
*** TURN *** [9c 3c Js] [8h]
Mahu2021: checks 
SQDLS: bets 90
Mahu2021: folds 
Uncalled bet (90) returned to SQDLS
SQDLS collected 180 from pot
SQDLS: doesn't show hand 
*** SUMMARY ***
Total pot 180 | Rake 0 
Board [9c 3c Js 8h]
Seat 1: Mahu2021 (big blind) folded on the Turn
Seat 2: SQDLS (button) (small blind) collected (180)



PokerStars Hand #244297944908: Tournament #3605091345, $0.92+$0.08 USD Hold'em No Limit - Level II (15/30) - 2023/06/16 11:05:24 CET [2023/06/16 5:05:24 ET]
Table '3605091345 1' 3-max Seat #1 is the button
Seat 1: Mahu2021 (575 in chips) 
Seat 2: SQDLS (925 in chips) 
Mahu2021: posts small blind 15
SQDLS: posts big blind 30
*** HOLE CARDS ***
Dealt to Mahu2021 [6c Ts]
Mahu2021: folds 
Uncalled bet (15) returned to SQDLS
SQDLS collected 30 from pot
SQDLS: doesn't show hand 
*** SUMMARY ***
Total pot 30 | Rake 0 
Seat 1: Mahu2021 (button) (small blind) folded before Flop
Seat 2: SQDLS (big blind) collected (30)



PokerStars Hand #244297945494: Tournament #3605091345, $0.92+$0.08 USD Hold'em No Limit - Level II (15/30) - 2023/06/16 11:05:28 CET [2023/06/16 5:05:28 ET]
Table '3605091345 1' 3-max Seat #2 is the button
Seat 1: Mahu2021 (560 in chips) 
Seat 2: SQDLS (940 in chips) 
SQDLS: posts small blind 15
Mahu2021: posts big blind 30
*** HOLE CARDS ***
Dealt to Mahu2021 [Qd 2c]
SQDLS: raises 910 to 940 and is all-in
Mahu2021: folds 
Uncalled bet (910) returned to SQDLS
SQDLS collected 60 from pot
SQDLS: doesn't show hand 
*** SUMMARY ***
Total pot 60 | Rake 0 
Seat 1: Mahu2021 (big blind) folded before Flop
Seat 2: SQDLS (button) (small blind) collected (60)



PokerStars Hand #244297946255: Tournament #3605091345, $0.92+$0.08 USD Hold'em No Limit - Level II (15/30) - 2023/06/16 11:05:34 CET [2023/06/16 5:05:34 ET]
Table '3605091345 1' 3-max Seat #1 is the button
Seat 1: Mahu2021 (530 in chips) 
Seat 2: SQDLS (970 in chips) 
Mahu2021: posts small blind 15
SQDLS: posts big blind 30
*** HOLE CARDS ***
Dealt to Mahu2021 [Ac 4s]
Mahu2021: calls 15
SQDLS: checks 
*** FLOP *** [Kd 9h 5c]
SQDLS: checks 
Mahu2021: bets 30
SQDLS: folds 
Uncalled bet (30) returned to Mahu2021
Mahu2021 collected 60 from pot
Mahu2021: doesn't show hand 
*** SUMMARY ***
Total pot 60 | Rake 0 
Board [Kd 9h 5c]
Seat 1: Mahu2021 (button) (small blind) collected (60)
Seat 2: SQDLS (big blind) folded on the Flop



PokerStars Hand #244297947933: Tournament #3605091345, $0.92+$0.08 USD Hold'em No Limit - Level II (15/30) - 2023/06/16 11:05:48 CET [2023/06/16 5:05:48 ET]
Table '3605091345 1' 3-max Seat #2 is the button
Seat 1: Mahu2021 (560 in chips) 
Seat 2: SQDLS (940 in chips) 
SQDLS: posts small blind 15
Mahu2021: posts big blind 30
*** HOLE CARDS ***
Dealt to Mahu2021 [Jh 5c]
SQDLS: raises 910 to 940 and is all-in
Mahu2021: folds 
Uncalled bet (910) returned to SQDLS
SQDLS collected 60 from pot
SQDLS: doesn't show hand 
*** SUMMARY ***
Total pot 60 | Rake 0 
Seat 1: Mahu2021 (big blind) folded before Flop
Seat 2: SQDLS (button) (small blind) collected (60)



PokerStars Hand #244297948913: Tournament #3605091345, $0.92+$0.08 USD Hold'em No Limit - Level II (15/30) - 2023/06/16 11:05:56 CET [2023/06/16 5:05:56 ET]
Table '3605091345 1' 3-max Seat #1 is the button
Seat 1: Mahu2021 (530 in chips) 
Seat 2: SQDLS (970 in chips) 
Mahu2021: posts small blind 15
SQDLS: posts big blind 30
*** HOLE CARDS ***
Dealt to Mahu2021 [Tc Ac]
Mahu2021: calls 15
SQDLS: checks 
*** FLOP *** [7s 4c 7h]
SQDLS: checks 
Mahu2021: bets 30
SQDLS: folds 
Uncalled bet (30) returned to Mahu2021
Mahu2021 collected 60 from pot
Mahu2021: doesn't show hand 
*** SUMMARY ***
Total pot 60 | Rake 0 
Board [7s 4c 7h]
Seat 1: Mahu2021 (button) (small blind) collected (60)
Seat 2: SQDLS (big blind) folded on the Flop



PokerStars Hand #244297950222: Tournament #3605091345, $0.92+$0.08 USD Hold'em No Limit - Level II (15/30) - 2023/06/16 11:06:06 CET [2023/06/16 5:06:06 ET]
Table '3605091345 1' 3-max Seat #2 is the button
Seat 1: Mahu2021 (560 in chips) 
Seat 2: SQDLS (940 in chips) 
SQDLS: posts small blind 15
Mahu2021: posts big blind 30
*** HOLE CARDS ***
Dealt to Mahu2021 [2h 2c]
SQDLS: folds 
Uncalled bet (15) returned to Mahu2021
Mahu2021 collected 30 from pot
Mahu2021: doesn't show hand 
*** SUMMARY ***
Total pot 30 | Rake 0 
Seat 1: Mahu2021 (big blind) collected (30)
Seat 2: SQDLS (button) (small blind) folded before Flop



PokerStars Hand #244297951173: Tournament #3605091345, $0.92+$0.08 USD Hold'em No Limit - Level III (20/40) - 2023/06/16 11:06:13 CET [2023/06/16 5:06:13 ET]
Table '3605091345 1' 3-max Seat #1 is the button
Seat 1: Mahu2021 (575 in chips) 
Seat 2: SQDLS (925 in chips) 
Mahu2021: posts small blind 20
SQDLS: posts big blind 40
*** HOLE CARDS ***
Dealt to Mahu2021 [4s Ts]
Mahu2021: folds 
Uncalled bet (20) returned to SQDLS
SQDLS collected 40 from pot
SQDLS: doesn't show hand 
*** SUMMARY ***
Total pot 40 | Rake 0 
Seat 1: Mahu2021 (button) (small blind) folded before Flop
Seat 2: SQDLS (big blind) collected (40)



PokerStars Hand #244297951775: Tournament #3605091345, $0.92+$0.08 USD Hold'em No Limit - Level III (20/40) - 2023/06/16 11:06:18 CET [2023/06/16 5:06:18 ET]
Table '3605091345 1' 3-max Seat #2 is the button
Seat 1: Mahu2021 (555 in chips) 
Seat 2: SQDLS (945 in chips) 
SQDLS: posts small blind 20
Mahu2021: posts big blind 40
*** HOLE CARDS ***
Dealt to Mahu2021 [9d 4s]
SQDLS: calls 20
Mahu2021: checks 
*** FLOP *** [6s 5s Qs]
Mahu2021: checks 
SQDLS: checks 
*** TURN *** [6s 5s Qs] [4d]
Mahu2021: bets 40
SQDLS: calls 40
*** RIVER *** [6s 5s Qs 4d] [Th]
Mahu2021: bets 40
SQDLS: calls 40
*** SHOW DOWN ***
Mahu2021: shows [9d 4s] (a pair of Fours)
SQDLS: shows [7h 7c] (a pair of Sevens)
SQDLS collected 240 from pot
*** SUMMARY ***
Total pot 240 | Rake 0 
Board [6s 5s Qs 4d Th]
Seat 1: Mahu2021 (big blind) showed [9d 4s] and lost with a pair of Fours
Seat 2: SQDLS (button) (small blind) showed [7h 7c] and won (240) with a pair of Sevens



PokerStars Hand #244297954218: Tournament #3605091345, $0.92+$0.08 USD Hold'em No Limit - Level III (20/40) - 2023/06/16 11:06:38 CET [2023/06/16 5:06:38 ET]
Table '3605091345 1' 3-max Seat #1 is the button
Seat 1: Mahu2021 (435 in chips) 
Seat 2: SQDLS (1065 in chips) 
Mahu2021: posts small blind 20
SQDLS: posts big blind 40
*** HOLE CARDS ***
Dealt to Mahu2021 [3d 8s]
Mahu2021: folds 
Uncalled bet (20) returned to SQDLS
SQDLS collected 40 from pot
SQDLS: doesn't show hand 
*** SUMMARY ***
Total pot 40 | Rake 0 
Seat 1: Mahu2021 (button) (small blind) folded before Flop
Seat 2: SQDLS (big blind) collected (40)



PokerStars Hand #244297954767: Tournament #3605091345, $0.92+$0.08 USD Hold'em No Limit - Level III (20/40) - 2023/06/16 11:06:43 CET [2023/06/16 5:06:43 ET]
Table '3605091345 1' 3-max Seat #2 is the button
Seat 1: Mahu2021 (415 in chips) 
Seat 2: SQDLS (1085 in chips) 
SQDLS: posts small blind 20
Mahu2021: posts big blind 40
*** HOLE CARDS ***
Dealt to Mahu2021 [Ts Qc]
SQDLS: calls 20
Mahu2021: raises 375 to 415 and is all-in
SQDLS: folds 
Uncalled bet (375) returned to Mahu2021
Mahu2021 collected 80 from pot
Mahu2021: doesn't show hand 
*** SUMMARY ***
Total pot 80 | Rake 0 
Seat 1: Mahu2021 (big blind) collected (80)
Seat 2: SQDLS (button) (small blind) folded before Flop



PokerStars Hand #244297956127: Tournament #3605091345, $0.92+$0.08 USD Hold'em No Limit - Level III (20/40) - 2023/06/16 11:06:54 CET [2023/06/16 5:06:54 ET]
Table '3605091345 1' 3-max Seat #1 is the button
Seat 1: Mahu2021 (455 in chips) 
Seat 2: SQDLS (1045 in chips) 
Mahu2021: posts small blind 20
SQDLS: posts big blind 40
*** HOLE CARDS ***
Dealt to Mahu2021 [4h 7h]
Mahu2021: calls 20
SQDLS: checks 
*** FLOP *** [Kd Qc 9s]
SQDLS: checks 
Mahu2021: bets 40
SQDLS: folds 
Uncalled bet (40) returned to Mahu2021
Mahu2021 collected 80 from pot
Mahu2021: doesn't show hand 
*** SUMMARY ***
Total pot 80 | Rake 0 
Board [Kd Qc 9s]
Seat 1: Mahu2021 (button) (small blind) collected (80)
Seat 2: SQDLS (big blind) folded on the Flop



PokerStars Hand #244297957839: Tournament #3605091345, $0.92+$0.08 USD Hold'em No Limit - Level III (20/40) - 2023/06/16 11:07:08 CET [2023/06/16 5:07:08 ET]
Table '3605091345 1' 3-max Seat #2 is the button
Seat 1: Mahu2021 (495 in chips) 
Seat 2: SQDLS (1005 in chips) 
SQDLS: posts small blind 20
Mahu2021: posts big blind 40
*** HOLE CARDS ***
Dealt to Mahu2021 [Ac 9s]
SQDLS: folds 
Uncalled bet (20) returned to Mahu2021
Mahu2021 collected 40 from pot
Mahu2021: doesn't show hand 
*** SUMMARY ***
Total pot 40 | Rake 0 
Seat 1: Mahu2021 (big blind) collected (40)
Seat 2: SQDLS (button) (small blind) folded before Flop



PokerStars Hand #244297958480: Tournament #3605091345, $0.92+$0.08 USD Hold'em No Limit - Level III (20/40) - 2023/06/16 11:07:14 CET [2023/06/16 5:07:14 ET]
Table '3605091345 1' 3-max Seat #1 is the button
Seat 1: Mahu2021 (515 in chips) 
Seat 2: SQDLS (985 in chips) 
Mahu2021: posts small blind 20
SQDLS: posts big blind 40
*** HOLE CARDS ***
Dealt to Mahu2021 [Qc Jh]
Mahu2021: calls 20
SQDLS: raises 945 to 985 and is all-in
Mahu2021: calls 475 and is all-in
Uncalled bet (470) returned to SQDLS
*** FLOP *** [Ks 5d 6c]
*** TURN *** [Ks 5d 6c] [2d]
*** RIVER *** [Ks 5d 6c 2d] [Kc]
*** SHOW DOWN ***
SQDLS: shows [3h Kd] (three of a kind, Kings)
Mahu2021: shows [Qc Jh] (a pair of Kings)
SQDLS collected 1030 from pot
Mahu2021 finished the tournament in 2nd place
SQDLS wins the tournament and receives $3.00 - congratulations!
*** SUMMARY ***
Total pot 1030 | Rake 0 
Board [Ks 5d 6c 2d Kc]
Seat 1: Mahu2021 (button) (small blind) showed [Qc Jh] and lost with a pair of Kings
Seat 2: SQDLS (big blind) showed [3h Kd] and won (1030) with three of a kind, Kings



