PokerStars Hand #252842363816: Tournament #3809964504, $1.84+$0.16 USD Hold'em No Limit - Level I (10/20) - 2024/10/09 16:09:04 CET [2024/10/09 10:09:04 ET]
Table '3809964504 1' 3-max Seat #1 is the button
Seat 1: Janischke23 (500 in chips) 
Seat 2: Mahu2021 (500 in chips) 
Seat 3: rsca33333 (500 in chips) 
Mahu2021: posts small blind 10
rsca33333: posts big blind 20
*** HOLE CARDS ***
Dealt to Mahu2021 [Ad 4s]
Janischke23: folds 
Mahu2021: calls 10
rsca33333: raises 20 to 40
Mahu2021: calls 20
*** FLOP *** [7h 7c 5s]
Mahu2021: checks 
rsca33333: checks 
*** TURN *** [7h 7c 5s] [Kc]
Mahu2021: checks 
rsca33333: bets 40
Mahu2021: folds 
Uncalled bet (40) returned to rsca33333
rsca33333 collected 80 from pot
*** SUMMARY ***
Total pot 80 | Rake 0 
Board [7h 7c 5s Kc]
Seat 1: Janischke23 (button) folded before Flop (didn't bet)
Seat 2: Mahu2021 (small blind) folded on the Turn
Seat 3: rsca33333 (big blind) collected (80)



PokerStars Hand #252842368732: Tournament #3809964504, $1.84+$0.16 USD Hold'em No Limit - Level I (10/20) - 2024/10/09 16:09:30 CET [2024/10/09 10:09:30 ET]
Table '3809964504 1' 3-max Seat #2 is the button
Seat 1: Janischke23 (500 in chips) 
Seat 2: Mahu2021 (460 in chips) 
Seat 3: rsca33333 (540 in chips) 
rsca33333: posts small blind 10
Janischke23: posts big blind 20
*** HOLE CARDS ***
Dealt to Mahu2021 [Ad 8c]
Mahu2021: raises 20 to 40
rsca33333: raises 80 to 120
Janischke23 has timed out
Janischke23: folds 
Janischke23 is sitting out
Mahu2021: folds 
Uncalled bet (80) returned to rsca33333
rsca33333 collected 100 from pot
*** SUMMARY ***
Total pot 100 | Rake 0 
Seat 1: Janischke23 (big blind) folded before Flop
Seat 2: Mahu2021 (button) folded before Flop
Seat 3: rsca33333 (small blind) collected (100)



PokerStars Hand #252842374906: Tournament #3809964504, $1.84+$0.16 USD Hold'em No Limit - Level I (10/20) - 2024/10/09 16:10:02 CET [2024/10/09 10:10:02 ET]
Table '3809964504 1' 3-max Seat #3 is the button
Seat 1: Janischke23 (480 in chips) is sitting out
Seat 2: Mahu2021 (420 in chips) 
Seat 3: rsca33333 (600 in chips) 
Janischke23: posts small blind 10
Mahu2021: posts big blind 20
*** HOLE CARDS ***
Dealt to Mahu2021 [2h 4d]
rsca33333: raises 40 to 60
Janischke23: folds 
Mahu2021: folds 
Uncalled bet (40) returned to rsca33333
rsca33333 collected 50 from pot
*** SUMMARY ***
Total pot 50 | Rake 0 
Seat 1: Janischke23 (small blind) folded before Flop
Seat 2: Mahu2021 (big blind) folded before Flop
Seat 3: rsca33333 (button) collected (50)



PokerStars Hand #252842376454: Tournament #3809964504, $1.84+$0.16 USD Hold'em No Limit - Level I (10/20) - 2024/10/09 16:10:10 CET [2024/10/09 10:10:10 ET]
Table '3809964504 1' 3-max Seat #1 is the button
Seat 1: Janischke23 (470 in chips) is sitting out
Seat 2: Mahu2021 (400 in chips) 
Seat 3: rsca33333 (630 in chips) 
Mahu2021: posts small blind 10
rsca33333: posts big blind 20
*** HOLE CARDS ***
Dealt to Mahu2021 [9c 7h]
Janischke23: folds 
Mahu2021: folds 
Uncalled bet (10) returned to rsca33333
rsca33333 collected 20 from pot
*** SUMMARY ***
Total pot 20 | Rake 0 
Seat 1: Janischke23 (button) folded before Flop (didn't bet)
Seat 2: Mahu2021 (small blind) folded before Flop
Seat 3: rsca33333 (big blind) collected (20)



PokerStars Hand #252842377224: Tournament #3809964504, $1.84+$0.16 USD Hold'em No Limit - Level I (10/20) - 2024/10/09 16:10:14 CET [2024/10/09 10:10:14 ET]
Table '3809964504 1' 3-max Seat #2 is the button
Seat 1: Janischke23 (470 in chips) is sitting out
Seat 2: Mahu2021 (390 in chips) 
Seat 3: rsca33333 (640 in chips) 
rsca33333: posts small blind 10
Janischke23: posts big blind 20
*** HOLE CARDS ***
Dealt to Mahu2021 [9h Qs]
Mahu2021: raises 20 to 40
rsca33333: folds 
Janischke23: folds 
Uncalled bet (20) returned to Mahu2021
Mahu2021 collected 50 from pot
Mahu2021: doesn't show hand 
*** SUMMARY ***
Total pot 50 | Rake 0 
Seat 1: Janischke23 (big blind) folded before Flop
Seat 2: Mahu2021 (button) collected (50)
Seat 3: rsca33333 (small blind) folded before Flop



PokerStars Hand #252842378585: Tournament #3809964504, $1.84+$0.16 USD Hold'em No Limit - Level I (10/20) - 2024/10/09 16:10:21 CET [2024/10/09 10:10:21 ET]
Table '3809964504 1' 3-max Seat #3 is the button
Seat 1: Janischke23 (450 in chips) is sitting out
Seat 2: Mahu2021 (420 in chips) 
Seat 3: rsca33333 (630 in chips) 
Janischke23: posts small blind 10
Mahu2021: posts big blind 20
*** HOLE CARDS ***
Dealt to Mahu2021 [Kd 4d]
Janischke23 has returned
rsca33333: calls 20
Janischke23: folds 
Mahu2021: checks 
*** FLOP *** [Jd 3c Td]
Mahu2021: bets 40
rsca33333: folds 
Uncalled bet (40) returned to Mahu2021
Mahu2021 collected 50 from pot
Mahu2021: doesn't show hand 
*** SUMMARY ***
Total pot 50 | Rake 0 
Board [Jd 3c Td]
Seat 1: Janischke23 (small blind) folded before Flop
Seat 2: Mahu2021 (big blind) collected (50)
Seat 3: rsca33333 (button) folded on the Flop



PokerStars Hand #252842381867: Tournament #3809964504, $1.84+$0.16 USD Hold'em No Limit - Level I (10/20) - 2024/10/09 16:10:39 CET [2024/10/09 10:10:39 ET]
Table '3809964504 1' 3-max Seat #1 is the button
Seat 1: Janischke23 (440 in chips) 
Seat 2: Mahu2021 (450 in chips) 
Seat 3: rsca33333 (610 in chips) 
Mahu2021: posts small blind 10
rsca33333: posts big blind 20
*** HOLE CARDS ***
Dealt to Mahu2021 [Kh As]
Janischke23: folds 
Mahu2021: raises 40 to 60
rsca33333: calls 40
*** FLOP *** [8d Ad 4d]
Mahu2021: bets 60
rsca33333: calls 60
*** TURN *** [8d Ad 4d] [8c]
Mahu2021: bets 330 and is all-in
rsca33333: calls 330
*** RIVER *** [8d Ad 4d 8c] [2h]
*** SHOW DOWN ***
Mahu2021: shows [Kh As] (two pair, Aces and Eights)
rsca33333: shows [7h 8h] (three of a kind, Eights)
rsca33333 collected 900 from pot
Mahu2021 finished the tournament in 3rd place
*** SUMMARY ***
Total pot 900 | Rake 0 
Board [8d Ad 4d 8c 2h]
Seat 1: Janischke23 (button) folded before Flop (didn't bet)
Seat 2: Mahu2021 (small blind) showed [Kh As] and lost with two pair, Aces and Eights
Seat 3: rsca33333 (big blind) showed [7h 8h] and won (900) with three of a kind, Eights



