PokerStars Hand #245745181921: Tournament #3639835470, $0.92+$0.08 USD Hold'em No Limit - Level I (10/20) - 2023/09/03 10:55:50 CET [2023/09/03 4:55:50 ET]
Table '3639835470 1' 3-max Seat #1 is the button
Seat 1: C4raDaBoch4 (500 in chips) 
Seat 2: Mahu2021 (500 in chips) 
Seat 3: jackstrap (500 in chips) is sitting out
Mahu2021: posts small blind 10
jackstrap: posts big blind 20
*** HOLE CARDS ***
Dealt to Mahu2021 [2d 9s]
C4raDaBoch4: folds 
Mahu2021: raises 20 to 40
jackstrap: folds 
Uncalled bet (20) returned to Mahu2021
Mahu2021 collected 40 from pot
Mahu2021: doesn't show hand 
*** SUMMARY ***
Total pot 40 | Rake 0 
Seat 1: C4raDaBoch4 (button) folded before Flop (didn't bet)
Seat 2: Mahu2021 (small blind) collected (40)
Seat 3: jackstrap (big blind) folded before Flop



PokerStars Hand #245745183762: Tournament #3639835470, $0.92+$0.08 USD Hold'em No Limit - Level I (10/20) - 2023/09/03 10:56:05 CET [2023/09/03 4:56:05 ET]
Table '3639835470 1' 3-max Seat #2 is the button
Seat 1: C4raDaBoch4 (500 in chips) 
Seat 2: Mahu2021 (520 in chips) 
Seat 3: jackstrap (480 in chips) is sitting out
jackstrap: posts small blind 10
C4raDaBoch4: posts big blind 20
*** HOLE CARDS ***
Dealt to Mahu2021 [4c 2d]
Mahu2021: folds 
jackstrap: folds 
Uncalled bet (10) returned to C4raDaBoch4
jackstrap has returned
C4raDaBoch4 collected 20 from pot
*** SUMMARY ***
Total pot 20 | Rake 0 
Seat 1: C4raDaBoch4 (big blind) collected (20)
Seat 2: Mahu2021 (button) folded before Flop (didn't bet)
Seat 3: jackstrap (small blind) folded before Flop



PokerStars Hand #245745184337: Tournament #3639835470, $0.92+$0.08 USD Hold'em No Limit - Level I (10/20) - 2023/09/03 10:56:10 CET [2023/09/03 4:56:10 ET]
Table '3639835470 1' 3-max Seat #3 is the button
Seat 1: C4raDaBoch4 (510 in chips) 
Seat 2: Mahu2021 (520 in chips) 
Seat 3: jackstrap (470 in chips) 
C4raDaBoch4: posts small blind 10
Mahu2021: posts big blind 20
*** HOLE CARDS ***
Dealt to Mahu2021 [7s As]
jackstrap has timed out
jackstrap: folds 
jackstrap is sitting out
C4raDaBoch4: folds 
Uncalled bet (10) returned to Mahu2021
Mahu2021 collected 20 from pot
Mahu2021: doesn't show hand 
*** SUMMARY ***
Total pot 20 | Rake 0 
Seat 1: C4raDaBoch4 (small blind) folded before Flop
Seat 2: Mahu2021 (big blind) collected (20)
Seat 3: jackstrap (button) folded before Flop (didn't bet)



PokerStars Hand #245745186453: Tournament #3639835470, $0.92+$0.08 USD Hold'em No Limit - Level I (10/20) - 2023/09/03 10:56:28 CET [2023/09/03 4:56:28 ET]
Table '3639835470 1' 3-max Seat #1 is the button
Seat 1: C4raDaBoch4 (500 in chips) 
Seat 2: Mahu2021 (530 in chips) 
Seat 3: jackstrap (470 in chips) is sitting out
Mahu2021: posts small blind 10
jackstrap: posts big blind 20
*** HOLE CARDS ***
Dealt to Mahu2021 [5h 2s]
C4raDaBoch4: raises 20 to 40
Mahu2021: folds 
jackstrap: folds 
Uncalled bet (20) returned to C4raDaBoch4
C4raDaBoch4 collected 50 from pot
jackstrap has returned
*** SUMMARY ***
Total pot 50 | Rake 0 
Seat 1: C4raDaBoch4 (button) collected (50)
Seat 2: Mahu2021 (small blind) folded before Flop
Seat 3: jackstrap (big blind) folded before Flop



PokerStars Hand #245745187347: Tournament #3639835470, $0.92+$0.08 USD Hold'em No Limit - Level I (10/20) - 2023/09/03 10:56:35 CET [2023/09/03 4:56:35 ET]
Table '3639835470 1' 3-max Seat #2 is the button
Seat 1: C4raDaBoch4 (530 in chips) 
Seat 2: Mahu2021 (520 in chips) 
Seat 3: jackstrap (450 in chips) 
jackstrap: posts small blind 10
C4raDaBoch4: posts big blind 20
*** HOLE CARDS ***
Dealt to Mahu2021 [3c Kd]
Mahu2021: folds 
jackstrap: folds 
Uncalled bet (10) returned to C4raDaBoch4
C4raDaBoch4 collected 20 from pot
*** SUMMARY ***
Total pot 20 | Rake 0 
Seat 1: C4raDaBoch4 (big blind) collected (20)
Seat 2: Mahu2021 (button) folded before Flop (didn't bet)
Seat 3: jackstrap (small blind) folded before Flop



PokerStars Hand #245745188188: Tournament #3639835470, $0.92+$0.08 USD Hold'em No Limit - Level I (10/20) - 2023/09/03 10:56:42 CET [2023/09/03 4:56:42 ET]
Table '3639835470 1' 3-max Seat #3 is the button
Seat 1: C4raDaBoch4 (540 in chips) 
Seat 2: Mahu2021 (520 in chips) 
Seat 3: jackstrap (440 in chips) 
C4raDaBoch4: posts small blind 10
Mahu2021: posts big blind 20
*** HOLE CARDS ***
Dealt to Mahu2021 [8c Qc]
jackstrap: folds 
C4raDaBoch4: folds 
Uncalled bet (10) returned to Mahu2021
Mahu2021 collected 20 from pot
Mahu2021: doesn't show hand 
*** SUMMARY ***
Total pot 20 | Rake 0 
Seat 1: C4raDaBoch4 (small blind) folded before Flop
Seat 2: Mahu2021 (big blind) collected (20)
Seat 3: jackstrap (button) folded before Flop (didn't bet)



PokerStars Hand #245745188950: Tournament #3639835470, $0.92+$0.08 USD Hold'em No Limit - Level I (10/20) - 2023/09/03 10:56:48 CET [2023/09/03 4:56:48 ET]
Table '3639835470 1' 3-max Seat #1 is the button
Seat 1: C4raDaBoch4 (530 in chips) 
Seat 2: Mahu2021 (530 in chips) 
Seat 3: jackstrap (440 in chips) 
Mahu2021: posts small blind 10
jackstrap: posts big blind 20
*** HOLE CARDS ***
Dealt to Mahu2021 [Ac 8h]
C4raDaBoch4: raises 20 to 40
Mahu2021: calls 30
jackstrap: calls 20
*** FLOP *** [9d 2h 2s]
Mahu2021: checks 
jackstrap: checks 
C4raDaBoch4: bets 20
Mahu2021: folds 
jackstrap: folds 
Uncalled bet (20) returned to C4raDaBoch4
C4raDaBoch4 collected 120 from pot
*** SUMMARY ***
Total pot 120 | Rake 0 
Board [9d 2h 2s]
Seat 1: C4raDaBoch4 (button) collected (120)
Seat 2: Mahu2021 (small blind) folded on the Flop
Seat 3: jackstrap (big blind) folded on the Flop



PokerStars Hand #245745191577: Tournament #3639835470, $0.92+$0.08 USD Hold'em No Limit - Level I (10/20) - 2023/09/03 10:57:10 CET [2023/09/03 4:57:10 ET]
Table '3639835470 1' 3-max Seat #2 is the button
Seat 1: C4raDaBoch4 (610 in chips) 
Seat 2: Mahu2021 (490 in chips) 
Seat 3: jackstrap (400 in chips) 
jackstrap: posts small blind 10
C4raDaBoch4: posts big blind 20
*** HOLE CARDS ***
Dealt to Mahu2021 [6s Td]
Mahu2021: folds 
jackstrap: calls 10
C4raDaBoch4: checks 
*** FLOP *** [Kd Th 9h]
jackstrap: bets 20
C4raDaBoch4: folds 
Uncalled bet (20) returned to jackstrap
jackstrap collected 40 from pot
jackstrap: doesn't show hand 
*** SUMMARY ***
Total pot 40 | Rake 0 
Board [Kd Th 9h]
Seat 1: C4raDaBoch4 (big blind) folded on the Flop
Seat 2: Mahu2021 (button) folded before Flop (didn't bet)
Seat 3: jackstrap (small blind) collected (40)



PokerStars Hand #245745193727: Tournament #3639835470, $0.92+$0.08 USD Hold'em No Limit - Level I (10/20) - 2023/09/03 10:57:27 CET [2023/09/03 4:57:27 ET]
Table '3639835470 1' 3-max Seat #3 is the button
Seat 1: C4raDaBoch4 (590 in chips) 
Seat 2: Mahu2021 (490 in chips) 
Seat 3: jackstrap (420 in chips) 
C4raDaBoch4: posts small blind 10
Mahu2021: posts big blind 20
*** HOLE CARDS ***
Dealt to Mahu2021 [5c Qd]
jackstrap: folds 
C4raDaBoch4: folds 
Uncalled bet (10) returned to Mahu2021
Mahu2021 collected 20 from pot
Mahu2021: doesn't show hand 
*** SUMMARY ***
Total pot 20 | Rake 0 
Seat 1: C4raDaBoch4 (small blind) folded before Flop
Seat 2: Mahu2021 (big blind) collected (20)
Seat 3: jackstrap (button) folded before Flop (didn't bet)



PokerStars Hand #245745194646: Tournament #3639835470, $0.92+$0.08 USD Hold'em No Limit - Level I (10/20) - 2023/09/03 10:57:35 CET [2023/09/03 4:57:35 ET]
Table '3639835470 1' 3-max Seat #1 is the button
Seat 1: C4raDaBoch4 (580 in chips) 
Seat 2: Mahu2021 (500 in chips) 
Seat 3: jackstrap (420 in chips) 
Mahu2021: posts small blind 10
jackstrap: posts big blind 20
*** HOLE CARDS ***
Dealt to Mahu2021 [5h 8s]
C4raDaBoch4: folds 
Mahu2021: folds 
Uncalled bet (10) returned to jackstrap
jackstrap collected 20 from pot
jackstrap: doesn't show hand 
*** SUMMARY ***
Total pot 20 | Rake 0 
Seat 1: C4raDaBoch4 (button) folded before Flop (didn't bet)
Seat 2: Mahu2021 (small blind) folded before Flop
Seat 3: jackstrap (big blind) collected (20)



PokerStars Hand #245745195319: Tournament #3639835470, $0.92+$0.08 USD Hold'em No Limit - Level I (10/20) - 2023/09/03 10:57:41 CET [2023/09/03 4:57:41 ET]
Table '3639835470 1' 3-max Seat #2 is the button
Seat 1: C4raDaBoch4 (580 in chips) 
Seat 2: Mahu2021 (490 in chips) 
Seat 3: jackstrap (430 in chips) 
jackstrap: posts small blind 10
C4raDaBoch4: posts big blind 20
*** HOLE CARDS ***
Dealt to Mahu2021 [6s 7h]
Mahu2021: raises 20 to 40
jackstrap: folds 
C4raDaBoch4: folds 
Uncalled bet (20) returned to Mahu2021
Mahu2021 collected 50 from pot
Mahu2021: doesn't show hand 
*** SUMMARY ***
Total pot 50 | Rake 0 
Seat 1: C4raDaBoch4 (big blind) folded before Flop
Seat 2: Mahu2021 (button) collected (50)
Seat 3: jackstrap (small blind) folded before Flop



PokerStars Hand #245745196133: Tournament #3639835470, $0.92+$0.08 USD Hold'em No Limit - Level I (10/20) - 2023/09/03 10:57:47 CET [2023/09/03 4:57:47 ET]
Table '3639835470 1' 3-max Seat #3 is the button
Seat 1: C4raDaBoch4 (560 in chips) 
Seat 2: Mahu2021 (520 in chips) 
Seat 3: jackstrap (420 in chips) 
C4raDaBoch4: posts small blind 10
Mahu2021: posts big blind 20
*** HOLE CARDS ***
Dealt to Mahu2021 [5s As]
jackstrap: folds 
C4raDaBoch4: folds 
Uncalled bet (10) returned to Mahu2021
Mahu2021 collected 20 from pot
Mahu2021: doesn't show hand 
*** SUMMARY ***
Total pot 20 | Rake 0 
Seat 1: C4raDaBoch4 (small blind) folded before Flop
Seat 2: Mahu2021 (big blind) collected (20)
Seat 3: jackstrap (button) folded before Flop (didn't bet)



PokerStars Hand #245745196898: Tournament #3639835470, $0.92+$0.08 USD Hold'em No Limit - Level I (10/20) - 2023/09/03 10:57:54 CET [2023/09/03 4:57:54 ET]
Table '3639835470 1' 3-max Seat #1 is the button
Seat 1: C4raDaBoch4 (550 in chips) 
Seat 2: Mahu2021 (530 in chips) 
Seat 3: jackstrap (420 in chips) 
Mahu2021: posts small blind 10
jackstrap: posts big blind 20
*** HOLE CARDS ***
Dealt to Mahu2021 [6d Qh]
C4raDaBoch4: folds 
Mahu2021: folds 
Uncalled bet (10) returned to jackstrap
jackstrap collected 20 from pot
jackstrap: doesn't show hand 
*** SUMMARY ***
Total pot 20 | Rake 0 
Seat 1: C4raDaBoch4 (button) folded before Flop (didn't bet)
Seat 2: Mahu2021 (small blind) folded before Flop
Seat 3: jackstrap (big blind) collected (20)



PokerStars Hand #245745198197: Tournament #3639835470, $0.92+$0.08 USD Hold'em No Limit - Level I (10/20) - 2023/09/03 10:58:05 CET [2023/09/03 4:58:05 ET]
Table '3639835470 1' 3-max Seat #2 is the button
Seat 1: C4raDaBoch4 (550 in chips) 
Seat 2: Mahu2021 (520 in chips) 
Seat 3: jackstrap (430 in chips) 
jackstrap: posts small blind 10
C4raDaBoch4: posts big blind 20
*** HOLE CARDS ***
Dealt to Mahu2021 [8h 8d]
Mahu2021: raises 40 to 60
jackstrap: calls 50
C4raDaBoch4: folds 
*** FLOP *** [Jh 6d 8s]
jackstrap: bets 370 and is all-in
Mahu2021: calls 370
*** TURN *** [Jh 6d 8s] [8c]
*** RIVER *** [Jh 6d 8s 8c] [Kh]
*** SHOW DOWN ***
jackstrap: shows [9s 9c] (two pair, Nines and Eights)
Mahu2021: shows [8h 8d] (four of a kind, Eights)
Mahu2021 collected 880 from pot
jackstrap finished the tournament in 3rd place
*** SUMMARY ***
Total pot 880 | Rake 0 
Board [Jh 6d 8s 8c Kh]
Seat 1: C4raDaBoch4 (big blind) folded before Flop
Seat 2: Mahu2021 (button) showed [8h 8d] and won (880) with four of a kind, Eights
Seat 3: jackstrap (small blind) showed [9s 9c] and lost with two pair, Nines and Eights



PokerStars Hand #245745200670: Tournament #3639835470, $0.92+$0.08 USD Hold'em No Limit - Level I (10/20) - 2023/09/03 10:58:25 CET [2023/09/03 4:58:25 ET]
Table '3639835470 1' 3-max Seat #1 is the button
Seat 1: C4raDaBoch4 (530 in chips) 
Seat 2: Mahu2021 (970 in chips) 
C4raDaBoch4: posts small blind 10
Mahu2021: posts big blind 20
*** HOLE CARDS ***
Dealt to Mahu2021 [9d Tc]
C4raDaBoch4: raises 20 to 40
Mahu2021: calls 20
*** FLOP *** [Jc Ac 2h]
Mahu2021: checks 
C4raDaBoch4: bets 40
Mahu2021: folds 
Uncalled bet (40) returned to C4raDaBoch4
C4raDaBoch4 collected 80 from pot
*** SUMMARY ***
Total pot 80 | Rake 0 
Board [Jc Ac 2h]
Seat 1: C4raDaBoch4 (button) (small blind) collected (80)
Seat 2: Mahu2021 (big blind) folded on the Flop



PokerStars Hand #245745203488: Tournament #3639835470, $0.92+$0.08 USD Hold'em No Limit - Level I (10/20) - 2023/09/03 10:58:49 CET [2023/09/03 4:58:49 ET]
Table '3639835470 1' 3-max Seat #2 is the button
Seat 1: C4raDaBoch4 (570 in chips) 
Seat 2: Mahu2021 (930 in chips) 
Mahu2021: posts small blind 10
C4raDaBoch4: posts big blind 20
*** HOLE CARDS ***
Dealt to Mahu2021 [Td 7d]
Mahu2021: calls 10
C4raDaBoch4: checks 
*** FLOP *** [9s Qh 8d]
C4raDaBoch4: bets 20
Mahu2021: calls 20
*** TURN *** [9s Qh 8d] [5h]
C4raDaBoch4: checks 
Mahu2021: bets 80
C4raDaBoch4: folds 
Uncalled bet (80) returned to Mahu2021
Mahu2021 collected 80 from pot
Mahu2021: doesn't show hand 
*** SUMMARY ***
Total pot 80 | Rake 0 
Board [9s Qh 8d 5h]
Seat 1: C4raDaBoch4 (big blind) folded on the Turn
Seat 2: Mahu2021 (button) (small blind) collected (80)



PokerStars Hand #245745206259: Tournament #3639835470, $0.92+$0.08 USD Hold'em No Limit - Level II (15/30) - 2023/09/03 10:59:12 CET [2023/09/03 4:59:12 ET]
Table '3639835470 1' 3-max Seat #1 is the button
Seat 1: C4raDaBoch4 (530 in chips) 
Seat 2: Mahu2021 (970 in chips) 
C4raDaBoch4: posts small blind 15
Mahu2021: posts big blind 30
*** HOLE CARDS ***
Dealt to Mahu2021 [Td 4s]
C4raDaBoch4: raises 30 to 60
Mahu2021: folds 
Uncalled bet (30) returned to C4raDaBoch4
C4raDaBoch4 collected 60 from pot
*** SUMMARY ***
Total pot 60 | Rake 0 
Seat 1: C4raDaBoch4 (button) (small blind) collected (60)
Seat 2: Mahu2021 (big blind) folded before Flop



PokerStars Hand #245745207206: Tournament #3639835470, $0.92+$0.08 USD Hold'em No Limit - Level II (15/30) - 2023/09/03 10:59:19 CET [2023/09/03 4:59:19 ET]
Table '3639835470 1' 3-max Seat #2 is the button
Seat 1: C4raDaBoch4 (560 in chips) 
Seat 2: Mahu2021 (940 in chips) 
Mahu2021: posts small blind 15
C4raDaBoch4: posts big blind 30
*** HOLE CARDS ***
Dealt to Mahu2021 [4h 6d]
Mahu2021: folds 
Uncalled bet (15) returned to C4raDaBoch4
C4raDaBoch4 collected 30 from pot
*** SUMMARY ***
Total pot 30 | Rake 0 
Seat 1: C4raDaBoch4 (big blind) collected (30)
Seat 2: Mahu2021 (button) (small blind) folded before Flop



PokerStars Hand #245745208387: Tournament #3639835470, $0.92+$0.08 USD Hold'em No Limit - Level II (15/30) - 2023/09/03 10:59:29 CET [2023/09/03 4:59:29 ET]
Table '3639835470 1' 3-max Seat #1 is the button
Seat 1: C4raDaBoch4 (575 in chips) 
Seat 2: Mahu2021 (925 in chips) 
C4raDaBoch4: posts small blind 15
Mahu2021: posts big blind 30
*** HOLE CARDS ***
Dealt to Mahu2021 [8h Jd]
C4raDaBoch4: raises 30 to 60
Mahu2021: calls 30
*** FLOP *** [7d 7c Ad]
Mahu2021: checks 
C4raDaBoch4: bets 60
Mahu2021: folds 
Uncalled bet (60) returned to C4raDaBoch4
C4raDaBoch4 collected 120 from pot
*** SUMMARY ***
Total pot 120 | Rake 0 
Board [7d 7c Ad]
Seat 1: C4raDaBoch4 (button) (small blind) collected (120)
Seat 2: Mahu2021 (big blind) folded on the Flop



PokerStars Hand #245745211319: Tournament #3639835470, $0.92+$0.08 USD Hold'em No Limit - Level II (15/30) - 2023/09/03 10:59:54 CET [2023/09/03 4:59:54 ET]
Table '3639835470 1' 3-max Seat #2 is the button
Seat 1: C4raDaBoch4 (635 in chips) 
Seat 2: Mahu2021 (865 in chips) 
Mahu2021: posts small blind 15
C4raDaBoch4: posts big blind 30
*** HOLE CARDS ***
Dealt to Mahu2021 [As Jd]
Mahu2021: raises 60 to 90
C4raDaBoch4: calls 60
*** FLOP *** [Th Td 5d]
C4raDaBoch4: checks 
Mahu2021: bets 775 and is all-in
C4raDaBoch4: folds 
Uncalled bet (775) returned to Mahu2021
Mahu2021 collected 180 from pot
Mahu2021: doesn't show hand 
*** SUMMARY ***
Total pot 180 | Rake 0 
Board [Th Td 5d]
Seat 1: C4raDaBoch4 (big blind) folded on the Flop
Seat 2: Mahu2021 (button) (small blind) collected (180)



PokerStars Hand #245745213235: Tournament #3639835470, $0.92+$0.08 USD Hold'em No Limit - Level II (15/30) - 2023/09/03 11:00:10 CET [2023/09/03 5:00:10 ET]
Table '3639835470 1' 3-max Seat #1 is the button
Seat 1: C4raDaBoch4 (545 in chips) 
Seat 2: Mahu2021 (955 in chips) 
C4raDaBoch4: posts small blind 15
Mahu2021: posts big blind 30
*** HOLE CARDS ***
Dealt to Mahu2021 [Ts 5h]
C4raDaBoch4: calls 15
Mahu2021: checks 
*** FLOP *** [Td 2c Jc]
Mahu2021: checks 
C4raDaBoch4: checks 
*** TURN *** [Td 2c Jc] [Ks]
Mahu2021: checks 
C4raDaBoch4: checks 
*** RIVER *** [Td 2c Jc Ks] [Kh]
Mahu2021: bets 60
C4raDaBoch4: folds 
Uncalled bet (60) returned to Mahu2021
Mahu2021 collected 60 from pot
Mahu2021: doesn't show hand 
*** SUMMARY ***
Total pot 60 | Rake 0 
Board [Td 2c Jc Ks Kh]
Seat 1: C4raDaBoch4 (button) (small blind) folded on the River
Seat 2: Mahu2021 (big blind) collected (60)



PokerStars Hand #245745215723: Tournament #3639835470, $0.92+$0.08 USD Hold'em No Limit - Level II (15/30) - 2023/09/03 11:00:30 CET [2023/09/03 5:00:30 ET]
Table '3639835470 1' 3-max Seat #2 is the button
Seat 1: C4raDaBoch4 (515 in chips) 
Seat 2: Mahu2021 (985 in chips) 
Mahu2021: posts small blind 15
C4raDaBoch4: posts big blind 30
*** HOLE CARDS ***
Dealt to Mahu2021 [Qs 6d]
Mahu2021: calls 15
C4raDaBoch4: checks 
*** FLOP *** [3h 7h 9c]
C4raDaBoch4: checks 
Mahu2021: checks 
*** TURN *** [3h 7h 9c] [2h]
C4raDaBoch4: checks 
Mahu2021: checks 
*** RIVER *** [3h 7h 9c 2h] [2c]
C4raDaBoch4: bets 30
Mahu2021: folds 
Uncalled bet (30) returned to C4raDaBoch4
C4raDaBoch4 collected 60 from pot
*** SUMMARY ***
Total pot 60 | Rake 0 
Board [3h 7h 9c 2h 2c]
Seat 1: C4raDaBoch4 (big blind) collected (60)
Seat 2: Mahu2021 (button) (small blind) folded on the River



PokerStars Hand #245745218222: Tournament #3639835470, $0.92+$0.08 USD Hold'em No Limit - Level II (15/30) - 2023/09/03 11:00:49 CET [2023/09/03 5:00:49 ET]
Table '3639835470 1' 3-max Seat #1 is the button
Seat 1: C4raDaBoch4 (545 in chips) 
Seat 2: Mahu2021 (955 in chips) 
C4raDaBoch4: posts small blind 15
Mahu2021: posts big blind 30
*** HOLE CARDS ***
Dealt to Mahu2021 [8s Kd]
C4raDaBoch4: calls 15
Mahu2021: checks 
*** FLOP *** [7d 6d Kh]
Mahu2021: checks 
C4raDaBoch4: bets 30
Mahu2021: calls 30
*** TURN *** [7d 6d Kh] [Tc]
Mahu2021: checks 
C4raDaBoch4: checks 
*** RIVER *** [7d 6d Kh Tc] [Qs]
Mahu2021: checks 
C4raDaBoch4: checks 
*** SHOW DOWN ***
Mahu2021: shows [8s Kd] (a pair of Kings)
C4raDaBoch4: mucks hand 
Mahu2021 collected 120 from pot
*** SUMMARY ***
Total pot 120 | Rake 0 
Board [7d 6d Kh Tc Qs]
Seat 1: C4raDaBoch4 (button) (small blind) mucked [Jh 4d]
Seat 2: Mahu2021 (big blind) showed [8s Kd] and won (120) with a pair of Kings



PokerStars Hand #245745220971: Tournament #3639835470, $0.92+$0.08 USD Hold'em No Limit - Level II (15/30) - 2023/09/03 11:01:09 CET [2023/09/03 5:01:09 ET]
Table '3639835470 1' 3-max Seat #2 is the button
Seat 1: C4raDaBoch4 (485 in chips) 
Seat 2: Mahu2021 (1015 in chips) 
Mahu2021: posts small blind 15
C4raDaBoch4: posts big blind 30
*** HOLE CARDS ***
Dealt to Mahu2021 [3c As]
Mahu2021: raises 30 to 60
C4raDaBoch4: calls 30
*** FLOP *** [2h Js 7d]
C4raDaBoch4: bets 60
Mahu2021: folds 
Uncalled bet (60) returned to C4raDaBoch4
C4raDaBoch4 collected 120 from pot
*** SUMMARY ***
Total pot 120 | Rake 0 
Board [2h Js 7d]
Seat 1: C4raDaBoch4 (big blind) collected (120)
Seat 2: Mahu2021 (button) (small blind) folded on the Flop



PokerStars Hand #245745223249: Tournament #3639835470, $0.92+$0.08 USD Hold'em No Limit - Level II (15/30) - 2023/09/03 11:01:26 CET [2023/09/03 5:01:26 ET]
Table '3639835470 1' 3-max Seat #1 is the button
Seat 1: C4raDaBoch4 (545 in chips) 
Seat 2: Mahu2021 (955 in chips) 
C4raDaBoch4: posts small blind 15
Mahu2021: posts big blind 30
*** HOLE CARDS ***
Dealt to Mahu2021 [8h Kc]
C4raDaBoch4: raises 30 to 60
Mahu2021: calls 30
*** FLOP *** [8d 2s 5d]
Mahu2021: bets 895 and is all-in
C4raDaBoch4: calls 485 and is all-in
Uncalled bet (410) returned to Mahu2021
*** TURN *** [8d 2s 5d] [2c]
*** RIVER *** [8d 2s 5d 2c] [Jd]
*** SHOW DOWN ***
Mahu2021: shows [8h Kc] (two pair, Eights and Deuces)
C4raDaBoch4: shows [Jc As] (two pair, Jacks and Deuces)
C4raDaBoch4 collected 1090 from pot
*** SUMMARY ***
Total pot 1090 | Rake 0 
Board [8d 2s 5d 2c Jd]
Seat 1: C4raDaBoch4 (button) (small blind) showed [Jc As] and won (1090) with two pair, Jacks and Deuces
Seat 2: Mahu2021 (big blind) showed [8h Kc] and lost with two pair, Eights and Deuces



PokerStars Hand #245745225471: Tournament #3639835470, $0.92+$0.08 USD Hold'em No Limit - Level II (15/30) - 2023/09/03 11:01:42 CET [2023/09/03 5:01:42 ET]
Table '3639835470 1' 3-max Seat #2 is the button
Seat 1: C4raDaBoch4 (1090 in chips) 
Seat 2: Mahu2021 (410 in chips) 
Mahu2021: posts small blind 15
C4raDaBoch4: posts big blind 30
*** HOLE CARDS ***
Dealt to Mahu2021 [As Ac]
Mahu2021: raises 380 to 410 and is all-in
C4raDaBoch4: calls 380
*** FLOP *** [2h Ts 7c]
*** TURN *** [2h Ts 7c] [4s]
*** RIVER *** [2h Ts 7c 4s] [5s]
*** SHOW DOWN ***
C4raDaBoch4: shows [Qh Ks] (high card King)
Mahu2021: shows [As Ac] (a pair of Aces)
Mahu2021 collected 820 from pot
*** SUMMARY ***
Total pot 820 | Rake 0 
Board [2h Ts 7c 4s 5s]
Seat 1: C4raDaBoch4 (big blind) showed [Qh Ks] and lost with high card King
Seat 2: Mahu2021 (button) (small blind) showed [As Ac] and won (820) with a pair of Aces



PokerStars Hand #245745227837: Tournament #3639835470, $0.92+$0.08 USD Hold'em No Limit - Level III (20/40) - 2023/09/03 11:01:59 CET [2023/09/03 5:01:59 ET]
Table '3639835470 1' 3-max Seat #1 is the button
Seat 1: C4raDaBoch4 (680 in chips) 
Seat 2: Mahu2021 (820 in chips) 
C4raDaBoch4: posts small blind 20
Mahu2021: posts big blind 40
*** HOLE CARDS ***
Dealt to Mahu2021 [3d 3s]
C4raDaBoch4: calls 20
Mahu2021: checks 
*** FLOP *** [Ts As 5d]
Mahu2021: checks 
C4raDaBoch4: checks 
*** TURN *** [Ts As 5d] [9d]
Mahu2021: checks 
C4raDaBoch4: checks 
*** RIVER *** [Ts As 5d 9d] [Tc]
Mahu2021: checks 
C4raDaBoch4: checks 
*** SHOW DOWN ***
Mahu2021: shows [3d 3s] (two pair, Tens and Threes)
C4raDaBoch4: mucks hand 
Mahu2021 collected 80 from pot
*** SUMMARY ***
Total pot 80 | Rake 0 
Board [Ts As 5d 9d Tc]
Seat 1: C4raDaBoch4 (button) (small blind) mucked [7c Jd]
Seat 2: Mahu2021 (big blind) showed [3d 3s] and won (80) with two pair, Tens and Threes



PokerStars Hand #245745230371: Tournament #3639835470, $0.92+$0.08 USD Hold'em No Limit - Level III (20/40) - 2023/09/03 11:02:17 CET [2023/09/03 5:02:17 ET]
Table '3639835470 1' 3-max Seat #2 is the button
Seat 1: C4raDaBoch4 (640 in chips) 
Seat 2: Mahu2021 (860 in chips) 
Mahu2021: posts small blind 20
C4raDaBoch4: posts big blind 40
*** HOLE CARDS ***
Dealt to Mahu2021 [Jh 2h]
Mahu2021: calls 20
C4raDaBoch4: raises 600 to 640 and is all-in
Mahu2021: folds 
Uncalled bet (600) returned to C4raDaBoch4
C4raDaBoch4 collected 80 from pot
*** SUMMARY ***
Total pot 80 | Rake 0 
Seat 1: C4raDaBoch4 (big blind) collected (80)
Seat 2: Mahu2021 (button) (small blind) folded before Flop



PokerStars Hand #245745231973: Tournament #3639835470, $0.92+$0.08 USD Hold'em No Limit - Level III (20/40) - 2023/09/03 11:02:28 CET [2023/09/03 5:02:28 ET]
Table '3639835470 1' 3-max Seat #1 is the button
Seat 1: C4raDaBoch4 (680 in chips) 
Seat 2: Mahu2021 (820 in chips) 
C4raDaBoch4: posts small blind 20
Mahu2021: posts big blind 40
*** HOLE CARDS ***
Dealt to Mahu2021 [2d Jh]
C4raDaBoch4: folds 
Uncalled bet (20) returned to Mahu2021
Mahu2021 collected 40 from pot
Mahu2021: doesn't show hand 
*** SUMMARY ***
Total pot 40 | Rake 0 
Seat 1: C4raDaBoch4 (button) (small blind) folded before Flop
Seat 2: Mahu2021 (big blind) collected (40)



PokerStars Hand #245745232908: Tournament #3639835470, $0.92+$0.08 USD Hold'em No Limit - Level III (20/40) - 2023/09/03 11:02:35 CET [2023/09/03 5:02:35 ET]
Table '3639835470 1' 3-max Seat #2 is the button
Seat 1: C4raDaBoch4 (660 in chips) 
Seat 2: Mahu2021 (840 in chips) 
Mahu2021: posts small blind 20
C4raDaBoch4: posts big blind 40
*** HOLE CARDS ***
Dealt to Mahu2021 [5d 2s]
Mahu2021: folds 
Uncalled bet (20) returned to C4raDaBoch4
C4raDaBoch4 collected 40 from pot
*** SUMMARY ***
Total pot 40 | Rake 0 
Seat 1: C4raDaBoch4 (big blind) collected (40)
Seat 2: Mahu2021 (button) (small blind) folded before Flop



PokerStars Hand #245745233611: Tournament #3639835470, $0.92+$0.08 USD Hold'em No Limit - Level III (20/40) - 2023/09/03 11:02:40 CET [2023/09/03 5:02:40 ET]
Table '3639835470 1' 3-max Seat #1 is the button
Seat 1: C4raDaBoch4 (680 in chips) 
Seat 2: Mahu2021 (820 in chips) 
C4raDaBoch4: posts small blind 20
Mahu2021: posts big blind 40
*** HOLE CARDS ***
Dealt to Mahu2021 [4h Kc]
C4raDaBoch4: raises 40 to 80
Mahu2021: calls 40
*** FLOP *** [7s 9s 7c]
Mahu2021: checks 
C4raDaBoch4: bets 40
Mahu2021: calls 40
*** TURN *** [7s 9s 7c] [8c]
Mahu2021: checks 
C4raDaBoch4: bets 40
Mahu2021: raises 660 to 700 and is all-in
C4raDaBoch4: calls 520 and is all-in
Uncalled bet (140) returned to Mahu2021
*** RIVER *** [7s 9s 7c 8c] [2s]
*** SHOW DOWN ***
Mahu2021: shows [4h Kc] (a pair of Sevens)
C4raDaBoch4: shows [Ah 7d] (three of a kind, Sevens)
C4raDaBoch4 collected 1360 from pot
*** SUMMARY ***
Total pot 1360 | Rake 0 
Board [7s 9s 7c 8c 2s]
Seat 1: C4raDaBoch4 (button) (small blind) showed [Ah 7d] and won (1360) with three of a kind, Sevens
Seat 2: Mahu2021 (big blind) showed [4h Kc] and lost with a pair of Sevens



PokerStars Hand #245745236826: Tournament #3639835470, $0.92+$0.08 USD Hold'em No Limit - Level III (20/40) - 2023/09/03 11:03:03 CET [2023/09/03 5:03:03 ET]
Table '3639835470 1' 3-max Seat #2 is the button
Seat 1: C4raDaBoch4 (1360 in chips) 
Seat 2: Mahu2021 (140 in chips) 
Mahu2021: posts small blind 20
C4raDaBoch4: posts big blind 40
*** HOLE CARDS ***
Dealt to Mahu2021 [Td 8s]
Mahu2021: raises 100 to 140 and is all-in
C4raDaBoch4: folds 
Uncalled bet (100) returned to Mahu2021
Mahu2021 collected 80 from pot
Mahu2021: doesn't show hand 
*** SUMMARY ***
Total pot 80 | Rake 0 
Seat 1: C4raDaBoch4 (big blind) folded before Flop
Seat 2: Mahu2021 (button) (small blind) collected (80)



PokerStars Hand #245745238178: Tournament #3639835470, $0.92+$0.08 USD Hold'em No Limit - Level III (20/40) - 2023/09/03 11:03:13 CET [2023/09/03 5:03:13 ET]
Table '3639835470 1' 3-max Seat #1 is the button
Seat 1: C4raDaBoch4 (1320 in chips) 
Seat 2: Mahu2021 (180 in chips) 
C4raDaBoch4: posts small blind 20
Mahu2021: posts big blind 40
*** HOLE CARDS ***
Dealt to Mahu2021 [Tc Kd]
C4raDaBoch4: folds 
Uncalled bet (20) returned to Mahu2021
Mahu2021 collected 40 from pot
Mahu2021: doesn't show hand 
*** SUMMARY ***
Total pot 40 | Rake 0 
Seat 1: C4raDaBoch4 (button) (small blind) folded before Flop
Seat 2: Mahu2021 (big blind) collected (40)



PokerStars Hand #245745238945: Tournament #3639835470, $0.92+$0.08 USD Hold'em No Limit - Level III (20/40) - 2023/09/03 11:03:19 CET [2023/09/03 5:03:19 ET]
Table '3639835470 1' 3-max Seat #2 is the button
Seat 1: C4raDaBoch4 (1300 in chips) 
Seat 2: Mahu2021 (200 in chips) 
Mahu2021: posts small blind 20
C4raDaBoch4: posts big blind 40
*** HOLE CARDS ***
Dealt to Mahu2021 [6h 7h]
Mahu2021: raises 160 to 200 and is all-in
C4raDaBoch4: calls 160
*** FLOP *** [Ts Jc 6d]
*** TURN *** [Ts Jc 6d] [5s]
*** RIVER *** [Ts Jc 6d 5s] [5d]
*** SHOW DOWN ***
C4raDaBoch4: shows [Kh 4c] (a pair of Fives)
Mahu2021: shows [6h 7h] (two pair, Sixes and Fives)
Mahu2021 collected 400 from pot
*** SUMMARY ***
Total pot 400 | Rake 0 
Board [Ts Jc 6d 5s 5d]
Seat 1: C4raDaBoch4 (big blind) showed [Kh 4c] and lost with a pair of Fives
Seat 2: Mahu2021 (button) (small blind) showed [6h 7h] and won (400) with two pair, Sixes and Fives



PokerStars Hand #245745241085: Tournament #3639835470, $0.92+$0.08 USD Hold'em No Limit - Level III (20/40) - 2023/09/03 11:03:34 CET [2023/09/03 5:03:34 ET]
Table '3639835470 1' 3-max Seat #1 is the button
Seat 1: C4raDaBoch4 (1100 in chips) 
Seat 2: Mahu2021 (400 in chips) 
C4raDaBoch4: posts small blind 20
Mahu2021: posts big blind 40
*** HOLE CARDS ***
Dealt to Mahu2021 [6c Qs]
C4raDaBoch4: calls 20
Mahu2021: checks 
*** FLOP *** [Qh Jc 2s]
Mahu2021: checks 
C4raDaBoch4: checks 
*** TURN *** [Qh Jc 2s] [7s]
Mahu2021: checks 
C4raDaBoch4: checks 
*** RIVER *** [Qh Jc 2s 7s] [4h]
Mahu2021: bets 80
C4raDaBoch4: calls 80
*** SHOW DOWN ***
Mahu2021: shows [6c Qs] (a pair of Queens)
C4raDaBoch4: mucks hand 
Mahu2021 collected 240 from pot
*** SUMMARY ***
Total pot 240 | Rake 0 
Board [Qh Jc 2s 7s 4h]
Seat 1: C4raDaBoch4 (button) (small blind) mucked [4s 8h]
Seat 2: Mahu2021 (big blind) showed [6c Qs] and won (240) with a pair of Queens



PokerStars Hand #245745244161: Tournament #3639835470, $0.92+$0.08 USD Hold'em No Limit - Level III (20/40) - 2023/09/03 11:03:56 CET [2023/09/03 5:03:56 ET]
Table '3639835470 1' 3-max Seat #2 is the button
Seat 1: C4raDaBoch4 (980 in chips) 
Seat 2: Mahu2021 (520 in chips) 
Mahu2021: posts small blind 20
C4raDaBoch4: posts big blind 40
*** HOLE CARDS ***
Dealt to Mahu2021 [Qd 5c]
Mahu2021: calls 20
C4raDaBoch4: raises 940 to 980 and is all-in
Mahu2021: folds 
Uncalled bet (940) returned to C4raDaBoch4
C4raDaBoch4 collected 80 from pot
*** SUMMARY ***
Total pot 80 | Rake 0 
Seat 1: C4raDaBoch4 (big blind) collected (80)
Seat 2: Mahu2021 (button) (small blind) folded before Flop



PokerStars Hand #245745245754: Tournament #3639835470, $0.92+$0.08 USD Hold'em No Limit - Level III (20/40) - 2023/09/03 11:04:08 CET [2023/09/03 5:04:08 ET]
Table '3639835470 1' 3-max Seat #1 is the button
Seat 1: C4raDaBoch4 (1020 in chips) 
Seat 2: Mahu2021 (480 in chips) 
C4raDaBoch4: posts small blind 20
Mahu2021: posts big blind 40
*** HOLE CARDS ***
Dealt to Mahu2021 [9c 7s]
C4raDaBoch4: calls 20
Mahu2021: checks 
*** FLOP *** [Ah 3h Qd]
Mahu2021: checks 
C4raDaBoch4: bets 40
Mahu2021: folds 
Uncalled bet (40) returned to C4raDaBoch4
C4raDaBoch4 collected 80 from pot
*** SUMMARY ***
Total pot 80 | Rake 0 
Board [Ah 3h Qd]
Seat 1: C4raDaBoch4 (button) (small blind) collected (80)
Seat 2: Mahu2021 (big blind) folded on the Flop



PokerStars Hand #245745248230: Tournament #3639835470, $0.92+$0.08 USD Hold'em No Limit - Level III (20/40) - 2023/09/03 11:04:25 CET [2023/09/03 5:04:25 ET]
Table '3639835470 1' 3-max Seat #2 is the button
Seat 1: C4raDaBoch4 (1060 in chips) 
Seat 2: Mahu2021 (440 in chips) 
Mahu2021: posts small blind 20
C4raDaBoch4: posts big blind 40
*** HOLE CARDS ***
Dealt to Mahu2021 [Td Kc]
Mahu2021: raises 400 to 440 and is all-in
C4raDaBoch4: calls 400
*** FLOP *** [9h 4d Jh]
*** TURN *** [9h 4d Jh] [3s]
*** RIVER *** [9h 4d Jh 3s] [Jc]
*** SHOW DOWN ***
C4raDaBoch4: shows [5d Ah] (a pair of Jacks)
Mahu2021: shows [Td Kc] (a pair of Jacks - lower kicker)
C4raDaBoch4 collected 880 from pot
Mahu2021 finished the tournament in 2nd place
C4raDaBoch4 wins the tournament and receives $3.00 - congratulations!
*** SUMMARY ***
Total pot 880 | Rake 0 
Board [9h 4d Jh 3s Jc]
Seat 1: C4raDaBoch4 (big blind) showed [5d Ah] and won (880) with a pair of Jacks
Seat 2: Mahu2021 (button) (small blind) showed [Td Kc] and lost with a pair of Jacks



