PokerStars Hand #253327470076: Tournament #3821793628, $1.84+$0.16 USD Hold'em No Limit - Level I (10/20) - 2024/11/09 17:53:24 CET [2024/11/09 11:53:24 ET]
Table '3821793628 1' 3-max Seat #1 is the button
Seat 1: Mahu2021 (500 in chips) 
Seat 2: KruLito (500 in chips) 
Seat 3: boidoidu (500 in chips) 
KruLito: posts small blind 10
boidoidu: posts big blind 20
*** HOLE CARDS ***
Dealt to Mahu2021 [Jc Td]
Mahu2021: raises 20 to 40
KruLito: folds 
boidoidu: folds 
Uncalled bet (20) returned to Mahu2021
Mahu2021 collected 50 from pot
Mahu2021: doesn't show hand 
*** SUMMARY ***
Total pot 50 | Rake 0 
Seat 1: Mahu2021 (button) collected (50)
Seat 2: KruLito (small blind) folded before Flop
Seat 3: boidoidu (big blind) folded before Flop



PokerStars Hand #253327474436: Tournament #3821793628, $1.84+$0.16 USD Hold'em No Limit - Level I (10/20) - 2024/11/09 17:53:43 CET [2024/11/09 11:53:43 ET]
Table '3821793628 1' 3-max Seat #2 is the button
Seat 1: Mahu2021 (530 in chips) 
Seat 2: KruLito (490 in chips) 
Seat 3: boidoidu (480 in chips) 
boidoidu: posts small blind 10
Mahu2021: posts big blind 20
*** HOLE CARDS ***
Dealt to Mahu2021 [4c 5c]
KruLito: raises 20 to 40
boidoidu: folds 
Mahu2021: calls 20
*** FLOP *** [6s Kh 5d]
Mahu2021: checks 
KruLito: bets 30
Mahu2021: calls 30
*** TURN *** [6s Kh 5d] [Qd]
Mahu2021: checks 
KruLito: bets 90
Mahu2021: folds 
Uncalled bet (90) returned to KruLito
KruLito collected 150 from pot
KruLito: doesn't show hand 
*** SUMMARY ***
Total pot 150 | Rake 0 
Board [6s Kh 5d Qd]
Seat 1: Mahu2021 (big blind) folded on the Turn
Seat 2: KruLito (button) collected (150)
Seat 3: boidoidu (small blind) folded before Flop



PokerStars Hand #253327479161: Tournament #3821793628, $1.84+$0.16 USD Hold'em No Limit - Level I (10/20) - 2024/11/09 17:54:03 CET [2024/11/09 11:54:03 ET]
Table '3821793628 1' 3-max Seat #3 is the button
Seat 1: Mahu2021 (460 in chips) 
Seat 2: KruLito (570 in chips) 
Seat 3: boidoidu (470 in chips) 
Mahu2021: posts small blind 10
KruLito: posts big blind 20
*** HOLE CARDS ***
Dealt to Mahu2021 [2s 5h]
boidoidu: raises 20 to 40
Mahu2021: folds 
KruLito: calls 20
*** FLOP *** [5d Jh 4s]
KruLito: checks 
boidoidu: bets 45
KruLito: raises 65 to 110
boidoidu: calls 65
*** TURN *** [5d Jh 4s] [6d]
KruLito: checks 
boidoidu: checks 
*** RIVER *** [5d Jh 4s 6d] [6h]
KruLito: bets 155
boidoidu: folds 
Uncalled bet (155) returned to KruLito
KruLito collected 310 from pot
KruLito: doesn't show hand 
*** SUMMARY ***
Total pot 310 | Rake 0 
Board [5d Jh 4s 6d 6h]
Seat 1: Mahu2021 (small blind) folded before Flop
Seat 2: KruLito (big blind) collected (310)
Seat 3: boidoidu (button) folded on the River



PokerStars Hand #253327492064: Tournament #3821793628, $1.84+$0.16 USD Hold'em No Limit - Level I (10/20) - 2024/11/09 17:54:59 CET [2024/11/09 11:54:59 ET]
Table '3821793628 1' 3-max Seat #1 is the button
Seat 1: Mahu2021 (450 in chips) 
Seat 2: KruLito (730 in chips) 
Seat 3: boidoidu (320 in chips) 
KruLito: posts small blind 10
boidoidu: posts big blind 20
*** HOLE CARDS ***
Dealt to Mahu2021 [Jd As]
Mahu2021: raises 20 to 40
KruLito: folds 
boidoidu: calls 20
*** FLOP *** [8c 3s Jh]
boidoidu: checks 
Mahu2021: bets 90
boidoidu: folds 
Uncalled bet (90) returned to Mahu2021
Mahu2021 collected 90 from pot
Mahu2021: doesn't show hand 
*** SUMMARY ***
Total pot 90 | Rake 0 
Board [8c 3s Jh]
Seat 1: Mahu2021 (button) collected (90)
Seat 2: KruLito (small blind) folded before Flop
Seat 3: boidoidu (big blind) folded on the Flop



PokerStars Hand #253327495224: Tournament #3821793628, $1.84+$0.16 USD Hold'em No Limit - Level I (10/20) - 2024/11/09 17:55:13 CET [2024/11/09 11:55:13 ET]
Table '3821793628 1' 3-max Seat #2 is the button
Seat 1: Mahu2021 (500 in chips) 
Seat 2: KruLito (720 in chips) 
Seat 3: boidoidu (280 in chips) 
boidoidu: posts small blind 10
Mahu2021: posts big blind 20
*** HOLE CARDS ***
Dealt to Mahu2021 [Th 2d]
KruLito: folds 
boidoidu: calls 10
Mahu2021: checks 
*** FLOP *** [7h 2c Ah]
boidoidu: bets 40
Mahu2021: folds 
Uncalled bet (40) returned to boidoidu
boidoidu collected 40 from pot
*** SUMMARY ***
Total pot 40 | Rake 0 
Board [7h 2c Ah]
Seat 1: Mahu2021 (big blind) folded on the Flop
Seat 2: KruLito (button) folded before Flop (didn't bet)
Seat 3: boidoidu (small blind) collected (40)



PokerStars Hand #253327497632: Tournament #3821793628, $1.84+$0.16 USD Hold'em No Limit - Level I (10/20) - 2024/11/09 17:55:26 CET [2024/11/09 11:55:26 ET]
Table '3821793628 1' 3-max Seat #3 is the button
Seat 1: Mahu2021 (480 in chips) 
Seat 2: KruLito (720 in chips) 
Seat 3: boidoidu (300 in chips) 
Mahu2021: posts small blind 10
KruLito: posts big blind 20
*** HOLE CARDS ***
Dealt to Mahu2021 [2d 6c]
boidoidu: folds 
Mahu2021: folds 
Uncalled bet (10) returned to KruLito
KruLito collected 20 from pot
KruLito: doesn't show hand 
*** SUMMARY ***
Total pot 20 | Rake 0 
Seat 1: Mahu2021 (small blind) folded before Flop
Seat 2: KruLito (big blind) collected (20)
Seat 3: boidoidu (button) folded before Flop (didn't bet)



PokerStars Hand #253327498424: Tournament #3821793628, $1.84+$0.16 USD Hold'em No Limit - Level I (10/20) - 2024/11/09 17:55:31 CET [2024/11/09 11:55:31 ET]
Table '3821793628 1' 3-max Seat #1 is the button
Seat 1: Mahu2021 (470 in chips) 
Seat 2: KruLito (730 in chips) 
Seat 3: boidoidu (300 in chips) 
KruLito: posts small blind 10
boidoidu: posts big blind 20
*** HOLE CARDS ***
Dealt to Mahu2021 [8c 4s]
Mahu2021: folds 
KruLito: folds 
Uncalled bet (10) returned to boidoidu
boidoidu collected 20 from pot
*** SUMMARY ***
Total pot 20 | Rake 0 
Seat 1: Mahu2021 (button) folded before Flop (didn't bet)
Seat 2: KruLito (small blind) folded before Flop
Seat 3: boidoidu (big blind) collected (20)



PokerStars Hand #253327499936: Tournament #3821793628, $1.84+$0.16 USD Hold'em No Limit - Level I (10/20) - 2024/11/09 17:55:40 CET [2024/11/09 11:55:40 ET]
Table '3821793628 1' 3-max Seat #2 is the button
Seat 1: Mahu2021 (470 in chips) 
Seat 2: KruLito (720 in chips) 
Seat 3: boidoidu (310 in chips) 
boidoidu: posts small blind 10
Mahu2021: posts big blind 20
*** HOLE CARDS ***
Dealt to Mahu2021 [Kd 5h]
KruLito: folds 
boidoidu: raises 20 to 40
Mahu2021: calls 20
*** FLOP *** [7d 2h Th]
boidoidu: checks 
Mahu2021: checks 
*** TURN *** [7d 2h Th] [Ac]
boidoidu: bets 80
Mahu2021: folds 
Uncalled bet (80) returned to boidoidu
boidoidu collected 80 from pot
*** SUMMARY ***
Total pot 80 | Rake 0 
Board [7d 2h Th Ac]
Seat 1: Mahu2021 (big blind) folded on the Turn
Seat 2: KruLito (button) folded before Flop (didn't bet)
Seat 3: boidoidu (small blind) collected (80)



PokerStars Hand #253327502272: Tournament #3821793628, $1.84+$0.16 USD Hold'em No Limit - Level I (10/20) - 2024/11/09 17:55:54 CET [2024/11/09 11:55:54 ET]
Table '3821793628 1' 3-max Seat #3 is the button
Seat 1: Mahu2021 (430 in chips) 
Seat 2: KruLito (720 in chips) 
Seat 3: boidoidu (350 in chips) 
Mahu2021: posts small blind 10
KruLito: posts big blind 20
*** HOLE CARDS ***
Dealt to Mahu2021 [3h Td]
boidoidu: raises 20 to 40
Mahu2021: folds 
KruLito: calls 20
*** FLOP *** [4h Tc Ac]
KruLito: checks 
boidoidu: bets 45
KruLito: folds 
Uncalled bet (45) returned to boidoidu
boidoidu collected 90 from pot
*** SUMMARY ***
Total pot 90 | Rake 0 
Board [4h Tc Ac]
Seat 1: Mahu2021 (small blind) folded before Flop
Seat 2: KruLito (big blind) folded on the Flop
Seat 3: boidoidu (button) collected (90)



PokerStars Hand #253327505316: Tournament #3821793628, $1.84+$0.16 USD Hold'em No Limit - Level I (10/20) - 2024/11/09 17:56:12 CET [2024/11/09 11:56:12 ET]
Table '3821793628 1' 3-max Seat #1 is the button
Seat 1: Mahu2021 (420 in chips) 
Seat 2: KruLito (680 in chips) 
Seat 3: boidoidu (400 in chips) 
KruLito: posts small blind 10
boidoidu: posts big blind 20
*** HOLE CARDS ***
Dealt to Mahu2021 [6d Kd]
Mahu2021: raises 20 to 40
KruLito: calls 30
boidoidu: calls 20
*** FLOP *** [8h 4d 5d]
KruLito: checks 
boidoidu: checks 
Mahu2021: bets 120
KruLito: calls 120
boidoidu: folds 
*** TURN *** [8h 4d 5d] [Qd]
KruLito: bets 520 and is all-in
Mahu2021: calls 260 and is all-in
Uncalled bet (260) returned to KruLito
*** RIVER *** [8h 4d 5d Qd] [2c]
*** SHOW DOWN ***
KruLito: shows [Ts 9d] (high card Queen)
Mahu2021: shows [6d Kd] (a flush, King high)
Mahu2021 collected 880 from pot
*** SUMMARY ***
Total pot 880 | Rake 0 
Board [8h 4d 5d Qd 2c]
Seat 1: Mahu2021 (button) showed [6d Kd] and won (880) with a flush, King high
Seat 2: KruLito (small blind) showed [Ts 9d] and lost with high card Queen
Seat 3: boidoidu (big blind) folded on the Flop



PokerStars Hand #253327510146: Tournament #3821793628, $1.84+$0.16 USD Hold'em No Limit - Level II (15/30) - 2024/11/09 17:56:41 CET [2024/11/09 11:56:41 ET]
Table '3821793628 1' 3-max Seat #2 is the button
Seat 1: Mahu2021 (880 in chips) 
Seat 2: KruLito (260 in chips) 
Seat 3: boidoidu (360 in chips) 
boidoidu: posts small blind 15
Mahu2021: posts big blind 30
*** HOLE CARDS ***
Dealt to Mahu2021 [Js Jd]
KruLito: folds 
boidoidu: folds 
Uncalled bet (15) returned to Mahu2021
Mahu2021 collected 30 from pot
Mahu2021: doesn't show hand 
*** SUMMARY ***
Total pot 30 | Rake 0 
Seat 1: Mahu2021 (big blind) collected (30)
Seat 2: KruLito (button) folded before Flop (didn't bet)
Seat 3: boidoidu (small blind) folded before Flop



PokerStars Hand #253327514254: Tournament #3821793628, $1.84+$0.16 USD Hold'em No Limit - Level II (15/30) - 2024/11/09 17:57:06 CET [2024/11/09 11:57:06 ET]
Table '3821793628 1' 3-max Seat #3 is the button
Seat 1: Mahu2021 (895 in chips) 
Seat 2: KruLito (260 in chips) 
Seat 3: boidoidu (345 in chips) 
Mahu2021: posts small blind 15
KruLito: posts big blind 30
*** HOLE CARDS ***
Dealt to Mahu2021 [Jc Kd]
boidoidu: raises 30 to 60
Mahu2021: calls 45
KruLito: calls 30
*** FLOP *** [6s 5d 7d]
Mahu2021: checks 
KruLito: checks 
boidoidu: bets 180
Mahu2021: folds 
KruLito: folds 
Uncalled bet (180) returned to boidoidu
boidoidu collected 180 from pot
*** SUMMARY ***
Total pot 180 | Rake 0 
Board [6s 5d 7d]
Seat 1: Mahu2021 (small blind) folded on the Flop
Seat 2: KruLito (big blind) folded on the Flop
Seat 3: boidoidu (button) collected (180)



PokerStars Hand #253327516984: Tournament #3821793628, $1.84+$0.16 USD Hold'em No Limit - Level II (15/30) - 2024/11/09 17:57:22 CET [2024/11/09 11:57:22 ET]
Table '3821793628 1' 3-max Seat #1 is the button
Seat 1: Mahu2021 (835 in chips) 
Seat 2: KruLito (200 in chips) 
Seat 3: boidoidu (465 in chips) 
KruLito: posts small blind 15
boidoidu: posts big blind 30
*** HOLE CARDS ***
Dealt to Mahu2021 [7c 3c]
Mahu2021: folds 
KruLito: raises 170 to 200 and is all-in
boidoidu: calls 170
*** FLOP *** [6h 5h Ts]
*** TURN *** [6h 5h Ts] [2c]
*** RIVER *** [6h 5h Ts 2c] [9s]
*** SHOW DOWN ***
KruLito: shows [8c 9c] (a pair of Nines)
boidoidu: shows [Kd 7s] (high card King)
KruLito collected 400 from pot
*** SUMMARY ***
Total pot 400 | Rake 0 
Board [6h 5h Ts 2c 9s]
Seat 1: Mahu2021 (button) folded before Flop (didn't bet)
Seat 2: KruLito (small blind) showed [8c 9c] and won (400) with a pair of Nines
Seat 3: boidoidu (big blind) showed [Kd 7s] and lost with high card King



PokerStars Hand #253327519539: Tournament #3821793628, $1.84+$0.16 USD Hold'em No Limit - Level II (15/30) - 2024/11/09 17:57:37 CET [2024/11/09 11:57:37 ET]
Table '3821793628 1' 3-max Seat #2 is the button
Seat 1: Mahu2021 (835 in chips) 
Seat 2: KruLito (400 in chips) 
Seat 3: boidoidu (265 in chips) 
boidoidu: posts small blind 15
Mahu2021: posts big blind 30
*** HOLE CARDS ***
Dealt to Mahu2021 [3d 8c]
KruLito: raises 370 to 400 and is all-in
boidoidu: folds 
Mahu2021: folds 
Uncalled bet (370) returned to KruLito
KruLito collected 75 from pot
KruLito: doesn't show hand 
*** SUMMARY ***
Total pot 75 | Rake 0 
Seat 1: Mahu2021 (big blind) folded before Flop
Seat 2: KruLito (button) collected (75)
Seat 3: boidoidu (small blind) folded before Flop



PokerStars Hand #253327520736: Tournament #3821793628, $1.84+$0.16 USD Hold'em No Limit - Level II (15/30) - 2024/11/09 17:57:44 CET [2024/11/09 11:57:44 ET]
Table '3821793628 1' 3-max Seat #3 is the button
Seat 1: Mahu2021 (805 in chips) 
Seat 2: KruLito (445 in chips) 
Seat 3: boidoidu (250 in chips) 
Mahu2021: posts small blind 15
KruLito: posts big blind 30
*** HOLE CARDS ***
Dealt to Mahu2021 [Jh Th]
boidoidu: raises 220 to 250 and is all-in
Mahu2021: folds 
KruLito: folds 
Uncalled bet (220) returned to boidoidu
boidoidu collected 75 from pot
*** SUMMARY ***
Total pot 75 | Rake 0 
Seat 1: Mahu2021 (small blind) folded before Flop
Seat 2: KruLito (big blind) folded before Flop
Seat 3: boidoidu (button) collected (75)



PokerStars Hand #253327522150: Tournament #3821793628, $1.84+$0.16 USD Hold'em No Limit - Level II (15/30) - 2024/11/09 17:57:52 CET [2024/11/09 11:57:52 ET]
Table '3821793628 1' 3-max Seat #1 is the button
Seat 1: Mahu2021 (790 in chips) 
Seat 2: KruLito (415 in chips) 
Seat 3: boidoidu (295 in chips) 
KruLito: posts small blind 15
boidoidu: posts big blind 30
*** HOLE CARDS ***
Dealt to Mahu2021 [2s 6c]
Mahu2021: folds 
KruLito: calls 15
boidoidu: raises 265 to 295 and is all-in
KruLito: folds 
Uncalled bet (265) returned to boidoidu
boidoidu collected 60 from pot
*** SUMMARY ***
Total pot 60 | Rake 0 
Seat 1: Mahu2021 (button) folded before Flop (didn't bet)
Seat 2: KruLito (small blind) folded before Flop
Seat 3: boidoidu (big blind) collected (60)



PokerStars Hand #253327525503: Tournament #3821793628, $1.84+$0.16 USD Hold'em No Limit - Level II (15/30) - 2024/11/09 17:58:12 CET [2024/11/09 11:58:12 ET]
Table '3821793628 1' 3-max Seat #2 is the button
Seat 1: Mahu2021 (790 in chips) 
Seat 2: KruLito (385 in chips) 
Seat 3: boidoidu (325 in chips) 
boidoidu: posts small blind 15
Mahu2021: posts big blind 30
*** HOLE CARDS ***
Dealt to Mahu2021 [7d 2d]
KruLito: folds 
boidoidu: calls 15
Mahu2021: checks 
*** FLOP *** [7c 8d 9h]
boidoidu: bets 30
Mahu2021: calls 30
*** TURN *** [7c 8d 9h] [5h]
boidoidu: bets 60
Mahu2021: folds 
Uncalled bet (60) returned to boidoidu
boidoidu collected 120 from pot
*** SUMMARY ***
Total pot 120 | Rake 0 
Board [7c 8d 9h 5h]
Seat 1: Mahu2021 (big blind) folded on the Turn
Seat 2: KruLito (button) folded before Flop (didn't bet)
Seat 3: boidoidu (small blind) collected (120)



PokerStars Hand #253327529093: Tournament #3821793628, $1.84+$0.16 USD Hold'em No Limit - Level II (15/30) - 2024/11/09 17:58:33 CET [2024/11/09 11:58:33 ET]
Table '3821793628 1' 3-max Seat #3 is the button
Seat 1: Mahu2021 (730 in chips) 
Seat 2: KruLito (385 in chips) 
Seat 3: boidoidu (385 in chips) 
Mahu2021: posts small blind 15
KruLito: posts big blind 30
*** HOLE CARDS ***
Dealt to Mahu2021 [Jd 6c]
boidoidu: raises 355 to 385 and is all-in
Mahu2021: folds 
KruLito: folds 
Uncalled bet (355) returned to boidoidu
boidoidu collected 75 from pot
*** SUMMARY ***
Total pot 75 | Rake 0 
Seat 1: Mahu2021 (small blind) folded before Flop
Seat 2: KruLito (big blind) folded before Flop
Seat 3: boidoidu (button) collected (75)



PokerStars Hand #253327530472: Tournament #3821793628, $1.84+$0.16 USD Hold'em No Limit - Level II (15/30) - 2024/11/09 17:58:41 CET [2024/11/09 11:58:41 ET]
Table '3821793628 1' 3-max Seat #1 is the button
Seat 1: Mahu2021 (715 in chips) 
Seat 2: KruLito (355 in chips) 
Seat 3: boidoidu (430 in chips) 
KruLito: posts small blind 15
boidoidu: posts big blind 30
*** HOLE CARDS ***
Dealt to Mahu2021 [3s Jh]
Mahu2021: folds 
KruLito: raises 325 to 355 and is all-in
boidoidu: calls 325
*** FLOP *** [Th 2c 7d]
*** TURN *** [Th 2c 7d] [Kd]
*** RIVER *** [Th 2c 7d Kd] [7h]
*** SHOW DOWN ***
KruLito: shows [2h 2s] (a full house, Deuces full of Sevens)
boidoidu: shows [8c 8h] (two pair, Eights and Sevens)
KruLito collected 710 from pot
*** SUMMARY ***
Total pot 710 | Rake 0 
Board [Th 2c 7d Kd 7h]
Seat 1: Mahu2021 (button) folded before Flop (didn't bet)
Seat 2: KruLito (small blind) showed [2h 2s] and won (710) with a full house, Deuces full of Sevens
Seat 3: boidoidu (big blind) showed [8c 8h] and lost with two pair, Eights and Sevens



PokerStars Hand #253327532886: Tournament #3821793628, $1.84+$0.16 USD Hold'em No Limit - Level II (15/30) - 2024/11/09 17:58:56 CET [2024/11/09 11:58:56 ET]
Table '3821793628 1' 3-max Seat #2 is the button
Seat 1: Mahu2021 (715 in chips) 
Seat 2: KruLito (710 in chips) 
Seat 3: boidoidu (75 in chips) 
boidoidu: posts small blind 15
Mahu2021: posts big blind 30
*** HOLE CARDS ***
Dealt to Mahu2021 [Jh 6s]
KruLito: folds 
boidoidu: raises 45 to 75 and is all-in
Mahu2021: calls 45
*** FLOP *** [Ah Kc 7c]
*** TURN *** [Ah Kc 7c] [2h]
*** RIVER *** [Ah Kc 7c 2h] [9d]
*** SHOW DOWN ***
boidoidu: shows [Kd As] (two pair, Aces and Kings)
Mahu2021: shows [Jh 6s] (high card Ace)
boidoidu collected 150 from pot
*** SUMMARY ***
Total pot 150 | Rake 0 
Board [Ah Kc 7c 2h 9d]
Seat 1: Mahu2021 (big blind) showed [Jh 6s] and lost with high card Ace
Seat 2: KruLito (button) folded before Flop (didn't bet)
Seat 3: boidoidu (small blind) showed [Kd As] and won (150) with two pair, Aces and Kings



PokerStars Hand #253327535255: Tournament #3821793628, $1.84+$0.16 USD Hold'em No Limit - Level II (15/30) - 2024/11/09 17:59:09 CET [2024/11/09 11:59:09 ET]
Table '3821793628 1' 3-max Seat #3 is the button
Seat 1: Mahu2021 (640 in chips) 
Seat 2: KruLito (710 in chips) 
Seat 3: boidoidu (150 in chips) 
Mahu2021: posts small blind 15
KruLito: posts big blind 30
*** HOLE CARDS ***
Dealt to Mahu2021 [8h 5s]
boidoidu: folds 
Mahu2021: folds 
Uncalled bet (15) returned to KruLito
KruLito collected 30 from pot
KruLito: doesn't show hand 
*** SUMMARY ***
Total pot 30 | Rake 0 
Seat 1: Mahu2021 (small blind) folded before Flop
Seat 2: KruLito (big blind) collected (30)
Seat 3: boidoidu (button) folded before Flop (didn't bet)



PokerStars Hand #253327536664: Tournament #3821793628, $1.84+$0.16 USD Hold'em No Limit - Level II (15/30) - 2024/11/09 17:59:18 CET [2024/11/09 11:59:18 ET]
Table '3821793628 1' 3-max Seat #1 is the button
Seat 1: Mahu2021 (625 in chips) 
Seat 2: KruLito (725 in chips) 
Seat 3: boidoidu (150 in chips) 
KruLito: posts small blind 15
boidoidu: posts big blind 30
*** HOLE CARDS ***
Dealt to Mahu2021 [Ac 6c]
Mahu2021: calls 30
KruLito: raises 695 to 725 and is all-in
boidoidu: folds 
Mahu2021: folds 
Uncalled bet (695) returned to KruLito
KruLito collected 90 from pot
KruLito: doesn't show hand 
*** SUMMARY ***
Total pot 90 | Rake 0 
Seat 1: Mahu2021 (button) folded before Flop
Seat 2: KruLito (small blind) collected (90)
Seat 3: boidoidu (big blind) folded before Flop



PokerStars Hand #253327538831: Tournament #3821793628, $1.84+$0.16 USD Hold'em No Limit - Level III (20/40) - 2024/11/09 17:59:31 CET [2024/11/09 11:59:31 ET]
Table '3821793628 1' 3-max Seat #2 is the button
Seat 1: Mahu2021 (595 in chips) 
Seat 2: KruLito (785 in chips) 
Seat 3: boidoidu (120 in chips) 
boidoidu: posts small blind 20
Mahu2021: posts big blind 40
*** HOLE CARDS ***
Dealt to Mahu2021 [Jd Qd]
KruLito: raises 745 to 785 and is all-in
boidoidu: calls 100 and is all-in
Mahu2021: folds 
Uncalled bet (665) returned to KruLito
*** FLOP *** [Ts 7c 8h]
*** TURN *** [Ts 7c 8h] [7d]
*** RIVER *** [Ts 7c 8h 7d] [8c]
*** SHOW DOWN ***
boidoidu: shows [7s 7h] (four of a kind, Sevens)
KruLito: shows [3s 3d] (two pair, Eights and Sevens)
boidoidu collected 280 from pot
*** SUMMARY ***
Total pot 280 | Rake 0 
Board [Ts 7c 8h 7d 8c]
Seat 1: Mahu2021 (big blind) folded before Flop
Seat 2: KruLito (button) showed [3s 3d] and lost with two pair, Eights and Sevens
Seat 3: boidoidu (small blind) showed [7s 7h] and won (280) with four of a kind, Sevens



PokerStars Hand #253327541240: Tournament #3821793628, $1.84+$0.16 USD Hold'em No Limit - Level III (20/40) - 2024/11/09 17:59:45 CET [2024/11/09 11:59:45 ET]
Table '3821793628 1' 3-max Seat #3 is the button
Seat 1: Mahu2021 (555 in chips) 
Seat 2: KruLito (665 in chips) 
Seat 3: boidoidu (280 in chips) 
Mahu2021: posts small blind 20
KruLito: posts big blind 40
*** HOLE CARDS ***
Dealt to Mahu2021 [5d Jd]
boidoidu: raises 240 to 280 and is all-in
Mahu2021: folds 
KruLito: folds 
Uncalled bet (240) returned to boidoidu
boidoidu collected 100 from pot
*** SUMMARY ***
Total pot 100 | Rake 0 
Seat 1: Mahu2021 (small blind) folded before Flop
Seat 2: KruLito (big blind) folded before Flop
Seat 3: boidoidu (button) collected (100)



PokerStars Hand #253327542585: Tournament #3821793628, $1.84+$0.16 USD Hold'em No Limit - Level III (20/40) - 2024/11/09 17:59:53 CET [2024/11/09 11:59:53 ET]
Table '3821793628 1' 3-max Seat #1 is the button
Seat 1: Mahu2021 (535 in chips) 
Seat 2: KruLito (625 in chips) 
Seat 3: boidoidu (340 in chips) 
KruLito: posts small blind 20
boidoidu: posts big blind 40
*** HOLE CARDS ***
Dealt to Mahu2021 [Jc 8c]
Mahu2021: folds 
KruLito: folds 
Uncalled bet (20) returned to boidoidu
boidoidu collected 40 from pot
*** SUMMARY ***
Total pot 40 | Rake 0 
Seat 1: Mahu2021 (button) folded before Flop (didn't bet)
Seat 2: KruLito (small blind) folded before Flop
Seat 3: boidoidu (big blind) collected (40)



PokerStars Hand #253327543635: Tournament #3821793628, $1.84+$0.16 USD Hold'em No Limit - Level III (20/40) - 2024/11/09 17:59:59 CET [2024/11/09 11:59:59 ET]
Table '3821793628 1' 3-max Seat #2 is the button
Seat 1: Mahu2021 (535 in chips) 
Seat 2: KruLito (605 in chips) 
Seat 3: boidoidu (360 in chips) 
boidoidu: posts small blind 20
Mahu2021: posts big blind 40
*** HOLE CARDS ***
Dealt to Mahu2021 [7c Kh]
KruLito: raises 565 to 605 and is all-in
boidoidu: folds 
Mahu2021: folds 
Uncalled bet (565) returned to KruLito
KruLito collected 100 from pot
KruLito: doesn't show hand 
*** SUMMARY ***
Total pot 100 | Rake 0 
Seat 1: Mahu2021 (big blind) folded before Flop
Seat 2: KruLito (button) collected (100)
Seat 3: boidoidu (small blind) folded before Flop



PokerStars Hand #253327545061: Tournament #3821793628, $1.84+$0.16 USD Hold'em No Limit - Level III (20/40) - 2024/11/09 18:00:07 CET [2024/11/09 12:00:07 ET]
Table '3821793628 1' 3-max Seat #3 is the button
Seat 1: Mahu2021 (495 in chips) 
Seat 2: KruLito (665 in chips) 
Seat 3: boidoidu (340 in chips) 
Mahu2021: posts small blind 20
KruLito: posts big blind 40
*** HOLE CARDS ***
Dealt to Mahu2021 [8h Qd]
boidoidu: raises 40 to 80
Mahu2021: folds 
KruLito: calls 40
*** FLOP *** [Js Ad Jh]
KruLito: checks 
boidoidu: checks 
*** TURN *** [Js Ad Jh] [Ks]
KruLito: checks 
boidoidu: bets 90
KruLito: folds 
Uncalled bet (90) returned to boidoidu
boidoidu collected 180 from pot
boidoidu: shows [7d 9d] (a pair of Jacks)
*** SUMMARY ***
Total pot 180 | Rake 0 
Board [Js Ad Jh Ks]
Seat 1: Mahu2021 (small blind) folded before Flop
Seat 2: KruLito (big blind) folded on the Turn
Seat 3: boidoidu (button) collected (180)



PokerStars Hand #253327548347: Tournament #3821793628, $1.84+$0.16 USD Hold'em No Limit - Level III (20/40) - 2024/11/09 18:00:27 CET [2024/11/09 12:00:27 ET]
Table '3821793628 1' 3-max Seat #1 is the button
Seat 1: Mahu2021 (475 in chips) 
Seat 2: KruLito (585 in chips) 
Seat 3: boidoidu (440 in chips) 
KruLito: posts small blind 20
boidoidu: posts big blind 40
*** HOLE CARDS ***
Dealt to Mahu2021 [5d 8d]
Mahu2021: folds 
KruLito: raises 60 to 100
boidoidu: folds 
Uncalled bet (60) returned to KruLito
KruLito collected 80 from pot
KruLito: doesn't show hand 
*** SUMMARY ***
Total pot 80 | Rake 0 
Seat 1: Mahu2021 (button) folded before Flop (didn't bet)
Seat 2: KruLito (small blind) collected (80)
Seat 3: boidoidu (big blind) folded before Flop



PokerStars Hand #253327550122: Tournament #3821793628, $1.84+$0.16 USD Hold'em No Limit - Level III (20/40) - 2024/11/09 18:00:37 CET [2024/11/09 12:00:37 ET]
Table '3821793628 1' 3-max Seat #2 is the button
Seat 1: Mahu2021 (475 in chips) 
Seat 2: KruLito (625 in chips) 
Seat 3: boidoidu (400 in chips) 
boidoidu: posts small blind 20
Mahu2021: posts big blind 40
*** HOLE CARDS ***
Dealt to Mahu2021 [Ts 6c]
KruLito: folds 
boidoidu: folds 
Uncalled bet (20) returned to Mahu2021
Mahu2021 collected 40 from pot
Mahu2021: doesn't show hand 
*** SUMMARY ***
Total pot 40 | Rake 0 
Seat 1: Mahu2021 (big blind) collected (40)
Seat 2: KruLito (button) folded before Flop (didn't bet)
Seat 3: boidoidu (small blind) folded before Flop



PokerStars Hand #253327553036: Tournament #3821793628, $1.84+$0.16 USD Hold'em No Limit - Level III (20/40) - 2024/11/09 18:00:52 CET [2024/11/09 12:00:52 ET]
Table '3821793628 1' 3-max Seat #3 is the button
Seat 1: Mahu2021 (495 in chips) 
Seat 2: KruLito (625 in chips) 
Seat 3: boidoidu (380 in chips) 
Mahu2021: posts small blind 20
KruLito: posts big blind 40
*** HOLE CARDS ***
Dealt to Mahu2021 [Kc Ts]
boidoidu: folds 
Mahu2021: raises 40 to 80
KruLito: calls 40
*** FLOP *** [6s 2s 6d]
Mahu2021: checks 
KruLito: checks 
*** TURN *** [6s 2s 6d] [2c]
Mahu2021: checks 
KruLito: checks 
*** RIVER *** [6s 2s 6d 2c] [8h]
Mahu2021: checks 
KruLito: bets 40
Mahu2021: calls 40
*** SHOW DOWN ***
KruLito: shows [9d 8c] (two pair, Eights and Sixes)
Mahu2021: mucks hand 
KruLito collected 240 from pot
*** SUMMARY ***
Total pot 240 | Rake 0 
Board [6s 2s 6d 2c 8h]
Seat 1: Mahu2021 (small blind) mucked [Kc Ts]
Seat 2: KruLito (big blind) showed [9d 8c] and won (240) with two pair, Eights and Sixes
Seat 3: boidoidu (button) folded before Flop (didn't bet)



PokerStars Hand #253327557969: Tournament #3821793628, $1.84+$0.16 USD Hold'em No Limit - Level III (20/40) - 2024/11/09 18:01:16 CET [2024/11/09 12:01:16 ET]
Table '3821793628 1' 3-max Seat #1 is the button
Seat 1: Mahu2021 (375 in chips) 
Seat 2: KruLito (745 in chips) 
Seat 3: boidoidu (380 in chips) 
KruLito: posts small blind 20
boidoidu: posts big blind 40
*** HOLE CARDS ***
Dealt to Mahu2021 [Th 6d]
Mahu2021: folds 
KruLito: calls 20
boidoidu: checks 
*** FLOP *** [Qs Kc Kh]
KruLito: checks 
boidoidu: checks 
*** TURN *** [Qs Kc Kh] [Ac]
KruLito: checks 
boidoidu: bets 40
KruLito: folds 
Uncalled bet (40) returned to boidoidu
boidoidu collected 80 from pot
boidoidu: shows [2h 9c] (a pair of Kings)
*** SUMMARY ***
Total pot 80 | Rake 0 
Board [Qs Kc Kh Ac]
Seat 1: Mahu2021 (button) folded before Flop (didn't bet)
Seat 2: KruLito (small blind) folded on the Turn
Seat 3: boidoidu (big blind) collected (80)



PokerStars Hand #253327563373: Tournament #3821793628, $1.84+$0.16 USD Hold'em No Limit - Level III (20/40) - 2024/11/09 18:01:43 CET [2024/11/09 12:01:43 ET]
Table '3821793628 1' 3-max Seat #2 is the button
Seat 1: Mahu2021 (375 in chips) 
Seat 2: KruLito (705 in chips) 
Seat 3: boidoidu (420 in chips) 
boidoidu: posts small blind 20
Mahu2021: posts big blind 40
*** HOLE CARDS ***
Dealt to Mahu2021 [5h 7d]
KruLito: folds 
boidoidu: raises 380 to 420 and is all-in
Mahu2021: folds 
Uncalled bet (380) returned to boidoidu
boidoidu collected 80 from pot
*** SUMMARY ***
Total pot 80 | Rake 0 
Seat 1: Mahu2021 (big blind) folded before Flop
Seat 2: KruLito (button) folded before Flop (didn't bet)
Seat 3: boidoidu (small blind) collected (80)



PokerStars Hand #253327564978: Tournament #3821793628, $1.84+$0.16 USD Hold'em No Limit - Level III (20/40) - 2024/11/09 18:01:50 CET [2024/11/09 12:01:50 ET]
Table '3821793628 1' 3-max Seat #3 is the button
Seat 1: Mahu2021 (335 in chips) 
Seat 2: KruLito (705 in chips) 
Seat 3: boidoidu (460 in chips) 
Mahu2021: posts small blind 20
KruLito: posts big blind 40
*** HOLE CARDS ***
Dealt to Mahu2021 [5c Qd]
boidoidu: folds 
Mahu2021: folds 
Uncalled bet (20) returned to KruLito
KruLito collected 40 from pot
KruLito: doesn't show hand 
*** SUMMARY ***
Total pot 40 | Rake 0 
Seat 1: Mahu2021 (small blind) folded before Flop
Seat 2: KruLito (big blind) collected (40)
Seat 3: boidoidu (button) folded before Flop (didn't bet)



PokerStars Hand #253327565945: Tournament #3821793628, $1.84+$0.16 USD Hold'em No Limit - Level III (20/40) - 2024/11/09 18:01:55 CET [2024/11/09 12:01:55 ET]
Table '3821793628 1' 3-max Seat #1 is the button
Seat 1: Mahu2021 (315 in chips) 
Seat 2: KruLito (725 in chips) 
Seat 3: boidoidu (460 in chips) 
KruLito: posts small blind 20
boidoidu: posts big blind 40
*** HOLE CARDS ***
Dealt to Mahu2021 [Qs Kd]
Mahu2021: raises 40 to 80
KruLito: folds 
boidoidu: calls 40
*** FLOP *** [5h 5d 7c]
boidoidu: checks 
Mahu2021: bets 235 and is all-in
boidoidu: folds 
Uncalled bet (235) returned to Mahu2021
Mahu2021 collected 180 from pot
Mahu2021: doesn't show hand 
*** SUMMARY ***
Total pot 180 | Rake 0 
Board [5h 5d 7c]
Seat 1: Mahu2021 (button) collected (180)
Seat 2: KruLito (small blind) folded before Flop
Seat 3: boidoidu (big blind) folded on the Flop



PokerStars Hand #253327569405: Tournament #3821793628, $1.84+$0.16 USD Hold'em No Limit - Level III (20/40) - 2024/11/09 18:02:12 CET [2024/11/09 12:02:12 ET]
Table '3821793628 1' 3-max Seat #2 is the button
Seat 1: Mahu2021 (415 in chips) 
Seat 2: KruLito (705 in chips) 
Seat 3: boidoidu (380 in chips) 
boidoidu: posts small blind 20
Mahu2021: posts big blind 40
*** HOLE CARDS ***
Dealt to Mahu2021 [2c 8h]
KruLito: folds 
boidoidu: calls 20
Mahu2021: checks 
*** FLOP *** [6c Kd 2h]
boidoidu: bets 40
Mahu2021: folds 
Uncalled bet (40) returned to boidoidu
boidoidu collected 80 from pot
*** SUMMARY ***
Total pot 80 | Rake 0 
Board [6c Kd 2h]
Seat 1: Mahu2021 (big blind) folded on the Flop
Seat 2: KruLito (button) folded before Flop (didn't bet)
Seat 3: boidoidu (small blind) collected (80)



PokerStars Hand #253327573892: Tournament #3821793628, $1.84+$0.16 USD Hold'em No Limit - Level IV (30/60) - 2024/11/09 18:02:31 CET [2024/11/09 12:02:31 ET]
Table '3821793628 1' 3-max Seat #3 is the button
Seat 1: Mahu2021 (375 in chips) 
Seat 2: KruLito (705 in chips) 
Seat 3: boidoidu (420 in chips) 
Mahu2021: posts small blind 30
KruLito: posts big blind 60
*** HOLE CARDS ***
Dealt to Mahu2021 [3c Td]
boidoidu: raises 360 to 420 and is all-in
Mahu2021: folds 
KruLito: folds 
Uncalled bet (360) returned to boidoidu
boidoidu collected 150 from pot
*** SUMMARY ***
Total pot 150 | Rake 0 
Seat 1: Mahu2021 (small blind) folded before Flop
Seat 2: KruLito (big blind) folded before Flop
Seat 3: boidoidu (button) collected (150)



PokerStars Hand #253327575356: Tournament #3821793628, $1.84+$0.16 USD Hold'em No Limit - Level IV (30/60) - 2024/11/09 18:02:38 CET [2024/11/09 12:02:38 ET]
Table '3821793628 1' 3-max Seat #1 is the button
Seat 1: Mahu2021 (345 in chips) 
Seat 2: KruLito (645 in chips) 
Seat 3: boidoidu (510 in chips) 
KruLito: posts small blind 30
boidoidu: posts big blind 60
*** HOLE CARDS ***
Dealt to Mahu2021 [7s Jd]
Mahu2021: folds 
KruLito: folds 
Uncalled bet (30) returned to boidoidu
boidoidu collected 60 from pot
*** SUMMARY ***
Total pot 60 | Rake 0 
Seat 1: Mahu2021 (button) folded before Flop (didn't bet)
Seat 2: KruLito (small blind) folded before Flop
Seat 3: boidoidu (big blind) collected (60)



PokerStars Hand #253327577254: Tournament #3821793628, $1.84+$0.16 USD Hold'em No Limit - Level IV (30/60) - 2024/11/09 18:02:46 CET [2024/11/09 12:02:46 ET]
Table '3821793628 1' 3-max Seat #2 is the button
Seat 1: Mahu2021 (345 in chips) 
Seat 2: KruLito (615 in chips) 
Seat 3: boidoidu (540 in chips) 
boidoidu: posts small blind 30
Mahu2021: posts big blind 60
*** HOLE CARDS ***
Dealt to Mahu2021 [4c 6h]
KruLito: folds 
boidoidu: raises 480 to 540 and is all-in
Mahu2021: folds 
Uncalled bet (480) returned to boidoidu
boidoidu collected 120 from pot
*** SUMMARY ***
Total pot 120 | Rake 0 
Seat 1: Mahu2021 (big blind) folded before Flop
Seat 2: KruLito (button) folded before Flop (didn't bet)
Seat 3: boidoidu (small blind) collected (120)



PokerStars Hand #253327578924: Tournament #3821793628, $1.84+$0.16 USD Hold'em No Limit - Level IV (30/60) - 2024/11/09 18:02:53 CET [2024/11/09 12:02:53 ET]
Table '3821793628 1' 3-max Seat #3 is the button
Seat 1: Mahu2021 (285 in chips) 
Seat 2: KruLito (615 in chips) 
Seat 3: boidoidu (600 in chips) 
Mahu2021: posts small blind 30
KruLito: posts big blind 60
*** HOLE CARDS ***
Dealt to Mahu2021 [Ks 6h]
boidoidu: folds 
Mahu2021: raises 225 to 285 and is all-in
KruLito: folds 
Uncalled bet (225) returned to Mahu2021
Mahu2021 collected 120 from pot
Mahu2021: doesn't show hand 
*** SUMMARY ***
Total pot 120 | Rake 0 
Seat 1: Mahu2021 (small blind) collected (120)
Seat 2: KruLito (big blind) folded before Flop
Seat 3: boidoidu (button) folded before Flop (didn't bet)



PokerStars Hand #253327580550: Tournament #3821793628, $1.84+$0.16 USD Hold'em No Limit - Level IV (30/60) - 2024/11/09 18:03:01 CET [2024/11/09 12:03:01 ET]
Table '3821793628 1' 3-max Seat #1 is the button
Seat 1: Mahu2021 (345 in chips) 
Seat 2: KruLito (555 in chips) 
Seat 3: boidoidu (600 in chips) 
KruLito: posts small blind 30
boidoidu: posts big blind 60
*** HOLE CARDS ***
Dealt to Mahu2021 [Kd Th]
Mahu2021: raises 285 to 345 and is all-in
KruLito: folds 
boidoidu: folds 
Uncalled bet (285) returned to Mahu2021
Mahu2021 collected 150 from pot
Mahu2021: doesn't show hand 
*** SUMMARY ***
Total pot 150 | Rake 0 
Seat 1: Mahu2021 (button) collected (150)
Seat 2: KruLito (small blind) folded before Flop
Seat 3: boidoidu (big blind) folded before Flop



PokerStars Hand #253327582749: Tournament #3821793628, $1.84+$0.16 USD Hold'em No Limit - Level IV (30/60) - 2024/11/09 18:03:11 CET [2024/11/09 12:03:11 ET]
Table '3821793628 1' 3-max Seat #2 is the button
Seat 1: Mahu2021 (435 in chips) 
Seat 2: KruLito (525 in chips) 
Seat 3: boidoidu (540 in chips) 
boidoidu: posts small blind 30
Mahu2021: posts big blind 60
*** HOLE CARDS ***
Dealt to Mahu2021 [Qd Kc]
KruLito: folds 
boidoidu: folds 
Uncalled bet (30) returned to Mahu2021
Mahu2021 collected 60 from pot
Mahu2021: doesn't show hand 
*** SUMMARY ***
Total pot 60 | Rake 0 
Seat 1: Mahu2021 (big blind) collected (60)
Seat 2: KruLito (button) folded before Flop (didn't bet)
Seat 3: boidoidu (small blind) folded before Flop



PokerStars Hand #253327584071: Tournament #3821793628, $1.84+$0.16 USD Hold'em No Limit - Level IV (30/60) - 2024/11/09 18:03:17 CET [2024/11/09 12:03:17 ET]
Table '3821793628 1' 3-max Seat #3 is the button
Seat 1: Mahu2021 (465 in chips) 
Seat 2: KruLito (525 in chips) 
Seat 3: boidoidu (510 in chips) 
Mahu2021: posts small blind 30
KruLito: posts big blind 60
*** HOLE CARDS ***
Dealt to Mahu2021 [Qh 5s]
boidoidu: raises 450 to 510 and is all-in
Mahu2021: folds 
KruLito: calls 450
*** FLOP *** [Kc Ks 6c]
*** TURN *** [Kc Ks 6c] [4s]
*** RIVER *** [Kc Ks 6c 4s] [4c]
*** SHOW DOWN ***
KruLito: shows [Ts Th] (two pair, Kings and Tens)
boidoidu: shows [9h As] (two pair, Kings and Fours)
KruLito collected 1050 from pot
boidoidu finished the tournament in 3rd place
*** SUMMARY ***
Total pot 1050 | Rake 0 
Board [Kc Ks 6c 4s 4c]
Seat 1: Mahu2021 (small blind) folded before Flop
Seat 2: KruLito (big blind) showed [Ts Th] and won (1050) with two pair, Kings and Tens
Seat 3: boidoidu (button) showed [9h As] and lost with two pair, Kings and Fours



PokerStars Hand #253327587941: Tournament #3821793628, $1.84+$0.16 USD Hold'em No Limit - Level IV (30/60) - 2024/11/09 18:03:33 CET [2024/11/09 12:03:33 ET]
Table '3821793628 1' 3-max Seat #2 is the button
Seat 1: Mahu2021 (435 in chips) 
Seat 2: KruLito (1065 in chips) 
KruLito: posts small blind 30
Mahu2021: posts big blind 60
*** HOLE CARDS ***
Dealt to Mahu2021 [Th 3c]
KruLito: raises 1005 to 1065 and is all-in
Mahu2021: folds 
Uncalled bet (1005) returned to KruLito
KruLito collected 120 from pot
KruLito: doesn't show hand 
*** SUMMARY ***
Total pot 120 | Rake 0 
Seat 1: Mahu2021 (big blind) folded before Flop
Seat 2: KruLito (button) (small blind) collected (120)



PokerStars Hand #253327590135: Tournament #3821793628, $1.84+$0.16 USD Hold'em No Limit - Level IV (30/60) - 2024/11/09 18:03:42 CET [2024/11/09 12:03:42 ET]
Table '3821793628 1' 3-max Seat #1 is the button
Seat 1: Mahu2021 (375 in chips) 
Seat 2: KruLito (1125 in chips) 
Mahu2021: posts small blind 30
KruLito: posts big blind 60
*** HOLE CARDS ***
Dealt to Mahu2021 [8s 4d]
Mahu2021: folds 
Uncalled bet (30) returned to KruLito
KruLito collected 60 from pot
KruLito: doesn't show hand 
*** SUMMARY ***
Total pot 60 | Rake 0 
Seat 1: Mahu2021 (button) (small blind) folded before Flop
Seat 2: KruLito (big blind) collected (60)



PokerStars Hand #253327591149: Tournament #3821793628, $1.84+$0.16 USD Hold'em No Limit - Level IV (30/60) - 2024/11/09 18:03:47 CET [2024/11/09 12:03:47 ET]
Table '3821793628 1' 3-max Seat #2 is the button
Seat 1: Mahu2021 (345 in chips) 
Seat 2: KruLito (1155 in chips) 
KruLito: posts small blind 30
Mahu2021: posts big blind 60
*** HOLE CARDS ***
Dealt to Mahu2021 [Ts 8s]
KruLito: folds 
Uncalled bet (30) returned to Mahu2021
Mahu2021 collected 60 from pot
Mahu2021: doesn't show hand 
*** SUMMARY ***
Total pot 60 | Rake 0 
Seat 1: Mahu2021 (big blind) collected (60)
Seat 2: KruLito (button) (small blind) folded before Flop



PokerStars Hand #253327592346: Tournament #3821793628, $1.84+$0.16 USD Hold'em No Limit - Level IV (30/60) - 2024/11/09 18:03:52 CET [2024/11/09 12:03:52 ET]
Table '3821793628 1' 3-max Seat #1 is the button
Seat 1: Mahu2021 (375 in chips) 
Seat 2: KruLito (1125 in chips) 
Mahu2021: posts small blind 30
KruLito: posts big blind 60
*** HOLE CARDS ***
Dealt to Mahu2021 [Ks 3c]
Mahu2021: calls 30
KruLito: checks 
*** FLOP *** [9h Qd 9s]
KruLito: checks 
Mahu2021: bets 60
KruLito: folds 
Uncalled bet (60) returned to Mahu2021
Mahu2021 collected 120 from pot
Mahu2021: doesn't show hand 
*** SUMMARY ***
Total pot 120 | Rake 0 
Board [9h Qd 9s]
Seat 1: Mahu2021 (button) (small blind) collected (120)
Seat 2: KruLito (big blind) folded on the Flop



PokerStars Hand #253327596108: Tournament #3821793628, $1.84+$0.16 USD Hold'em No Limit - Level IV (30/60) - 2024/11/09 18:04:09 CET [2024/11/09 12:04:09 ET]
Table '3821793628 1' 3-max Seat #2 is the button
Seat 1: Mahu2021 (435 in chips) 
Seat 2: KruLito (1065 in chips) 
KruLito: posts small blind 30
Mahu2021: posts big blind 60
*** HOLE CARDS ***
Dealt to Mahu2021 [8h 9h]
KruLito: raises 60 to 120
Mahu2021: calls 60
*** FLOP *** [5s Kh Qs]
Mahu2021: checks 
KruLito: bets 120
Mahu2021: folds 
Uncalled bet (120) returned to KruLito
KruLito collected 240 from pot
KruLito: doesn't show hand 
*** SUMMARY ***
Total pot 240 | Rake 0 
Board [5s Kh Qs]
Seat 1: Mahu2021 (big blind) folded on the Flop
Seat 2: KruLito (button) (small blind) collected (240)



PokerStars Hand #253327600095: Tournament #3821793628, $1.84+$0.16 USD Hold'em No Limit - Level IV (30/60) - 2024/11/09 18:04:26 CET [2024/11/09 12:04:26 ET]
Table '3821793628 1' 3-max Seat #1 is the button
Seat 1: Mahu2021 (315 in chips) 
Seat 2: KruLito (1185 in chips) 
Mahu2021: posts small blind 30
KruLito: posts big blind 60
*** HOLE CARDS ***
Dealt to Mahu2021 [Tc 4d]
Mahu2021: folds 
Uncalled bet (30) returned to KruLito
KruLito collected 60 from pot
KruLito: doesn't show hand 
*** SUMMARY ***
Total pot 60 | Rake 0 
Seat 1: Mahu2021 (button) (small blind) folded before Flop
Seat 2: KruLito (big blind) collected (60)



PokerStars Hand #253327601125: Tournament #3821793628, $1.84+$0.16 USD Hold'em No Limit - Level IV (30/60) - 2024/11/09 18:04:30 CET [2024/11/09 12:04:30 ET]
Table '3821793628 1' 3-max Seat #2 is the button
Seat 1: Mahu2021 (285 in chips) 
Seat 2: KruLito (1215 in chips) 
KruLito: posts small blind 30
Mahu2021: posts big blind 60
*** HOLE CARDS ***
Dealt to Mahu2021 [Ts Tc]
KruLito: calls 30
Mahu2021: raises 225 to 285 and is all-in
KruLito: folds 
Uncalled bet (225) returned to Mahu2021
Mahu2021 collected 120 from pot
Mahu2021: doesn't show hand 
*** SUMMARY ***
Total pot 120 | Rake 0 
Seat 1: Mahu2021 (big blind) collected (120)
Seat 2: KruLito (button) (small blind) folded before Flop



PokerStars Hand #253327603787: Tournament #3821793628, $1.84+$0.16 USD Hold'em No Limit - Level IV (30/60) - 2024/11/09 18:04:41 CET [2024/11/09 12:04:41 ET]
Table '3821793628 1' 3-max Seat #1 is the button
Seat 1: Mahu2021 (345 in chips) 
Seat 2: KruLito (1155 in chips) 
Mahu2021: posts small blind 30
KruLito: posts big blind 60
*** HOLE CARDS ***
Dealt to Mahu2021 [8c 2s]
Mahu2021: folds 
Uncalled bet (30) returned to KruLito
KruLito collected 60 from pot
KruLito: doesn't show hand 
*** SUMMARY ***
Total pot 60 | Rake 0 
Seat 1: Mahu2021 (button) (small blind) folded before Flop
Seat 2: KruLito (big blind) collected (60)



PokerStars Hand #253327604782: Tournament #3821793628, $1.84+$0.16 USD Hold'em No Limit - Level IV (30/60) - 2024/11/09 18:04:46 CET [2024/11/09 12:04:46 ET]
Table '3821793628 1' 3-max Seat #2 is the button
Seat 1: Mahu2021 (315 in chips) 
Seat 2: KruLito (1185 in chips) 
KruLito: posts small blind 30
Mahu2021: posts big blind 60
*** HOLE CARDS ***
Dealt to Mahu2021 [Td 3c]
KruLito: raises 60 to 120
Mahu2021: folds 
Uncalled bet (60) returned to KruLito
KruLito collected 120 from pot
KruLito: doesn't show hand 
*** SUMMARY ***
Total pot 120 | Rake 0 
Seat 1: Mahu2021 (big blind) folded before Flop
Seat 2: KruLito (button) (small blind) collected (120)



PokerStars Hand #253327606641: Tournament #3821793628, $1.84+$0.16 USD Hold'em No Limit - Level IV (30/60) - 2024/11/09 18:04:53 CET [2024/11/09 12:04:53 ET]
Table '3821793628 1' 3-max Seat #1 is the button
Seat 1: Mahu2021 (255 in chips) 
Seat 2: KruLito (1245 in chips) 
Mahu2021: posts small blind 30
KruLito: posts big blind 60
*** HOLE CARDS ***
Dealt to Mahu2021 [3s Ah]
Mahu2021: raises 60 to 120
KruLito: raises 1125 to 1245 and is all-in
Mahu2021: calls 135 and is all-in
Uncalled bet (990) returned to KruLito
*** FLOP *** [7s 9c Ac]
*** TURN *** [7s 9c Ac] [8s]
*** RIVER *** [7s 9c Ac 8s] [Qc]
*** SHOW DOWN ***
KruLito: shows [6c 6d] (a pair of Sixes)
Mahu2021: shows [3s Ah] (a pair of Aces)
Mahu2021 collected 510 from pot
*** SUMMARY ***
Total pot 510 | Rake 0 
Board [7s 9c Ac 8s Qc]
Seat 1: Mahu2021 (button) (small blind) showed [3s Ah] and won (510) with a pair of Aces
Seat 2: KruLito (big blind) showed [6c 6d] and lost with a pair of Sixes



PokerStars Hand #253327610655: Tournament #3821793628, $1.84+$0.16 USD Hold'em No Limit - Level IV (30/60) - 2024/11/09 18:05:10 CET [2024/11/09 12:05:10 ET]
Table '3821793628 1' 3-max Seat #2 is the button
Seat 1: Mahu2021 (510 in chips) 
Seat 2: KruLito (990 in chips) 
KruLito: posts small blind 30
Mahu2021: posts big blind 60
*** HOLE CARDS ***
Dealt to Mahu2021 [Jc 8s]
KruLito: calls 30
Mahu2021: checks 
*** FLOP *** [3c Ks 8h]
Mahu2021: bets 60
KruLito: calls 60
*** TURN *** [3c Ks 8h] [3h]
Mahu2021: bets 390 and is all-in
KruLito: calls 390
*** RIVER *** [3c Ks 8h 3h] [7d]
*** SHOW DOWN ***
Mahu2021: shows [Jc 8s] (two pair, Eights and Threes)
KruLito: shows [3s 6s] (three of a kind, Threes)
KruLito collected 1020 from pot
Mahu2021 finished the tournament in 2nd place
KruLito wins the tournament and receives $6.00 - congratulations!
*** SUMMARY ***
Total pot 1020 | Rake 0 
Board [3c Ks 8h 3h 7d]
Seat 1: Mahu2021 (big blind) showed [Jc 8s] and lost with two pair, Eights and Threes
Seat 2: KruLito (button) (small blind) showed [3s 6s] and won (1020) with three of a kind, Threes



