PokerStars Hand #253442141972: Tournament #3824429898, $1.84+$0.16 USD Hold'em No Limit - Level I (10/20) - 2024/11/17 10:47:30 CET [2024/11/17 4:47:30 ET]
Table '3824429898 1' 3-max Seat #1 is the button
Seat 1: LinasPovil (500 in chips) 
Seat 2: ArmanKarapet (500 in chips) 
Seat 3: Mahu2021 (500 in chips) 
ArmanKarapet: posts small blind 10
Mahu2021: posts big blind 20
*** HOLE CARDS ***
Dealt to Mahu2021 [2c Ad]
LinasPovil: folds 
ArmanKarapet: calls 10
Mahu2021: checks 
*** FLOP *** [3h 6h 9d]
ArmanKarapet: bets 20
Mahu2021: folds 
Uncalled bet (20) returned to ArmanKarapet
ArmanKarapet collected 40 from pot
*** SUMMARY ***
Total pot 40 | Rake 0 
Board [3h 6h 9d]
Seat 1: LinasPovil (button) folded before Flop (didn't bet)
Seat 2: ArmanKarapet (small blind) collected (40)
Seat 3: Mahu2021 (big blind) folded on the Flop



PokerStars Hand #253442143019: Tournament #3824429898, $1.84+$0.16 USD Hold'em No Limit - Level I (10/20) - 2024/11/17 10:47:39 CET [2024/11/17 4:47:39 ET]
Table '3824429898 1' 3-max Seat #2 is the button
Seat 1: LinasPovil (500 in chips) 
Seat 2: ArmanKarapet (520 in chips) 
Seat 3: Mahu2021 (480 in chips) 
Mahu2021: posts small blind 10
LinasPovil: posts big blind 20
*** HOLE CARDS ***
Dealt to Mahu2021 [4h 4s]
ArmanKarapet: calls 20
Mahu2021: calls 10
LinasPovil: raises 480 to 500 and is all-in
ArmanKarapet: folds 
Mahu2021: calls 460 and is all-in
Uncalled bet (20) returned to LinasPovil
*** FLOP *** [Qd 9c Jc]
*** TURN *** [Qd 9c Jc] [7d]
*** RIVER *** [Qd 9c Jc 7d] [6d]
*** SHOW DOWN ***
Mahu2021: shows [4h 4s] (a pair of Fours)
LinasPovil: shows [Tc Ah] (high card Ace)
Mahu2021 collected 980 from pot
*** SUMMARY ***
Total pot 980 | Rake 0 
Board [Qd 9c Jc 7d 6d]
Seat 1: LinasPovil (big blind) showed [Tc Ah] and lost with high card Ace
Seat 2: ArmanKarapet (button) folded before Flop
Seat 3: Mahu2021 (small blind) showed [4h 4s] and won (980) with a pair of Fours



PokerStars Hand #253442145297: Tournament #3824429898, $1.84+$0.16 USD Hold'em No Limit - Level I (10/20) - 2024/11/17 10:48:00 CET [2024/11/17 4:48:00 ET]
Table '3824429898 1' 3-max Seat #3 is the button
Seat 1: LinasPovil (20 in chips) 
Seat 2: ArmanKarapet (500 in chips) 
Seat 3: Mahu2021 (980 in chips) 
LinasPovil: posts small blind 10
ArmanKarapet: posts big blind 20
*** HOLE CARDS ***
Dealt to Mahu2021 [6c Ac]
Mahu2021: calls 20
LinasPovil: calls 10 and is all-in
ArmanKarapet: checks 
*** FLOP *** [Th 8d 9h]
ArmanKarapet: checks 
Mahu2021: checks 
*** TURN *** [Th 8d 9h] [Qh]
ArmanKarapet: bets 20
Mahu2021: folds 
Uncalled bet (20) returned to ArmanKarapet
*** RIVER *** [Th 8d 9h Qh] [Tc]
*** SHOW DOWN ***
LinasPovil: shows [7c 5c] (a pair of Tens)
ArmanKarapet: shows [Jd 5s] (a straight, Eight to Queen)
ArmanKarapet collected 60 from pot
LinasPovil finished the tournament in 3rd place
*** SUMMARY ***
Total pot 60 | Rake 0 
Board [Th 8d 9h Qh Tc]
Seat 1: LinasPovil (small blind) showed [7c 5c] and lost with a pair of Tens
Seat 2: ArmanKarapet (big blind) showed [Jd 5s] and won (60) with a straight, Eight to Queen
Seat 3: Mahu2021 (button) folded on the Turn



PokerStars Hand #253442147673: Tournament #3824429898, $1.84+$0.16 USD Hold'em No Limit - Level I (10/20) - 2024/11/17 10:48:21 CET [2024/11/17 4:48:21 ET]
Table '3824429898 1' 3-max Seat #2 is the button
Seat 2: ArmanKarapet (540 in chips) 
Seat 3: Mahu2021 (960 in chips) 
ArmanKarapet: posts small blind 10
Mahu2021: posts big blind 20
*** HOLE CARDS ***
Dealt to Mahu2021 [3s 8c]
ArmanKarapet: calls 10
Mahu2021: checks 
*** FLOP *** [As Ad 4h]
Mahu2021: checks 
ArmanKarapet: checks 
*** TURN *** [As Ad 4h] [9s]
Mahu2021: checks 
ArmanKarapet: checks 
*** RIVER *** [As Ad 4h 9s] [7d]
Mahu2021: checks 
ArmanKarapet: checks 
*** SHOW DOWN ***
Mahu2021: shows [3s 8c] (a pair of Aces)
ArmanKarapet: shows [Kc 7h] (two pair, Aces and Sevens)
ArmanKarapet collected 40 from pot
*** SUMMARY ***
Total pot 40 | Rake 0 
Board [As Ad 4h 9s 7d]
Seat 2: ArmanKarapet (button) (small blind) showed [Kc 7h] and won (40) with two pair, Aces and Sevens
Seat 3: Mahu2021 (big blind) showed [3s 8c] and lost with a pair of Aces



PokerStars Hand #253442149273: Tournament #3824429898, $1.84+$0.16 USD Hold'em No Limit - Level I (10/20) - 2024/11/17 10:48:35 CET [2024/11/17 4:48:35 ET]
Table '3824429898 1' 3-max Seat #3 is the button
Seat 2: ArmanKarapet (560 in chips) 
Seat 3: Mahu2021 (940 in chips) 
Mahu2021: posts small blind 10
ArmanKarapet: posts big blind 20
*** HOLE CARDS ***
Dealt to Mahu2021 [9c Jh]
Mahu2021: raises 20 to 40
ArmanKarapet: folds 
Uncalled bet (20) returned to Mahu2021
Mahu2021 collected 40 from pot
Mahu2021: doesn't show hand 
*** SUMMARY ***
Total pot 40 | Rake 0 
Seat 2: ArmanKarapet (big blind) folded before Flop
Seat 3: Mahu2021 (button) (small blind) collected (40)



PokerStars Hand #253442150043: Tournament #3824429898, $1.84+$0.16 USD Hold'em No Limit - Level I (10/20) - 2024/11/17 10:48:42 CET [2024/11/17 4:48:42 ET]
Table '3824429898 1' 3-max Seat #2 is the button
Seat 2: ArmanKarapet (540 in chips) 
Seat 3: Mahu2021 (960 in chips) 
ArmanKarapet: posts small blind 10
Mahu2021: posts big blind 20
*** HOLE CARDS ***
Dealt to Mahu2021 [Jh 7h]
ArmanKarapet: calls 10
Mahu2021: checks 
*** FLOP *** [3d 6s 9h]
Mahu2021: checks 
ArmanKarapet: checks 
*** TURN *** [3d 6s 9h] [4h]
Mahu2021: checks 
ArmanKarapet: checks 
*** RIVER *** [3d 6s 9h 4h] [Tc]
Mahu2021: checks 
ArmanKarapet: checks 
*** SHOW DOWN ***
Mahu2021: shows [Jh 7h] (high card Jack)
ArmanKarapet: mucks hand 
Mahu2021 collected 40 from pot
*** SUMMARY ***
Total pot 40 | Rake 0 
Board [3d 6s 9h 4h Tc]
Seat 2: ArmanKarapet (button) (small blind) mucked [2d Js]
Seat 3: Mahu2021 (big blind) showed [Jh 7h] and won (40) with high card Jack



PokerStars Hand #253442151533: Tournament #3824429898, $1.84+$0.16 USD Hold'em No Limit - Level I (10/20) - 2024/11/17 10:48:56 CET [2024/11/17 4:48:56 ET]
Table '3824429898 1' 3-max Seat #3 is the button
Seat 2: ArmanKarapet (520 in chips) 
Seat 3: Mahu2021 (980 in chips) 
Mahu2021: posts small blind 10
ArmanKarapet: posts big blind 20
*** HOLE CARDS ***
Dealt to Mahu2021 [7d Ah]
Mahu2021: raises 20 to 40
ArmanKarapet: calls 20
*** FLOP *** [9h 5d Td]
ArmanKarapet: checks 
Mahu2021: checks 
*** TURN *** [9h 5d Td] [8s]
ArmanKarapet: bets 40
Mahu2021: calls 40
*** RIVER *** [9h 5d Td 8s] [Ks]
ArmanKarapet: bets 160
Mahu2021: folds 
Uncalled bet (160) returned to ArmanKarapet
ArmanKarapet collected 160 from pot
*** SUMMARY ***
Total pot 160 | Rake 0 
Board [9h 5d Td 8s Ks]
Seat 2: ArmanKarapet (big blind) collected (160)
Seat 3: Mahu2021 (button) (small blind) folded on the River



PokerStars Hand #253442153576: Tournament #3824429898, $1.84+$0.16 USD Hold'em No Limit - Level I (10/20) - 2024/11/17 10:49:13 CET [2024/11/17 4:49:13 ET]
Table '3824429898 1' 3-max Seat #2 is the button
Seat 2: ArmanKarapet (600 in chips) 
Seat 3: Mahu2021 (900 in chips) 
ArmanKarapet: posts small blind 10
Mahu2021: posts big blind 20
*** HOLE CARDS ***
Dealt to Mahu2021 [5d 2s]
ArmanKarapet: calls 10
Mahu2021: checks 
*** FLOP *** [Jd 4s Jh]
Mahu2021: checks 
ArmanKarapet: checks 
*** TURN *** [Jd 4s Jh] [Ah]
Mahu2021: checks 
ArmanKarapet: bets 20
Mahu2021: calls 20
*** RIVER *** [Jd 4s Jh Ah] [Th]
Mahu2021: checks 
ArmanKarapet: bets 20
Mahu2021: folds 
Uncalled bet (20) returned to ArmanKarapet
ArmanKarapet collected 80 from pot
*** SUMMARY ***
Total pot 80 | Rake 0 
Board [Jd 4s Jh Ah Th]
Seat 2: ArmanKarapet (button) (small blind) collected (80)
Seat 3: Mahu2021 (big blind) folded on the River



PokerStars Hand #253442155375: Tournament #3824429898, $1.84+$0.16 USD Hold'em No Limit - Level I (10/20) - 2024/11/17 10:49:29 CET [2024/11/17 4:49:29 ET]
Table '3824429898 1' 3-max Seat #3 is the button
Seat 2: ArmanKarapet (640 in chips) 
Seat 3: Mahu2021 (860 in chips) 
Mahu2021: posts small blind 10
ArmanKarapet: posts big blind 20
*** HOLE CARDS ***
Dealt to Mahu2021 [3d 8d]
Mahu2021: folds 
Uncalled bet (10) returned to ArmanKarapet
ArmanKarapet collected 20 from pot
*** SUMMARY ***
Total pot 20 | Rake 0 
Seat 2: ArmanKarapet (big blind) collected (20)
Seat 3: Mahu2021 (button) (small blind) folded before Flop



PokerStars Hand #253442156158: Tournament #3824429898, $1.84+$0.16 USD Hold'em No Limit - Level II (15/30) - 2024/11/17 10:49:36 CET [2024/11/17 4:49:36 ET]
Table '3824429898 1' 3-max Seat #2 is the button
Seat 2: ArmanKarapet (650 in chips) 
Seat 3: Mahu2021 (850 in chips) 
ArmanKarapet: posts small blind 15
Mahu2021: posts big blind 30
*** HOLE CARDS ***
Dealt to Mahu2021 [2d 9c]
ArmanKarapet: calls 15
Mahu2021: checks 
*** FLOP *** [8c 3h 9h]
Mahu2021: bets 60
ArmanKarapet: calls 60
*** TURN *** [8c 3h 9h] [Kc]
Mahu2021: bets 760 and is all-in
ArmanKarapet: folds 
Uncalled bet (760) returned to Mahu2021
Mahu2021 collected 180 from pot
Mahu2021: doesn't show hand 
*** SUMMARY ***
Total pot 180 | Rake 0 
Board [8c 3h 9h Kc]
Seat 2: ArmanKarapet (button) (small blind) folded on the Turn
Seat 3: Mahu2021 (big blind) collected (180)



PokerStars Hand #253442157739: Tournament #3824429898, $1.84+$0.16 USD Hold'em No Limit - Level II (15/30) - 2024/11/17 10:49:49 CET [2024/11/17 4:49:49 ET]
Table '3824429898 1' 3-max Seat #3 is the button
Seat 2: ArmanKarapet (560 in chips) 
Seat 3: Mahu2021 (940 in chips) 
Mahu2021: posts small blind 15
ArmanKarapet: posts big blind 30
*** HOLE CARDS ***
Dealt to Mahu2021 [3s 9s]
Mahu2021: folds 
Uncalled bet (15) returned to ArmanKarapet
ArmanKarapet collected 30 from pot
*** SUMMARY ***
Total pot 30 | Rake 0 
Seat 2: ArmanKarapet (big blind) collected (30)
Seat 3: Mahu2021 (button) (small blind) folded before Flop



PokerStars Hand #253442158169: Tournament #3824429898, $1.84+$0.16 USD Hold'em No Limit - Level II (15/30) - 2024/11/17 10:49:54 CET [2024/11/17 4:49:54 ET]
Table '3824429898 1' 3-max Seat #2 is the button
Seat 2: ArmanKarapet (575 in chips) 
Seat 3: Mahu2021 (925 in chips) 
ArmanKarapet: posts small blind 15
Mahu2021: posts big blind 30
*** HOLE CARDS ***
Dealt to Mahu2021 [Js 7h]
ArmanKarapet: calls 15
Mahu2021: checks 
*** FLOP *** [Jc 6h 5s]
Mahu2021: bets 60
ArmanKarapet: calls 60
*** TURN *** [Jc 6h 5s] [Qc]
Mahu2021: bets 60
ArmanKarapet: calls 60
*** RIVER *** [Jc 6h 5s Qc] [Kc]
Mahu2021: bets 60
ArmanKarapet: folds 
Uncalled bet (60) returned to Mahu2021
Mahu2021 collected 300 from pot
Mahu2021: doesn't show hand 
*** SUMMARY ***
Total pot 300 | Rake 0 
Board [Jc 6h 5s Qc Kc]
Seat 2: ArmanKarapet (button) (small blind) folded on the River
Seat 3: Mahu2021 (big blind) collected (300)



PokerStars Hand #253442159936: Tournament #3824429898, $1.84+$0.16 USD Hold'em No Limit - Level II (15/30) - 2024/11/17 10:50:09 CET [2024/11/17 4:50:09 ET]
Table '3824429898 1' 3-max Seat #3 is the button
Seat 2: ArmanKarapet (425 in chips) 
Seat 3: Mahu2021 (1075 in chips) 
Mahu2021: posts small blind 15
ArmanKarapet: posts big blind 30
*** HOLE CARDS ***
Dealt to Mahu2021 [5d 4c]
Mahu2021: folds 
Uncalled bet (15) returned to ArmanKarapet
ArmanKarapet collected 30 from pot
*** SUMMARY ***
Total pot 30 | Rake 0 
Seat 2: ArmanKarapet (big blind) collected (30)
Seat 3: Mahu2021 (button) (small blind) folded before Flop



PokerStars Hand #253442160454: Tournament #3824429898, $1.84+$0.16 USD Hold'em No Limit - Level II (15/30) - 2024/11/17 10:50:14 CET [2024/11/17 4:50:14 ET]
Table '3824429898 1' 3-max Seat #2 is the button
Seat 2: ArmanKarapet (440 in chips) 
Seat 3: Mahu2021 (1060 in chips) 
ArmanKarapet: posts small blind 15
Mahu2021: posts big blind 30
*** HOLE CARDS ***
Dealt to Mahu2021 [8h Td]
ArmanKarapet: raises 30 to 60
Mahu2021: folds 
Uncalled bet (30) returned to ArmanKarapet
ArmanKarapet collected 60 from pot
*** SUMMARY ***
Total pot 60 | Rake 0 
Seat 2: ArmanKarapet (button) (small blind) collected (60)
Seat 3: Mahu2021 (big blind) folded before Flop



PokerStars Hand #253442161081: Tournament #3824429898, $1.84+$0.16 USD Hold'em No Limit - Level II (15/30) - 2024/11/17 10:50:19 CET [2024/11/17 4:50:19 ET]
Table '3824429898 1' 3-max Seat #3 is the button
Seat 2: ArmanKarapet (470 in chips) 
Seat 3: Mahu2021 (1030 in chips) 
Mahu2021: posts small blind 15
ArmanKarapet: posts big blind 30
*** HOLE CARDS ***
Dealt to Mahu2021 [7s 6s]
Mahu2021: raises 30 to 60
ArmanKarapet: raises 120 to 180
Mahu2021: folds 
Uncalled bet (120) returned to ArmanKarapet
ArmanKarapet collected 120 from pot
*** SUMMARY ***
Total pot 120 | Rake 0 
Seat 2: ArmanKarapet (big blind) collected (120)
Seat 3: Mahu2021 (button) (small blind) folded before Flop



PokerStars Hand #253442161993: Tournament #3824429898, $1.84+$0.16 USD Hold'em No Limit - Level II (15/30) - 2024/11/17 10:50:27 CET [2024/11/17 4:50:27 ET]
Table '3824429898 1' 3-max Seat #2 is the button
Seat 2: ArmanKarapet (530 in chips) 
Seat 3: Mahu2021 (970 in chips) 
ArmanKarapet: posts small blind 15
Mahu2021: posts big blind 30
*** HOLE CARDS ***
Dealt to Mahu2021 [5h Qd]
ArmanKarapet: raises 30 to 60
Mahu2021: calls 30
*** FLOP *** [As 4s Ks]
Mahu2021: checks 
ArmanKarapet: bets 30
Mahu2021: raises 30 to 60
ArmanKarapet: calls 30
*** TURN *** [As 4s Ks] [9s]
Mahu2021: bets 850 and is all-in
ArmanKarapet: folds 
Uncalled bet (850) returned to Mahu2021
Mahu2021 collected 240 from pot
Mahu2021: doesn't show hand 
*** SUMMARY ***
Total pot 240 | Rake 0 
Board [As 4s Ks 9s]
Seat 2: ArmanKarapet (button) (small blind) folded on the Turn
Seat 3: Mahu2021 (big blind) collected (240)



PokerStars Hand #253442163608: Tournament #3824429898, $1.84+$0.16 USD Hold'em No Limit - Level II (15/30) - 2024/11/17 10:50:42 CET [2024/11/17 4:50:42 ET]
Table '3824429898 1' 3-max Seat #3 is the button
Seat 2: ArmanKarapet (410 in chips) 
Seat 3: Mahu2021 (1090 in chips) 
Mahu2021: posts small blind 15
ArmanKarapet: posts big blind 30
*** HOLE CARDS ***
Dealt to Mahu2021 [2c Kd]
Mahu2021: raises 30 to 60
ArmanKarapet: calls 30
*** FLOP *** [2s Jc 7d]
ArmanKarapet: checks 
Mahu2021: bets 60
ArmanKarapet: folds 
Uncalled bet (60) returned to Mahu2021
Mahu2021 collected 120 from pot
Mahu2021: doesn't show hand 
*** SUMMARY ***
Total pot 120 | Rake 0 
Board [2s Jc 7d]
Seat 2: ArmanKarapet (big blind) folded on the Flop
Seat 3: Mahu2021 (button) (small blind) collected (120)



PokerStars Hand #253442164743: Tournament #3824429898, $1.84+$0.16 USD Hold'em No Limit - Level II (15/30) - 2024/11/17 10:50:52 CET [2024/11/17 4:50:52 ET]
Table '3824429898 1' 3-max Seat #2 is the button
Seat 2: ArmanKarapet (350 in chips) 
Seat 3: Mahu2021 (1150 in chips) 
ArmanKarapet: posts small blind 15
Mahu2021: posts big blind 30
*** HOLE CARDS ***
Dealt to Mahu2021 [Js 3s]
ArmanKarapet: raises 60 to 90
Mahu2021: calls 60
*** FLOP *** [5s Jh 3h]
Mahu2021: checks 
ArmanKarapet: bets 30
Mahu2021: calls 30
*** TURN *** [5s Jh 3h] [4d]
Mahu2021: checks 
ArmanKarapet: checks 
*** RIVER *** [5s Jh 3h 4d] [7s]
Mahu2021: bets 30
ArmanKarapet: raises 200 to 230 and is all-in
Mahu2021: calls 200
*** SHOW DOWN ***
ArmanKarapet: shows [5h 5c] (three of a kind, Fives)
Mahu2021: shows [Js 3s] (two pair, Jacks and Threes)
ArmanKarapet collected 700 from pot
*** SUMMARY ***
Total pot 700 | Rake 0 
Board [5s Jh 3h 4d 7s]
Seat 2: ArmanKarapet (button) (small blind) showed [5h 5c] and won (700) with three of a kind, Fives
Seat 3: Mahu2021 (big blind) showed [Js 3s] and lost with two pair, Jacks and Threes



PokerStars Hand #253442166777: Tournament #3824429898, $1.84+$0.16 USD Hold'em No Limit - Level II (15/30) - 2024/11/17 10:51:10 CET [2024/11/17 4:51:10 ET]
Table '3824429898 1' 3-max Seat #3 is the button
Seat 2: ArmanKarapet (700 in chips) 
Seat 3: Mahu2021 (800 in chips) 
Mahu2021: posts small blind 15
ArmanKarapet: posts big blind 30
*** HOLE CARDS ***
Dealt to Mahu2021 [Qh 5s]
Mahu2021: raises 30 to 60
ArmanKarapet: calls 30
*** FLOP *** [2c As Kh]
ArmanKarapet: checks 
Mahu2021: bets 60
ArmanKarapet: raises 240 to 300
Mahu2021: folds 
Uncalled bet (240) returned to ArmanKarapet
ArmanKarapet collected 240 from pot
*** SUMMARY ***
Total pot 240 | Rake 0 
Board [2c As Kh]
Seat 2: ArmanKarapet (big blind) collected (240)
Seat 3: Mahu2021 (button) (small blind) folded on the Flop



PokerStars Hand #253442168196: Tournament #3824429898, $1.84+$0.16 USD Hold'em No Limit - Level II (15/30) - 2024/11/17 10:51:23 CET [2024/11/17 4:51:23 ET]
Table '3824429898 1' 3-max Seat #2 is the button
Seat 2: ArmanKarapet (820 in chips) 
Seat 3: Mahu2021 (680 in chips) 
ArmanKarapet: posts small blind 15
Mahu2021: posts big blind 30
*** HOLE CARDS ***
Dealt to Mahu2021 [5s 7d]
ArmanKarapet: raises 30 to 60
Mahu2021: folds 
Uncalled bet (30) returned to ArmanKarapet
ArmanKarapet collected 60 from pot
*** SUMMARY ***
Total pot 60 | Rake 0 
Seat 2: ArmanKarapet (button) (small blind) collected (60)
Seat 3: Mahu2021 (big blind) folded before Flop



PokerStars Hand #253442168807: Tournament #3824429898, $1.84+$0.16 USD Hold'em No Limit - Level II (15/30) - 2024/11/17 10:51:28 CET [2024/11/17 4:51:28 ET]
Table '3824429898 1' 3-max Seat #3 is the button
Seat 2: ArmanKarapet (850 in chips) 
Seat 3: Mahu2021 (650 in chips) 
Mahu2021: posts small blind 15
ArmanKarapet: posts big blind 30
*** HOLE CARDS ***
Dealt to Mahu2021 [Ah 3c]
Mahu2021: calls 15
ArmanKarapet: checks 
*** FLOP *** [4d As 4s]
ArmanKarapet: checks 
Mahu2021: checks 
*** TURN *** [4d As 4s] [9c]
ArmanKarapet: checks 
Mahu2021: checks 
*** RIVER *** [4d As 4s 9c] [3s]
ArmanKarapet: checks 
Mahu2021: bets 60
ArmanKarapet: calls 60
*** SHOW DOWN ***
Mahu2021: shows [Ah 3c] (two pair, Aces and Fours)
ArmanKarapet: shows [4c 7d] (three of a kind, Fours)
ArmanKarapet collected 180 from pot
*** SUMMARY ***
Total pot 180 | Rake 0 
Board [4d As 4s 9c 3s]
Seat 2: ArmanKarapet (big blind) showed [4c 7d] and won (180) with three of a kind, Fours
Seat 3: Mahu2021 (button) (small blind) showed [Ah 3c] and lost with two pair, Aces and Fours



PokerStars Hand #253442170947: Tournament #3824429898, $1.84+$0.16 USD Hold'em No Limit - Level III (20/40) - 2024/11/17 10:51:47 CET [2024/11/17 4:51:47 ET]
Table '3824429898 1' 3-max Seat #2 is the button
Seat 2: ArmanKarapet (940 in chips) 
Seat 3: Mahu2021 (560 in chips) 
ArmanKarapet: posts small blind 20
Mahu2021: posts big blind 40
*** HOLE CARDS ***
Dealt to Mahu2021 [6s 8c]
ArmanKarapet: calls 20
Mahu2021: checks 
*** FLOP *** [3c 2h 4s]
Mahu2021: checks 
ArmanKarapet: checks 
*** TURN *** [3c 2h 4s] [6c]
Mahu2021: checks 
ArmanKarapet: checks 
*** RIVER *** [3c 2h 4s 6c] [Qd]
Mahu2021: bets 80
ArmanKarapet: folds 
Uncalled bet (80) returned to Mahu2021
Mahu2021 collected 80 from pot
Mahu2021: doesn't show hand 
*** SUMMARY ***
Total pot 80 | Rake 0 
Board [3c 2h 4s 6c Qd]
Seat 2: ArmanKarapet (button) (small blind) folded on the River
Seat 3: Mahu2021 (big blind) collected (80)



PokerStars Hand #253442172499: Tournament #3824429898, $1.84+$0.16 USD Hold'em No Limit - Level III (20/40) - 2024/11/17 10:52:01 CET [2024/11/17 4:52:01 ET]
Table '3824429898 1' 3-max Seat #3 is the button
Seat 2: ArmanKarapet (900 in chips) 
Seat 3: Mahu2021 (600 in chips) 
Mahu2021: posts small blind 20
ArmanKarapet: posts big blind 40
*** HOLE CARDS ***
Dealt to Mahu2021 [4h Qh]
Mahu2021: raises 40 to 80
ArmanKarapet: calls 40
*** FLOP *** [6c 8c 3c]
ArmanKarapet: checks 
Mahu2021: checks 
*** TURN *** [6c 8c 3c] [6s]
ArmanKarapet: bets 80
Mahu2021: folds 
Uncalled bet (80) returned to ArmanKarapet
ArmanKarapet collected 160 from pot
*** SUMMARY ***
Total pot 160 | Rake 0 
Board [6c 8c 3c 6s]
Seat 2: ArmanKarapet (big blind) collected (160)
Seat 3: Mahu2021 (button) (small blind) folded on the Turn



PokerStars Hand #253442173927: Tournament #3824429898, $1.84+$0.16 USD Hold'em No Limit - Level III (20/40) - 2024/11/17 10:52:13 CET [2024/11/17 4:52:13 ET]
Table '3824429898 1' 3-max Seat #2 is the button
Seat 2: ArmanKarapet (980 in chips) 
Seat 3: Mahu2021 (520 in chips) 
ArmanKarapet: posts small blind 20
Mahu2021: posts big blind 40
*** HOLE CARDS ***
Dealt to Mahu2021 [3s 8s]
ArmanKarapet: calls 20
Mahu2021: checks 
*** FLOP *** [Jc 6s 6h]
Mahu2021: checks 
ArmanKarapet: checks 
*** TURN *** [Jc 6s 6h] [5c]
Mahu2021: checks 
ArmanKarapet: bets 40
Mahu2021: folds 
Uncalled bet (40) returned to ArmanKarapet
ArmanKarapet collected 80 from pot
*** SUMMARY ***
Total pot 80 | Rake 0 
Board [Jc 6s 6h 5c]
Seat 2: ArmanKarapet (button) (small blind) collected (80)
Seat 3: Mahu2021 (big blind) folded on the Turn



PokerStars Hand #253442175067: Tournament #3824429898, $1.84+$0.16 USD Hold'em No Limit - Level III (20/40) - 2024/11/17 10:52:23 CET [2024/11/17 4:52:23 ET]
Table '3824429898 1' 3-max Seat #3 is the button
Seat 2: ArmanKarapet (1020 in chips) 
Seat 3: Mahu2021 (480 in chips) 
Mahu2021: posts small blind 20
ArmanKarapet: posts big blind 40
*** HOLE CARDS ***
Dealt to Mahu2021 [8d 5c]
Mahu2021: folds 
Uncalled bet (20) returned to ArmanKarapet
ArmanKarapet collected 40 from pot
*** SUMMARY ***
Total pot 40 | Rake 0 
Seat 2: ArmanKarapet (big blind) collected (40)
Seat 3: Mahu2021 (button) (small blind) folded before Flop



PokerStars Hand #253442175541: Tournament #3824429898, $1.84+$0.16 USD Hold'em No Limit - Level III (20/40) - 2024/11/17 10:52:27 CET [2024/11/17 4:52:27 ET]
Table '3824429898 1' 3-max Seat #2 is the button
Seat 2: ArmanKarapet (1040 in chips) 
Seat 3: Mahu2021 (460 in chips) 
ArmanKarapet: posts small blind 20
Mahu2021: posts big blind 40
*** HOLE CARDS ***
Dealt to Mahu2021 [6d 5d]
ArmanKarapet: calls 20
Mahu2021: checks 
*** FLOP *** [8c Kh 9s]
Mahu2021: checks 
ArmanKarapet: checks 
*** TURN *** [8c Kh 9s] [4d]
Mahu2021: checks 
ArmanKarapet: checks 
*** RIVER *** [8c Kh 9s 4d] [4s]
Mahu2021: checks 
ArmanKarapet: checks 
*** SHOW DOWN ***
Mahu2021: shows [6d 5d] (a pair of Fours)
ArmanKarapet: shows [Th As] (a pair of Fours - Ace kicker)
ArmanKarapet collected 80 from pot
*** SUMMARY ***
Total pot 80 | Rake 0 
Board [8c Kh 9s 4d 4s]
Seat 2: ArmanKarapet (button) (small blind) showed [Th As] and won (80) with a pair of Fours
Seat 3: Mahu2021 (big blind) showed [6d 5d] and lost with a pair of Fours



PokerStars Hand #253442176934: Tournament #3824429898, $1.84+$0.16 USD Hold'em No Limit - Level III (20/40) - 2024/11/17 10:52:39 CET [2024/11/17 4:52:39 ET]
Table '3824429898 1' 3-max Seat #3 is the button
Seat 2: ArmanKarapet (1080 in chips) 
Seat 3: Mahu2021 (420 in chips) 
Mahu2021: posts small blind 20
ArmanKarapet: posts big blind 40
*** HOLE CARDS ***
Dealt to Mahu2021 [Ah 3d]
Mahu2021: calls 20
ArmanKarapet: checks 
*** FLOP *** [6s 5h Ad]
ArmanKarapet: checks 
Mahu2021: bets 40
ArmanKarapet: calls 40
*** TURN *** [6s 5h Ad] [7c]
ArmanKarapet: checks 
Mahu2021: bets 340 and is all-in
ArmanKarapet: folds 
Uncalled bet (340) returned to Mahu2021
Mahu2021 collected 160 from pot
Mahu2021: doesn't show hand 
*** SUMMARY ***
Total pot 160 | Rake 0 
Board [6s 5h Ad 7c]
Seat 2: ArmanKarapet (big blind) folded on the Turn
Seat 3: Mahu2021 (button) (small blind) collected (160)



PokerStars Hand #253442178651: Tournament #3824429898, $1.84+$0.16 USD Hold'em No Limit - Level III (20/40) - 2024/11/17 10:52:54 CET [2024/11/17 4:52:54 ET]
Table '3824429898 1' 3-max Seat #2 is the button
Seat 2: ArmanKarapet (1000 in chips) 
Seat 3: Mahu2021 (500 in chips) 
ArmanKarapet: posts small blind 20
Mahu2021: posts big blind 40
*** HOLE CARDS ***
Dealt to Mahu2021 [Th 8d]
ArmanKarapet: calls 20
Mahu2021: checks 
*** FLOP *** [Qd Ad 5s]
Mahu2021: checks 
ArmanKarapet: checks 
*** TURN *** [Qd Ad 5s] [Kc]
Mahu2021: checks 
ArmanKarapet: bets 40
Mahu2021: raises 80 to 120
ArmanKarapet: folds 
Uncalled bet (80) returned to Mahu2021
Mahu2021 collected 160 from pot
Mahu2021: doesn't show hand 
*** SUMMARY ***
Total pot 160 | Rake 0 
Board [Qd Ad 5s Kc]
Seat 2: ArmanKarapet (button) (small blind) folded on the Turn
Seat 3: Mahu2021 (big blind) collected (160)



PokerStars Hand #253442180218: Tournament #3824429898, $1.84+$0.16 USD Hold'em No Limit - Level III (20/40) - 2024/11/17 10:53:08 CET [2024/11/17 4:53:08 ET]
Table '3824429898 1' 3-max Seat #3 is the button
Seat 2: ArmanKarapet (920 in chips) 
Seat 3: Mahu2021 (580 in chips) 
Mahu2021: posts small blind 20
ArmanKarapet: posts big blind 40
*** HOLE CARDS ***
Dealt to Mahu2021 [As Kc]
Mahu2021: calls 20
ArmanKarapet: raises 80 to 120
Mahu2021: raises 460 to 580 and is all-in
ArmanKarapet: folds 
Uncalled bet (460) returned to Mahu2021
Mahu2021 collected 240 from pot
Mahu2021: doesn't show hand 
*** SUMMARY ***
Total pot 240 | Rake 0 
Seat 2: ArmanKarapet (big blind) folded before Flop
Seat 3: Mahu2021 (button) (small blind) collected (240)



PokerStars Hand #253442181209: Tournament #3824429898, $1.84+$0.16 USD Hold'em No Limit - Level III (20/40) - 2024/11/17 10:53:17 CET [2024/11/17 4:53:17 ET]
Table '3824429898 1' 3-max Seat #2 is the button
Seat 2: ArmanKarapet (800 in chips) 
Seat 3: Mahu2021 (700 in chips) 
ArmanKarapet: posts small blind 20
Mahu2021: posts big blind 40
*** HOLE CARDS ***
Dealt to Mahu2021 [Kc Kd]
ArmanKarapet: calls 20
Mahu2021: raises 80 to 120
ArmanKarapet: calls 80
*** FLOP *** [Ts 8d 2c]
Mahu2021: bets 580 and is all-in
ArmanKarapet: folds 
Uncalled bet (580) returned to Mahu2021
Mahu2021 collected 240 from pot
Mahu2021: doesn't show hand 
*** SUMMARY ***
Total pot 240 | Rake 0 
Board [Ts 8d 2c]
Seat 2: ArmanKarapet (button) (small blind) folded on the Flop
Seat 3: Mahu2021 (big blind) collected (240)



PokerStars Hand #253442182344: Tournament #3824429898, $1.84+$0.16 USD Hold'em No Limit - Level III (20/40) - 2024/11/17 10:53:27 CET [2024/11/17 4:53:27 ET]
Table '3824429898 1' 3-max Seat #3 is the button
Seat 2: ArmanKarapet (680 in chips) 
Seat 3: Mahu2021 (820 in chips) 
Mahu2021: posts small blind 20
ArmanKarapet: posts big blind 40
*** HOLE CARDS ***
Dealt to Mahu2021 [Qc Ks]
Mahu2021: raises 40 to 80
ArmanKarapet: raises 80 to 160
Mahu2021: calls 80
*** FLOP *** [Qd 7d 3c]
ArmanKarapet: bets 40
Mahu2021: raises 620 to 660 and is all-in
ArmanKarapet: calls 480 and is all-in
Uncalled bet (140) returned to Mahu2021
*** TURN *** [Qd 7d 3c] [3s]
*** RIVER *** [Qd 7d 3c 3s] [6d]
*** SHOW DOWN ***
ArmanKarapet: shows [Js Jc] (two pair, Jacks and Threes)
Mahu2021: shows [Qc Ks] (two pair, Queens and Threes)
Mahu2021 collected 1360 from pot
ArmanKarapet finished the tournament in 2nd place
Mahu2021 wins the tournament and receives $4.00 - congratulations!
*** SUMMARY ***
Total pot 1360 | Rake 0 
Board [Qd 7d 3c 3s 6d]
Seat 2: ArmanKarapet (big blind) showed [Js Jc] and lost with two pair, Jacks and Threes
Seat 3: Mahu2021 (button) (small blind) showed [Qc Ks] and won (1360) with two pair, Queens and Threes



