PokerStars Hand #246769021927: Tournament #3664556686, $1.84+$0.16 USD Hold'em No Limit - Level I (10/20) - 2023/10/27 14:24:53 CET [2023/10/27 8:24:53 ET]
Table '3664556686 1' 3-max Seat #1 is the button
Seat 1: Mahu2021 (500 in chips) 
Seat 2: boulderopalman (500 in chips) 
Seat 3: Jodakin (500 in chips) 
boulderopalman: posts small blind 10
Jodakin: posts big blind 20
*** HOLE CARDS ***
Dealt to Mahu2021 [Qh Js]
Mahu2021: raises 20 to 40
boulderopalman: folds 
Jodakin: folds 
Uncalled bet (20) returned to Mahu2021
Mahu2021 collected 50 from pot
Mahu2021: doesn't show hand 
*** SUMMARY ***
Total pot 50 | Rake 0 
Seat 1: Mahu2021 (button) collected (50)
Seat 2: boulderopalman (small blind) folded before Flop
Seat 3: Jodakin (big blind) folded before Flop



PokerStars Hand #246769023757: Tournament #3664556686, $1.84+$0.16 USD Hold'em No Limit - Level I (10/20) - 2023/10/27 14:25:04 CET [2023/10/27 8:25:04 ET]
Table '3664556686 1' 3-max Seat #2 is the button
Seat 1: Mahu2021 (530 in chips) 
Seat 2: boulderopalman (490 in chips) 
Seat 3: Jodakin (480 in chips) 
Jodakin: posts small blind 10
Mahu2021: posts big blind 20
*** HOLE CARDS ***
Dealt to Mahu2021 [5d Jd]
boulderopalman: folds 
Jodakin: raises 30 to 50
Mahu2021: folds 
Uncalled bet (30) returned to Jodakin
Jodakin collected 40 from pot
*** SUMMARY ***
Total pot 40 | Rake 0 
Seat 1: Mahu2021 (big blind) folded before Flop
Seat 2: boulderopalman (button) folded before Flop (didn't bet)
Seat 3: Jodakin (small blind) collected (40)



PokerStars Hand #246769025771: Tournament #3664556686, $1.84+$0.16 USD Hold'em No Limit - Level I (10/20) - 2023/10/27 14:25:15 CET [2023/10/27 8:25:15 ET]
Table '3664556686 1' 3-max Seat #3 is the button
Seat 1: Mahu2021 (510 in chips) 
Seat 2: boulderopalman (490 in chips) 
Seat 3: Jodakin (500 in chips) 
Mahu2021: posts small blind 10
boulderopalman: posts big blind 20
*** HOLE CARDS ***
Dealt to Mahu2021 [Qc 9c]
Jodakin: folds 
Mahu2021: calls 10
boulderopalman: checks 
*** FLOP *** [5d 8c Ah]
Mahu2021: bets 20
boulderopalman: folds 
Uncalled bet (20) returned to Mahu2021
Mahu2021 collected 40 from pot
Mahu2021: doesn't show hand 
*** SUMMARY ***
Total pot 40 | Rake 0 
Board [5d 8c Ah]
Seat 1: Mahu2021 (small blind) collected (40)
Seat 2: boulderopalman (big blind) folded on the Flop
Seat 3: Jodakin (button) folded before Flop (didn't bet)



PokerStars Hand #246769028573: Tournament #3664556686, $1.84+$0.16 USD Hold'em No Limit - Level I (10/20) - 2023/10/27 14:25:30 CET [2023/10/27 8:25:30 ET]
Table '3664556686 1' 3-max Seat #1 is the button
Seat 1: Mahu2021 (530 in chips) 
Seat 2: boulderopalman (470 in chips) 
Seat 3: Jodakin (500 in chips) 
boulderopalman: posts small blind 10
Jodakin: posts big blind 20
*** HOLE CARDS ***
Dealt to Mahu2021 [Ks Kd]
Mahu2021: raises 60 to 80
boulderopalman: folds 
Jodakin: folds 
Uncalled bet (60) returned to Mahu2021
Mahu2021 collected 50 from pot
Mahu2021: doesn't show hand 
*** SUMMARY ***
Total pot 50 | Rake 0 
Seat 1: Mahu2021 (button) collected (50)
Seat 2: boulderopalman (small blind) folded before Flop
Seat 3: Jodakin (big blind) folded before Flop



PokerStars Hand #246769030508: Tournament #3664556686, $1.84+$0.16 USD Hold'em No Limit - Level I (10/20) - 2023/10/27 14:25:41 CET [2023/10/27 8:25:41 ET]
Table '3664556686 1' 3-max Seat #2 is the button
Seat 1: Mahu2021 (560 in chips) 
Seat 2: boulderopalman (460 in chips) 
Seat 3: Jodakin (480 in chips) 
Jodakin: posts small blind 10
Mahu2021: posts big blind 20
*** HOLE CARDS ***
Dealt to Mahu2021 [Qc Kd]
boulderopalman: raises 20 to 40
Jodakin: folds 
Mahu2021: calls 20
*** FLOP *** [8d 8s 3h]
Mahu2021: checks 
boulderopalman: bets 20
Mahu2021: calls 20
*** TURN *** [8d 8s 3h] [6d]
Mahu2021: checks 
boulderopalman: bets 40
Mahu2021: folds 
Uncalled bet (40) returned to boulderopalman
boulderopalman collected 130 from pot
*** SUMMARY ***
Total pot 130 | Rake 0 
Board [8d 8s 3h 6d]
Seat 1: Mahu2021 (big blind) folded on the Turn
Seat 2: boulderopalman (button) collected (130)
Seat 3: Jodakin (small blind) folded before Flop



PokerStars Hand #246769034339: Tournament #3664556686, $1.84+$0.16 USD Hold'em No Limit - Level I (10/20) - 2023/10/27 14:26:01 CET [2023/10/27 8:26:01 ET]
Table '3664556686 1' 3-max Seat #3 is the button
Seat 1: Mahu2021 (500 in chips) 
Seat 2: boulderopalman (530 in chips) 
Seat 3: Jodakin (470 in chips) 
Mahu2021: posts small blind 10
boulderopalman: posts big blind 20
*** HOLE CARDS ***
Dealt to Mahu2021 [8d 8c]
Jodakin: folds 
Mahu2021: raises 40 to 60
boulderopalman: calls 40
*** FLOP *** [9s 5c 6c]
Mahu2021: bets 120
boulderopalman: calls 120
*** TURN *** [9s 5c 6c] [Qh]
Mahu2021: bets 320 and is all-in
boulderopalman: folds 
Uncalled bet (320) returned to Mahu2021
Mahu2021 collected 360 from pot
Mahu2021: doesn't show hand 
*** SUMMARY ***
Total pot 360 | Rake 0 
Board [9s 5c 6c Qh]
Seat 1: Mahu2021 (small blind) collected (360)
Seat 2: boulderopalman (big blind) folded on the Turn
Seat 3: Jodakin (button) folded before Flop (didn't bet)



PokerStars Hand #246769039271: Tournament #3664556686, $1.84+$0.16 USD Hold'em No Limit - Level I (10/20) - 2023/10/27 14:26:28 CET [2023/10/27 8:26:28 ET]
Table '3664556686 1' 3-max Seat #1 is the button
Seat 1: Mahu2021 (680 in chips) 
Seat 2: boulderopalman (350 in chips) 
Seat 3: Jodakin (470 in chips) 
boulderopalman: posts small blind 10
Jodakin: posts big blind 20
*** HOLE CARDS ***
Dealt to Mahu2021 [Ah 4h]
Mahu2021: raises 20 to 40
boulderopalman: folds 
Jodakin: folds 
Uncalled bet (20) returned to Mahu2021
Mahu2021 collected 50 from pot
Mahu2021: doesn't show hand 
*** SUMMARY ***
Total pot 50 | Rake 0 
Seat 1: Mahu2021 (button) collected (50)
Seat 2: boulderopalman (small blind) folded before Flop
Seat 3: Jodakin (big blind) folded before Flop



PokerStars Hand #246769041266: Tournament #3664556686, $1.84+$0.16 USD Hold'em No Limit - Level I (10/20) - 2023/10/27 14:26:39 CET [2023/10/27 8:26:39 ET]
Table '3664556686 1' 3-max Seat #2 is the button
Seat 1: Mahu2021 (710 in chips) 
Seat 2: boulderopalman (340 in chips) 
Seat 3: Jodakin (450 in chips) 
Jodakin: posts small blind 10
Mahu2021: posts big blind 20
*** HOLE CARDS ***
Dealt to Mahu2021 [8s 9d]
boulderopalman: raises 20 to 40
Jodakin: calls 30
Mahu2021: calls 20
*** FLOP *** [2d 4h 3h]
Jodakin: bets 40
Mahu2021: folds 
boulderopalman: calls 40
*** TURN *** [2d 4h 3h] [Jh]
Jodakin: checks 
boulderopalman: bets 260 and is all-in
Jodakin: calls 260
*** RIVER *** [2d 4h 3h Jh] [8h]
*** SHOW DOWN ***
Jodakin: shows [Ah 2h] (a flush, Ace high)
boulderopalman: shows [Kc Qc] (high card King)
Jodakin collected 720 from pot
boulderopalman finished the tournament in 3rd place
*** SUMMARY ***
Total pot 720 | Rake 0 
Board [2d 4h 3h Jh 8h]
Seat 1: Mahu2021 (big blind) folded on the Flop
Seat 2: boulderopalman (button) showed [Kc Qc] and lost with high card King
Seat 3: Jodakin (small blind) showed [Ah 2h] and won (720) with a flush, Ace high



PokerStars Hand #246769046829: Tournament #3664556686, $1.84+$0.16 USD Hold'em No Limit - Level I (10/20) - 2023/10/27 14:27:10 CET [2023/10/27 8:27:10 ET]
Table '3664556686 1' 3-max Seat #1 is the button
Seat 1: Mahu2021 (670 in chips) 
Seat 3: Jodakin (830 in chips) 
Mahu2021: posts small blind 10
Jodakin: posts big blind 20
*** HOLE CARDS ***
Dealt to Mahu2021 [Jd Kh]
Mahu2021: raises 40 to 60
Jodakin: calls 40
*** FLOP *** [6s Ad Th]
Jodakin: checks 
Mahu2021: checks 
*** TURN *** [6s Ad Th] [6h]
Jodakin: checks 
Mahu2021: checks 
*** RIVER *** [6s Ad Th 6h] [Tc]
Jodakin: bets 770 and is all-in
Mahu2021: folds 
Uncalled bet (770) returned to Jodakin
Jodakin collected 120 from pot
*** SUMMARY ***
Total pot 120 | Rake 0 
Board [6s Ad Th 6h Tc]
Seat 1: Mahu2021 (button) (small blind) folded on the River
Seat 3: Jodakin (big blind) collected (120)



PokerStars Hand #246769049941: Tournament #3664556686, $1.84+$0.16 USD Hold'em No Limit - Level I (10/20) - 2023/10/27 14:27:27 CET [2023/10/27 8:27:27 ET]
Table '3664556686 1' 3-max Seat #3 is the button
Seat 1: Mahu2021 (610 in chips) 
Seat 3: Jodakin (890 in chips) 
Jodakin: posts small blind 10
Mahu2021: posts big blind 20
*** HOLE CARDS ***
Dealt to Mahu2021 [Ad 8s]
Jodakin: folds 
Uncalled bet (10) returned to Mahu2021
Mahu2021 collected 20 from pot
Mahu2021: doesn't show hand 
*** SUMMARY ***
Total pot 20 | Rake 0 
Seat 1: Mahu2021 (big blind) collected (20)
Seat 3: Jodakin (button) (small blind) folded before Flop



PokerStars Hand #246769050832: Tournament #3664556686, $1.84+$0.16 USD Hold'em No Limit - Level I (10/20) - 2023/10/27 14:27:32 CET [2023/10/27 8:27:32 ET]
Table '3664556686 1' 3-max Seat #1 is the button
Seat 1: Mahu2021 (620 in chips) 
Seat 3: Jodakin (880 in chips) 
Mahu2021: posts small blind 10
Jodakin: posts big blind 20
*** HOLE CARDS ***
Dealt to Mahu2021 [6h 7h]
Mahu2021: calls 10
Jodakin: checks 
*** FLOP *** [4h 5s Qc]
Jodakin: checks 
Mahu2021: bets 40
Jodakin: calls 40
*** TURN *** [4h 5s Qc] [9d]
Jodakin: checks 
Mahu2021: checks 
*** RIVER *** [4h 5s Qc 9d] [Td]
Jodakin: bets 60
Mahu2021: folds 
Uncalled bet (60) returned to Jodakin
Jodakin collected 120 from pot
*** SUMMARY ***
Total pot 120 | Rake 0 
Board [4h 5s Qc 9d Td]
Seat 1: Mahu2021 (button) (small blind) folded on the River
Seat 3: Jodakin (big blind) collected (120)



PokerStars Hand #246769055574: Tournament #3664556686, $1.84+$0.16 USD Hold'em No Limit - Level II (15/30) - 2023/10/27 14:27:59 CET [2023/10/27 8:27:59 ET]
Table '3664556686 1' 3-max Seat #3 is the button
Seat 1: Mahu2021 (560 in chips) 
Seat 3: Jodakin (940 in chips) 
Jodakin: posts small blind 15
Mahu2021: posts big blind 30
*** HOLE CARDS ***
Dealt to Mahu2021 [3s Jc]
Jodakin: raises 30 to 60
Mahu2021: folds 
Uncalled bet (30) returned to Jodakin
Jodakin collected 60 from pot
*** SUMMARY ***
Total pot 60 | Rake 0 
Seat 1: Mahu2021 (big blind) folded before Flop
Seat 3: Jodakin (button) (small blind) collected (60)



PokerStars Hand #246769056531: Tournament #3664556686, $1.84+$0.16 USD Hold'em No Limit - Level II (15/30) - 2023/10/27 14:28:04 CET [2023/10/27 8:28:04 ET]
Table '3664556686 1' 3-max Seat #1 is the button
Seat 1: Mahu2021 (530 in chips) 
Seat 3: Jodakin (970 in chips) 
Mahu2021: posts small blind 15
Jodakin: posts big blind 30
*** HOLE CARDS ***
Dealt to Mahu2021 [6s 2h]
Mahu2021: folds 
Uncalled bet (15) returned to Jodakin
Jodakin collected 30 from pot
*** SUMMARY ***
Total pot 30 | Rake 0 
Seat 1: Mahu2021 (button) (small blind) folded before Flop
Seat 3: Jodakin (big blind) collected (30)



PokerStars Hand #246769057363: Tournament #3664556686, $1.84+$0.16 USD Hold'em No Limit - Level II (15/30) - 2023/10/27 14:28:08 CET [2023/10/27 8:28:08 ET]
Table '3664556686 1' 3-max Seat #3 is the button
Seat 1: Mahu2021 (515 in chips) 
Seat 3: Jodakin (985 in chips) 
Jodakin: posts small blind 15
Mahu2021: posts big blind 30
*** HOLE CARDS ***
Dealt to Mahu2021 [5h 2d]
Jodakin: raises 30 to 60
Mahu2021: folds 
Uncalled bet (30) returned to Jodakin
Jodakin collected 60 from pot
*** SUMMARY ***
Total pot 60 | Rake 0 
Seat 1: Mahu2021 (big blind) folded before Flop
Seat 3: Jodakin (button) (small blind) collected (60)



PokerStars Hand #246769058293: Tournament #3664556686, $1.84+$0.16 USD Hold'em No Limit - Level II (15/30) - 2023/10/27 14:28:14 CET [2023/10/27 8:28:14 ET]
Table '3664556686 1' 3-max Seat #1 is the button
Seat 1: Mahu2021 (485 in chips) 
Seat 3: Jodakin (1015 in chips) 
Mahu2021: posts small blind 15
Jodakin: posts big blind 30
*** HOLE CARDS ***
Dealt to Mahu2021 [5c Ah]
Mahu2021: calls 15
Jodakin: checks 
*** FLOP *** [Js 5h 9c]
Jodakin: checks 
Mahu2021: bets 60
Jodakin: calls 60
*** TURN *** [Js 5h 9c] [7d]
Jodakin: checks 
Mahu2021: checks 
*** RIVER *** [Js 5h 9c 7d] [6c]
Jodakin: bets 54
Mahu2021: calls 54
*** SHOW DOWN ***
Jodakin: shows [9d 7s] (two pair, Nines and Sevens)
Mahu2021: mucks hand 
Jodakin collected 288 from pot
*** SUMMARY ***
Total pot 288 | Rake 0 
Board [Js 5h 9c 7d 6c]
Seat 1: Mahu2021 (button) (small blind) mucked [5c Ah]
Seat 3: Jodakin (big blind) showed [9d 7s] and won (288) with two pair, Nines and Sevens



PokerStars Hand #246769062123: Tournament #3664556686, $1.84+$0.16 USD Hold'em No Limit - Level II (15/30) - 2023/10/27 14:28:35 CET [2023/10/27 8:28:35 ET]
Table '3664556686 1' 3-max Seat #3 is the button
Seat 1: Mahu2021 (341 in chips) 
Seat 3: Jodakin (1159 in chips) 
Jodakin: posts small blind 15
Mahu2021: posts big blind 30
*** HOLE CARDS ***
Dealt to Mahu2021 [Jh 3s]
Jodakin: calls 15
Mahu2021: checks 
*** FLOP *** [9h Js 3h]
Mahu2021: checks 
Jodakin: bets 45
Mahu2021: calls 45
*** TURN *** [9h Js 3h] [6d]
Mahu2021: checks 
Jodakin: bets 1084 and is all-in
Mahu2021: calls 266 and is all-in
Uncalled bet (818) returned to Jodakin
*** RIVER *** [9h Js 3h 6d] [8s]
*** SHOW DOWN ***
Mahu2021: shows [Jh 3s] (two pair, Jacks and Threes)
Jodakin: shows [Qs Qd] (a pair of Queens)
Mahu2021 collected 682 from pot
*** SUMMARY ***
Total pot 682 | Rake 0 
Board [9h Js 3h 6d 8s]
Seat 1: Mahu2021 (big blind) showed [Jh 3s] and won (682) with two pair, Jacks and Threes
Seat 3: Jodakin (button) (small blind) showed [Qs Qd] and lost with a pair of Queens



PokerStars Hand #246769066375: Tournament #3664556686, $1.84+$0.16 USD Hold'em No Limit - Level II (15/30) - 2023/10/27 14:28:58 CET [2023/10/27 8:28:58 ET]
Table '3664556686 1' 3-max Seat #1 is the button
Seat 1: Mahu2021 (682 in chips) 
Seat 3: Jodakin (818 in chips) 
Mahu2021: posts small blind 15
Jodakin: posts big blind 30
*** HOLE CARDS ***
Dealt to Mahu2021 [2h 4c]
Mahu2021: folds 
Uncalled bet (15) returned to Jodakin
Jodakin collected 30 from pot
*** SUMMARY ***
Total pot 30 | Rake 0 
Seat 1: Mahu2021 (button) (small blind) folded before Flop
Seat 3: Jodakin (big blind) collected (30)



PokerStars Hand #246769067273: Tournament #3664556686, $1.84+$0.16 USD Hold'em No Limit - Level II (15/30) - 2023/10/27 14:29:03 CET [2023/10/27 8:29:03 ET]
Table '3664556686 1' 3-max Seat #3 is the button
Seat 1: Mahu2021 (667 in chips) 
Seat 3: Jodakin (833 in chips) 
Jodakin: posts small blind 15
Mahu2021: posts big blind 30
*** HOLE CARDS ***
Dealt to Mahu2021 [Qc Kh]
Jodakin: raises 30 to 60
Mahu2021: calls 30
*** FLOP *** [7d 3c 9s]
Mahu2021: checks 
Jodakin: checks 
*** TURN *** [7d 3c 9s] [Ks]
Mahu2021: checks 
Jodakin: bets 60
Mahu2021: calls 60
*** RIVER *** [7d 3c 9s Ks] [9c]
Mahu2021: checks 
Jodakin: checks 
*** SHOW DOWN ***
Mahu2021: shows [Qc Kh] (two pair, Kings and Nines)
Jodakin: mucks hand 
Mahu2021 collected 240 from pot
*** SUMMARY ***
Total pot 240 | Rake 0 
Board [7d 3c 9s Ks 9c]
Seat 1: Mahu2021 (big blind) showed [Qc Kh] and won (240) with two pair, Kings and Nines
Seat 3: Jodakin (button) (small blind) mucked [Kc 8c]



PokerStars Hand #246769072750: Tournament #3664556686, $1.84+$0.16 USD Hold'em No Limit - Level II (15/30) - 2023/10/27 14:29:33 CET [2023/10/27 8:29:33 ET]
Table '3664556686 1' 3-max Seat #1 is the button
Seat 1: Mahu2021 (787 in chips) 
Seat 3: Jodakin (713 in chips) 
Mahu2021: posts small blind 15
Jodakin: posts big blind 30
*** HOLE CARDS ***
Dealt to Mahu2021 [5h 7d]
Mahu2021: folds 
Uncalled bet (15) returned to Jodakin
Jodakin collected 30 from pot
*** SUMMARY ***
Total pot 30 | Rake 0 
Seat 1: Mahu2021 (button) (small blind) folded before Flop
Seat 3: Jodakin (big blind) collected (30)



PokerStars Hand #246769073696: Tournament #3664556686, $1.84+$0.16 USD Hold'em No Limit - Level II (15/30) - 2023/10/27 14:29:39 CET [2023/10/27 8:29:39 ET]
Table '3664556686 1' 3-max Seat #3 is the button
Seat 1: Mahu2021 (772 in chips) 
Seat 3: Jodakin (728 in chips) 
Jodakin: posts small blind 15
Mahu2021: posts big blind 30
*** HOLE CARDS ***
Dealt to Mahu2021 [5d Jd]
Jodakin: raises 30 to 60
Mahu2021: calls 30
*** FLOP *** [Kh Ah 4d]
Mahu2021: checks 
Jodakin: bets 45
Mahu2021: raises 75 to 120
Jodakin: calls 75
*** TURN *** [Kh Ah 4d] [2d]
Mahu2021: bets 120
Jodakin: calls 120
*** RIVER *** [Kh Ah 4d 2d] [Tc]
Mahu2021: bets 472 and is all-in
Jodakin: calls 428 and is all-in
Uncalled bet (44) returned to Mahu2021
*** SHOW DOWN ***
Mahu2021: shows [5d Jd] (high card Ace)
Jodakin: shows [6h Ks] (a pair of Kings)
Jodakin collected 1456 from pot
*** SUMMARY ***
Total pot 1456 | Rake 0 
Board [Kh Ah 4d 2d Tc]
Seat 1: Mahu2021 (big blind) showed [5d Jd] and lost with high card Ace
Seat 3: Jodakin (button) (small blind) showed [6h Ks] and won (1456) with a pair of Kings



PokerStars Hand #246769080023: Tournament #3664556686, $1.84+$0.16 USD Hold'em No Limit - Level II (15/30) - 2023/10/27 14:30:13 CET [2023/10/27 8:30:13 ET]
Table '3664556686 1' 3-max Seat #1 is the button
Seat 1: Mahu2021 (44 in chips) 
Seat 3: Jodakin (1456 in chips) 
Mahu2021: posts small blind 15
Jodakin: posts big blind 30
*** HOLE CARDS ***
Dealt to Mahu2021 [6d Jc]
Mahu2021: raises 14 to 44 and is all-in
Jodakin: calls 14
*** FLOP *** [2h Tc 4d]
*** TURN *** [2h Tc 4d] [7s]
*** RIVER *** [2h Tc 4d 7s] [9s]
*** SHOW DOWN ***
Jodakin: shows [9h 3s] (a pair of Nines)
Mahu2021: shows [6d Jc] (high card Jack)
Jodakin collected 88 from pot
Mahu2021 finished the tournament in 2nd place
Jodakin wins the tournament and receives $6.00 - congratulations!
*** SUMMARY ***
Total pot 88 | Rake 0 
Board [2h Tc 4d 7s 9s]
Seat 1: Mahu2021 (button) (small blind) showed [6d Jc] and lost with high card Jack
Seat 3: Jodakin (big blind) showed [9h 3s] and won (88) with a pair of Nines



