PokerStars Hand #251520101031: Tournament #3778570122, $1.84+$0.16 USD Hold'em No Limit - Level I (10/20) - 2024/07/16 20:50:57 CET [2024/07/16 14:50:57 ET]
Table '3778570122 1' 3-max Seat #1 is the button
Seat 1: Wolfiz1 (500 in chips) 
Seat 2: ShiroKuro777 (500 in chips) 
Seat 3: Mahu2021 (500 in chips) 
ShiroKuro777: posts small blind 10
Mahu2021: posts big blind 20
*** HOLE CARDS ***
Dealt to Mahu2021 [Qs Qd]
Wolfiz1: calls 20
ShiroKuro777: calls 10
Mahu2021: raises 480 to 500 and is all-in
Wolfiz1: calls 480 and is all-in
ShiroKuro777: folds 
*** FLOP *** [4s 3h Kc]
*** TURN *** [4s 3h Kc] [9c]
*** RIVER *** [4s 3h Kc 9c] [7c]
*** SHOW DOWN ***
Mahu2021: shows [Qs Qd] (a pair of Queens)
Wolfiz1: shows [As 5s] (high card Ace)
Mahu2021 collected 1020 from pot
Wolfiz1 finished the tournament in 3rd place
*** SUMMARY ***
Total pot 1020 | Rake 0 
Board [4s 3h Kc 9c 7c]
Seat 1: Wolfiz1 (button) showed [As 5s] and lost with high card Ace
Seat 2: ShiroKuro777 (small blind) folded before Flop
Seat 3: Mahu2021 (big blind) showed [Qs Qd] and won (1020) with a pair of Queens



PokerStars Hand #251520108662: Tournament #3778570122, $1.84+$0.16 USD Hold'em No Limit - Level I (10/20) - 2024/07/16 20:51:22 CET [2024/07/16 14:51:22 ET]
Table '3778570122 1' 3-max Seat #3 is the button
Seat 2: ShiroKuro777 (480 in chips) 
Seat 3: Mahu2021 (1020 in chips) 
Mahu2021: posts small blind 10
ShiroKuro777: posts big blind 20
*** HOLE CARDS ***
Dealt to Mahu2021 [3c 7h]
Mahu2021: folds 
Uncalled bet (10) returned to ShiroKuro777
ShiroKuro777 collected 20 from pot
ShiroKuro777: doesn't show hand 
*** SUMMARY ***
Total pot 20 | Rake 0 
Seat 2: ShiroKuro777 (big blind) collected (20)
Seat 3: Mahu2021 (button) (small blind) folded before Flop



PokerStars Hand #251520110008: Tournament #3778570122, $1.84+$0.16 USD Hold'em No Limit - Level I (10/20) - 2024/07/16 20:51:27 CET [2024/07/16 14:51:27 ET]
Table '3778570122 1' 3-max Seat #2 is the button
Seat 2: ShiroKuro777 (490 in chips) 
Seat 3: Mahu2021 (1010 in chips) 
ShiroKuro777: posts small blind 10
Mahu2021: posts big blind 20
*** HOLE CARDS ***
Dealt to Mahu2021 [3d Th]
ShiroKuro777: calls 10
Mahu2021: checks 
*** FLOP *** [9h Td 7h]
Mahu2021: checks 
ShiroKuro777: checks 
*** TURN *** [9h Td 7h] [3s]
Mahu2021: bets 20
ShiroKuro777: raises 70 to 90
Mahu2021: raises 90 to 180
ShiroKuro777: calls 90
*** RIVER *** [9h Td 7h 3s] [7c]
Mahu2021: bets 400
ShiroKuro777: folds 
Uncalled bet (400) returned to Mahu2021
Mahu2021 collected 400 from pot
Mahu2021: doesn't show hand 
*** SUMMARY ***
Total pot 400 | Rake 0 
Board [9h Td 7h 3s 7c]
Seat 2: ShiroKuro777 (button) (small blind) folded on the River
Seat 3: Mahu2021 (big blind) collected (400)



PokerStars Hand #251520131260: Tournament #3778570122, $1.84+$0.16 USD Hold'em No Limit - Level I (10/20) - 2024/07/16 20:52:39 CET [2024/07/16 14:52:39 ET]
Table '3778570122 1' 3-max Seat #3 is the button
Seat 2: ShiroKuro777 (290 in chips) 
Seat 3: Mahu2021 (1210 in chips) 
Mahu2021: posts small blind 10
ShiroKuro777: posts big blind 20
*** HOLE CARDS ***
Dealt to Mahu2021 [Qd Qc]
Mahu2021: raises 20 to 40
ShiroKuro777: raises 250 to 290 and is all-in
Mahu2021: calls 250
*** FLOP *** [Tc Ah 2d]
*** TURN *** [Tc Ah 2d] [Ks]
*** RIVER *** [Tc Ah 2d Ks] [8s]
*** SHOW DOWN ***
ShiroKuro777: shows [Ad 9d] (a pair of Aces)
Mahu2021: shows [Qd Qc] (a pair of Queens)
ShiroKuro777 collected 580 from pot
*** SUMMARY ***
Total pot 580 | Rake 0 
Board [Tc Ah 2d Ks 8s]
Seat 2: ShiroKuro777 (big blind) showed [Ad 9d] and won (580) with a pair of Aces
Seat 3: Mahu2021 (button) (small blind) showed [Qd Qc] and lost with a pair of Queens



PokerStars Hand #251520136962: Tournament #3778570122, $1.84+$0.16 USD Hold'em No Limit - Level I (10/20) - 2024/07/16 20:52:58 CET [2024/07/16 14:52:58 ET]
Table '3778570122 1' 3-max Seat #2 is the button
Seat 2: ShiroKuro777 (580 in chips) 
Seat 3: Mahu2021 (920 in chips) 
ShiroKuro777: posts small blind 10
Mahu2021: posts big blind 20
*** HOLE CARDS ***
Dealt to Mahu2021 [As 7h]
ShiroKuro777: calls 10
Mahu2021: checks 
*** FLOP *** [4h 9s 7c]
Mahu2021: checks 
ShiroKuro777: checks 
*** TURN *** [4h 9s 7c] [8c]
Mahu2021: checks 
ShiroKuro777: bets 30
Mahu2021: calls 30
*** RIVER *** [4h 9s 7c 8c] [Qh]
Mahu2021: checks 
ShiroKuro777: checks 
*** SHOW DOWN ***
Mahu2021: shows [As 7h] (a pair of Sevens)
ShiroKuro777: mucks hand 
Mahu2021 collected 100 from pot
*** SUMMARY ***
Total pot 100 | Rake 0 
Board [4h 9s 7c 8c Qh]
Seat 2: ShiroKuro777 (button) (small blind) mucked [7s 3d]
Seat 3: Mahu2021 (big blind) showed [As 7h] and won (100) with a pair of Sevens



PokerStars Hand #251520146376: Tournament #3778570122, $1.84+$0.16 USD Hold'em No Limit - Level I (10/20) - 2024/07/16 20:53:29 CET [2024/07/16 14:53:29 ET]
Table '3778570122 1' 3-max Seat #3 is the button
Seat 2: ShiroKuro777 (530 in chips) 
Seat 3: Mahu2021 (970 in chips) 
Mahu2021: posts small blind 10
ShiroKuro777: posts big blind 20
*** HOLE CARDS ***
Dealt to Mahu2021 [Kd Tc]
Mahu2021: raises 20 to 40
ShiroKuro777: calls 20
*** FLOP *** [5s Jc 8d]
ShiroKuro777: checks 
Mahu2021: checks 
*** TURN *** [5s Jc 8d] [3d]
ShiroKuro777: bets 60
Mahu2021: folds 
Uncalled bet (60) returned to ShiroKuro777
ShiroKuro777 collected 80 from pot
ShiroKuro777: doesn't show hand 
*** SUMMARY ***
Total pot 80 | Rake 0 
Board [5s Jc 8d 3d]
Seat 2: ShiroKuro777 (big blind) collected (80)
Seat 3: Mahu2021 (button) (small blind) folded on the Turn



PokerStars Hand #251520151315: Tournament #3778570122, $1.84+$0.16 USD Hold'em No Limit - Level I (10/20) - 2024/07/16 20:53:46 CET [2024/07/16 14:53:46 ET]
Table '3778570122 1' 3-max Seat #2 is the button
Seat 2: ShiroKuro777 (570 in chips) 
Seat 3: Mahu2021 (930 in chips) 
ShiroKuro777: posts small blind 10
Mahu2021: posts big blind 20
*** HOLE CARDS ***
Dealt to Mahu2021 [Ah 3h]
ShiroKuro777: raises 20 to 40
Mahu2021: calls 20
*** FLOP *** [4s 5c Jh]
Mahu2021: checks 
ShiroKuro777: bets 20
Mahu2021: calls 20
*** TURN *** [4s 5c Jh] [2c]
Mahu2021: checks 
ShiroKuro777: checks 
*** RIVER *** [4s 5c Jh 2c] [As]
Mahu2021: bets 40
ShiroKuro777: raises 50 to 90
Mahu2021: raises 780 to 870 and is all-in
ShiroKuro777: folds 
Uncalled bet (780) returned to Mahu2021
Mahu2021 collected 300 from pot
Mahu2021: doesn't show hand 
*** SUMMARY ***
Total pot 300 | Rake 0 
Board [4s 5c Jh 2c As]
Seat 2: ShiroKuro777 (button) (small blind) folded on the River
Seat 3: Mahu2021 (big blind) collected (300)



PokerStars Hand #251520165300: Tournament #3778570122, $1.84+$0.16 USD Hold'em No Limit - Level II (15/30) - 2024/07/16 20:54:33 CET [2024/07/16 14:54:33 ET]
Table '3778570122 1' 3-max Seat #3 is the button
Seat 2: ShiroKuro777 (420 in chips) 
Seat 3: Mahu2021 (1080 in chips) 
Mahu2021: posts small blind 15
ShiroKuro777: posts big blind 30
*** HOLE CARDS ***
Dealt to Mahu2021 [Kd As]
Mahu2021: raises 30 to 60
ShiroKuro777: calls 30
*** FLOP *** [Ts 4d 6c]
ShiroKuro777: checks 
Mahu2021: bets 120
ShiroKuro777: folds 
Uncalled bet (120) returned to Mahu2021
Mahu2021 collected 120 from pot
Mahu2021: doesn't show hand 
*** SUMMARY ***
Total pot 120 | Rake 0 
Board [Ts 4d 6c]
Seat 2: ShiroKuro777 (big blind) folded on the Flop
Seat 3: Mahu2021 (button) (small blind) collected (120)



PokerStars Hand #251520172974: Tournament #3778570122, $1.84+$0.16 USD Hold'em No Limit - Level II (15/30) - 2024/07/16 20:54:58 CET [2024/07/16 14:54:58 ET]
Table '3778570122 1' 3-max Seat #2 is the button
Seat 2: ShiroKuro777 (360 in chips) 
Seat 3: Mahu2021 (1140 in chips) 
ShiroKuro777: posts small blind 15
Mahu2021: posts big blind 30
*** HOLE CARDS ***
Dealt to Mahu2021 [Jc 8c]
ShiroKuro777: calls 15
Mahu2021: checks 
*** FLOP *** [2d Jd Td]
Mahu2021: checks 
ShiroKuro777: checks 
*** TURN *** [2d Jd Td] [2h]
Mahu2021: checks 
ShiroKuro777: bets 30
Mahu2021: calls 30
*** RIVER *** [2d Jd Td 2h] [7c]
Mahu2021: checks 
ShiroKuro777: bets 45
Mahu2021: calls 45
*** SHOW DOWN ***
ShiroKuro777: shows [Jh 4d] (two pair, Jacks and Deuces)
Mahu2021: shows [Jc 8c] (two pair, Jacks and Deuces)
Mahu2021 collected 105 from pot
ShiroKuro777 collected 105 from pot
*** SUMMARY ***
Total pot 210 | Rake 0 
Board [2d Jd Td 2h 7c]
Seat 2: ShiroKuro777 (button) (small blind) showed [Jh 4d] and won (105) with two pair, Jacks and Deuces
Seat 3: Mahu2021 (big blind) showed [Jc 8c] and won (105) with two pair, Jacks and Deuces



PokerStars Hand #251520183543: Tournament #3778570122, $1.84+$0.16 USD Hold'em No Limit - Level II (15/30) - 2024/07/16 20:55:45 CET [2024/07/16 14:55:45 ET]
Table '3778570122 1' 3-max Seat #3 is the button
Seat 2: ShiroKuro777 (360 in chips) 
Seat 3: Mahu2021 (1140 in chips) 
Mahu2021: posts small blind 15
ShiroKuro777: posts big blind 30
*** HOLE CARDS ***
Dealt to Mahu2021 [4d 7d]
Mahu2021: calls 15
ShiroKuro777: checks 
*** FLOP *** [Tc 6s 8c]
ShiroKuro777: checks 
Mahu2021: checks 
*** TURN *** [Tc 6s 8c] [Jc]
ShiroKuro777: checks 
Mahu2021: checks 
*** RIVER *** [Tc 6s 8c Jc] [5s]
ShiroKuro777: checks 
Mahu2021: bets 30
ShiroKuro777: folds 
Uncalled bet (30) returned to Mahu2021
Mahu2021 collected 60 from pot
Mahu2021: doesn't show hand 
*** SUMMARY ***
Total pot 60 | Rake 0 
Board [Tc 6s 8c Jc 5s]
Seat 2: ShiroKuro777 (big blind) folded on the River
Seat 3: Mahu2021 (button) (small blind) collected (60)



PokerStars Hand #251520188065: Tournament #3778570122, $1.84+$0.16 USD Hold'em No Limit - Level II (15/30) - 2024/07/16 20:56:08 CET [2024/07/16 14:56:08 ET]
Table '3778570122 1' 3-max Seat #2 is the button
Seat 2: ShiroKuro777 (330 in chips) 
Seat 3: Mahu2021 (1170 in chips) 
ShiroKuro777: posts small blind 15
Mahu2021: posts big blind 30
*** HOLE CARDS ***
Dealt to Mahu2021 [5c As]
ShiroKuro777: calls 15
Mahu2021: raises 1140 to 1170 and is all-in
ShiroKuro777: folds 
Uncalled bet (1140) returned to Mahu2021
Mahu2021 collected 60 from pot
Mahu2021: doesn't show hand 
*** SUMMARY ***
Total pot 60 | Rake 0 
Seat 2: ShiroKuro777 (button) (small blind) folded before Flop
Seat 3: Mahu2021 (big blind) collected (60)



PokerStars Hand #251520189522: Tournament #3778570122, $1.84+$0.16 USD Hold'em No Limit - Level II (15/30) - 2024/07/16 20:56:16 CET [2024/07/16 14:56:16 ET]
Table '3778570122 1' 3-max Seat #3 is the button
Seat 2: ShiroKuro777 (300 in chips) 
Seat 3: Mahu2021 (1200 in chips) 
Mahu2021: posts small blind 15
ShiroKuro777: posts big blind 30
*** HOLE CARDS ***
Dealt to Mahu2021 [As 2h]
Mahu2021: calls 15
ShiroKuro777: checks 
*** FLOP *** [4c 2s 5c]
ShiroKuro777: checks 
Mahu2021: bets 30
ShiroKuro777: calls 30
*** TURN *** [4c 2s 5c] [3s]
ShiroKuro777: checks 
Mahu2021: bets 30
ShiroKuro777: folds 
Uncalled bet (30) returned to Mahu2021
Mahu2021 collected 120 from pot
Mahu2021: doesn't show hand 
*** SUMMARY ***
Total pot 120 | Rake 0 
Board [4c 2s 5c 3s]
Seat 2: ShiroKuro777 (big blind) folded on the Turn
Seat 3: Mahu2021 (button) (small blind) collected (120)



PokerStars Hand #251520200144: Tournament #3778570122, $1.84+$0.16 USD Hold'em No Limit - Level III (20/40) - 2024/07/16 20:57:10 CET [2024/07/16 14:57:10 ET]
Table '3778570122 1' 3-max Seat #2 is the button
Seat 2: ShiroKuro777 (240 in chips) 
Seat 3: Mahu2021 (1260 in chips) 
ShiroKuro777: posts small blind 20
Mahu2021: posts big blind 40
*** HOLE CARDS ***
Dealt to Mahu2021 [4c As]
ShiroKuro777: raises 200 to 240 and is all-in
Mahu2021: calls 200
*** FLOP *** [8d 2h 8s]
*** TURN *** [8d 2h 8s] [Js]
*** RIVER *** [8d 2h 8s Js] [3s]
*** SHOW DOWN ***
Mahu2021: shows [4c As] (a pair of Eights)
ShiroKuro777: shows [Ah 3d] (two pair, Eights and Threes)
ShiroKuro777 collected 480 from pot
*** SUMMARY ***
Total pot 480 | Rake 0 
Board [8d 2h 8s Js 3s]
Seat 2: ShiroKuro777 (button) (small blind) showed [Ah 3d] and won (480) with two pair, Eights and Threes
Seat 3: Mahu2021 (big blind) showed [4c As] and lost with a pair of Eights



PokerStars Hand #251520202317: Tournament #3778570122, $1.84+$0.16 USD Hold'em No Limit - Level III (20/40) - 2024/07/16 20:57:22 CET [2024/07/16 14:57:22 ET]
Table '3778570122 1' 3-max Seat #3 is the button
Seat 2: ShiroKuro777 (480 in chips) 
Seat 3: Mahu2021 (1020 in chips) 
Mahu2021: posts small blind 20
ShiroKuro777: posts big blind 40
*** HOLE CARDS ***
Dealt to Mahu2021 [9s Th]
Mahu2021: calls 20
ShiroKuro777: checks 
*** FLOP *** [3h 3c Tc]
ShiroKuro777: checks 
Mahu2021: bets 40
ShiroKuro777: folds 
Uncalled bet (40) returned to Mahu2021
Mahu2021 collected 80 from pot
Mahu2021: doesn't show hand 
*** SUMMARY ***
Total pot 80 | Rake 0 
Board [3h 3c Tc]
Seat 2: ShiroKuro777 (big blind) folded on the Flop
Seat 3: Mahu2021 (button) (small blind) collected (80)



PokerStars Hand #251520205858: Tournament #3778570122, $1.84+$0.16 USD Hold'em No Limit - Level III (20/40) - 2024/07/16 20:57:41 CET [2024/07/16 14:57:41 ET]
Table '3778570122 1' 3-max Seat #2 is the button
Seat 2: ShiroKuro777 (440 in chips) 
Seat 3: Mahu2021 (1060 in chips) 
ShiroKuro777: posts small blind 20
Mahu2021: posts big blind 40
*** HOLE CARDS ***
Dealt to Mahu2021 [Kd Ah]
ShiroKuro777: calls 20
Mahu2021: raises 120 to 160
ShiroKuro777: folds 
Uncalled bet (120) returned to Mahu2021
Mahu2021 collected 80 from pot
Mahu2021: doesn't show hand 
*** SUMMARY ***
Total pot 80 | Rake 0 
Seat 2: ShiroKuro777 (button) (small blind) folded before Flop
Seat 3: Mahu2021 (big blind) collected (80)



PokerStars Hand #251520207642: Tournament #3778570122, $1.84+$0.16 USD Hold'em No Limit - Level III (20/40) - 2024/07/16 20:57:50 CET [2024/07/16 14:57:50 ET]
Table '3778570122 1' 3-max Seat #3 is the button
Seat 2: ShiroKuro777 (400 in chips) 
Seat 3: Mahu2021 (1100 in chips) 
Mahu2021: posts small blind 20
ShiroKuro777: posts big blind 40
*** HOLE CARDS ***
Dealt to Mahu2021 [3c Td]
Mahu2021: folds 
Uncalled bet (20) returned to ShiroKuro777
ShiroKuro777 collected 40 from pot
ShiroKuro777: doesn't show hand 
*** SUMMARY ***
Total pot 40 | Rake 0 
Seat 2: ShiroKuro777 (big blind) collected (40)
Seat 3: Mahu2021 (button) (small blind) folded before Flop



PokerStars Hand #251520208488: Tournament #3778570122, $1.84+$0.16 USD Hold'em No Limit - Level III (20/40) - 2024/07/16 20:57:54 CET [2024/07/16 14:57:54 ET]
Table '3778570122 1' 3-max Seat #2 is the button
Seat 2: ShiroKuro777 (420 in chips) 
Seat 3: Mahu2021 (1080 in chips) 
ShiroKuro777: posts small blind 20
Mahu2021: posts big blind 40
*** HOLE CARDS ***
Dealt to Mahu2021 [Jh Ks]
ShiroKuro777: calls 20
Mahu2021: checks 
*** FLOP *** [6d 8d 2s]
Mahu2021: checks 
ShiroKuro777: checks 
*** TURN *** [6d 8d 2s] [4c]
Mahu2021: checks 
ShiroKuro777: bets 40
Mahu2021: folds 
Uncalled bet (40) returned to ShiroKuro777
ShiroKuro777 collected 80 from pot
ShiroKuro777: doesn't show hand 
*** SUMMARY ***
Total pot 80 | Rake 0 
Board [6d 8d 2s 4c]
Seat 2: ShiroKuro777 (button) (small blind) collected (80)
Seat 3: Mahu2021 (big blind) folded on the Turn



PokerStars Hand #251520211851: Tournament #3778570122, $1.84+$0.16 USD Hold'em No Limit - Level III (20/40) - 2024/07/16 20:58:12 CET [2024/07/16 14:58:12 ET]
Table '3778570122 1' 3-max Seat #3 is the button
Seat 2: ShiroKuro777 (460 in chips) 
Seat 3: Mahu2021 (1040 in chips) 
Mahu2021: posts small blind 20
ShiroKuro777: posts big blind 40
*** HOLE CARDS ***
Dealt to Mahu2021 [6c Ac]
Mahu2021: raises 40 to 80
ShiroKuro777: folds 
Uncalled bet (40) returned to Mahu2021
Mahu2021 collected 80 from pot
Mahu2021: doesn't show hand 
*** SUMMARY ***
Total pot 80 | Rake 0 
Seat 2: ShiroKuro777 (big blind) folded before Flop
Seat 3: Mahu2021 (button) (small blind) collected (80)



PokerStars Hand #251520214460: Tournament #3778570122, $1.84+$0.16 USD Hold'em No Limit - Level III (20/40) - 2024/07/16 20:58:26 CET [2024/07/16 14:58:26 ET]
Table '3778570122 1' 3-max Seat #2 is the button
Seat 2: ShiroKuro777 (420 in chips) 
Seat 3: Mahu2021 (1080 in chips) 
ShiroKuro777: posts small blind 20
Mahu2021: posts big blind 40
*** HOLE CARDS ***
Dealt to Mahu2021 [4h Kh]
ShiroKuro777: calls 20
Mahu2021: checks 
*** FLOP *** [3c Ks Js]
Mahu2021: checks 
ShiroKuro777: checks 
*** TURN *** [3c Ks Js] [2d]
Mahu2021: checks 
ShiroKuro777: bets 40
Mahu2021: raises 40 to 80
ShiroKuro777: folds 
Uncalled bet (40) returned to Mahu2021
Mahu2021 collected 160 from pot
Mahu2021: doesn't show hand 
*** SUMMARY ***
Total pot 160 | Rake 0 
Board [3c Ks Js 2d]
Seat 2: ShiroKuro777 (button) (small blind) folded on the Turn
Seat 3: Mahu2021 (big blind) collected (160)



PokerStars Hand #251520219085: Tournament #3778570122, $1.84+$0.16 USD Hold'em No Limit - Level III (20/40) - 2024/07/16 20:58:49 CET [2024/07/16 14:58:49 ET]
Table '3778570122 1' 3-max Seat #3 is the button
Seat 2: ShiroKuro777 (340 in chips) 
Seat 3: Mahu2021 (1160 in chips) 
Mahu2021: posts small blind 20
ShiroKuro777: posts big blind 40
*** HOLE CARDS ***
Dealt to Mahu2021 [Kd 7h]
Mahu2021: calls 20
ShiroKuro777: checks 
*** FLOP *** [9h Ad 6d]
ShiroKuro777: checks 
Mahu2021: bets 40
ShiroKuro777: folds 
Uncalled bet (40) returned to Mahu2021
Mahu2021 collected 80 from pot
Mahu2021: doesn't show hand 
*** SUMMARY ***
Total pot 80 | Rake 0 
Board [9h Ad 6d]
Seat 2: ShiroKuro777 (big blind) folded on the Flop
Seat 3: Mahu2021 (button) (small blind) collected (80)



PokerStars Hand #251520221548: Tournament #3778570122, $1.84+$0.16 USD Hold'em No Limit - Level III (20/40) - 2024/07/16 20:59:02 CET [2024/07/16 14:59:02 ET]
Table '3778570122 1' 3-max Seat #2 is the button
Seat 2: ShiroKuro777 (300 in chips) 
Seat 3: Mahu2021 (1200 in chips) 
ShiroKuro777: posts small blind 20
Mahu2021: posts big blind 40
*** HOLE CARDS ***
Dealt to Mahu2021 [Jh 6h]
ShiroKuro777: raises 260 to 300 and is all-in
Mahu2021: folds 
Uncalled bet (260) returned to ShiroKuro777
ShiroKuro777 collected 80 from pot
ShiroKuro777: doesn't show hand 
*** SUMMARY ***
Total pot 80 | Rake 0 
Seat 2: ShiroKuro777 (button) (small blind) collected (80)
Seat 3: Mahu2021 (big blind) folded before Flop



PokerStars Hand #251520223744: Tournament #3778570122, $1.84+$0.16 USD Hold'em No Limit - Level III (20/40) - 2024/07/16 20:59:14 CET [2024/07/16 14:59:14 ET]
Table '3778570122 1' 3-max Seat #3 is the button
Seat 2: ShiroKuro777 (340 in chips) 
Seat 3: Mahu2021 (1160 in chips) 
Mahu2021: posts small blind 20
ShiroKuro777: posts big blind 40
*** HOLE CARDS ***
Dealt to Mahu2021 [2d 9h]
Mahu2021: folds 
Uncalled bet (20) returned to ShiroKuro777
ShiroKuro777 collected 40 from pot
ShiroKuro777: doesn't show hand 
*** SUMMARY ***
Total pot 40 | Rake 0 
Seat 2: ShiroKuro777 (big blind) collected (40)
Seat 3: Mahu2021 (button) (small blind) folded before Flop



PokerStars Hand #251520224528: Tournament #3778570122, $1.84+$0.16 USD Hold'em No Limit - Level III (20/40) - 2024/07/16 20:59:18 CET [2024/07/16 14:59:18 ET]
Table '3778570122 1' 3-max Seat #2 is the button
Seat 2: ShiroKuro777 (360 in chips) 
Seat 3: Mahu2021 (1140 in chips) 
ShiroKuro777: posts small blind 20
Mahu2021: posts big blind 40
*** HOLE CARDS ***
Dealt to Mahu2021 [8s Kc]
ShiroKuro777: calls 20
Mahu2021: checks 
*** FLOP *** [3c Td Ah]
Mahu2021: checks 
ShiroKuro777: bets 40
Mahu2021: folds 
Uncalled bet (40) returned to ShiroKuro777
ShiroKuro777 collected 80 from pot
ShiroKuro777: doesn't show hand 
*** SUMMARY ***
Total pot 80 | Rake 0 
Board [3c Td Ah]
Seat 2: ShiroKuro777 (button) (small blind) collected (80)
Seat 3: Mahu2021 (big blind) folded on the Flop



PokerStars Hand #251520226939: Tournament #3778570122, $1.84+$0.16 USD Hold'em No Limit - Level III (20/40) - 2024/07/16 20:59:30 CET [2024/07/16 14:59:30 ET]
Table '3778570122 1' 3-max Seat #3 is the button
Seat 2: ShiroKuro777 (400 in chips) 
Seat 3: Mahu2021 (1100 in chips) 
Mahu2021: posts small blind 20
ShiroKuro777: posts big blind 40
*** HOLE CARDS ***
Dealt to Mahu2021 [2h 5h]
Mahu2021: calls 20
ShiroKuro777: checks 
*** FLOP *** [8s Jc Ah]
ShiroKuro777: checks 
Mahu2021: bets 40
ShiroKuro777: folds 
Uncalled bet (40) returned to Mahu2021
Mahu2021 collected 80 from pot
Mahu2021: doesn't show hand 
*** SUMMARY ***
Total pot 80 | Rake 0 
Board [8s Jc Ah]
Seat 2: ShiroKuro777 (big blind) folded on the Flop
Seat 3: Mahu2021 (button) (small blind) collected (80)



PokerStars Hand #251520228825: Tournament #3778570122, $1.84+$0.16 USD Hold'em No Limit - Level III (20/40) - 2024/07/16 20:59:40 CET [2024/07/16 14:59:40 ET]
Table '3778570122 1' 3-max Seat #2 is the button
Seat 2: ShiroKuro777 (360 in chips) 
Seat 3: Mahu2021 (1140 in chips) 
ShiroKuro777: posts small blind 20
Mahu2021: posts big blind 40
*** HOLE CARDS ***
Dealt to Mahu2021 [5d 5c]
ShiroKuro777: raises 320 to 360 and is all-in
Mahu2021: calls 320
*** FLOP *** [8c Qh 8h]
*** TURN *** [8c Qh 8h] [9c]
*** RIVER *** [8c Qh 8h 9c] [Qd]
*** SHOW DOWN ***
Mahu2021: shows [5d 5c] (two pair, Queens and Eights)
ShiroKuro777: shows [2c Ah] (two pair, Queens and Eights - Ace kicker)
ShiroKuro777 collected 720 from pot
*** SUMMARY ***
Total pot 720 | Rake 0 
Board [8c Qh 8h 9c Qd]
Seat 2: ShiroKuro777 (button) (small blind) showed [2c Ah] and won (720) with two pair, Queens and Eights
Seat 3: Mahu2021 (big blind) showed [5d 5c] and lost with two pair, Queens and Eights



PokerStars Hand #251520231065: Tournament #3778570122, $1.84+$0.16 USD Hold'em No Limit - Level III (20/40) - 2024/07/16 20:59:52 CET [2024/07/16 14:59:52 ET]
Table '3778570122 1' 3-max Seat #3 is the button
Seat 2: ShiroKuro777 (720 in chips) 
Seat 3: Mahu2021 (780 in chips) 
Mahu2021: posts small blind 20
ShiroKuro777: posts big blind 40
*** HOLE CARDS ***
Dealt to Mahu2021 [Kc 4d]
Mahu2021: calls 20
ShiroKuro777: checks 
*** FLOP *** [8s Ks 4h]
ShiroKuro777: checks 
Mahu2021: bets 40
ShiroKuro777: calls 40
*** TURN *** [8s Ks 4h] [5c]
ShiroKuro777: checks 
Mahu2021: checks 
*** RIVER *** [8s Ks 4h 5c] [Ac]
ShiroKuro777: bets 240
Mahu2021: raises 460 to 700 and is all-in
ShiroKuro777: calls 400 and is all-in
Uncalled bet (60) returned to Mahu2021
*** SHOW DOWN ***
Mahu2021: shows [Kc 4d] (two pair, Kings and Fours)
ShiroKuro777: shows [5d As] (two pair, Aces and Fives)
ShiroKuro777 collected 1440 from pot
*** SUMMARY ***
Total pot 1440 | Rake 0 
Board [8s Ks 4h 5c Ac]
Seat 2: ShiroKuro777 (big blind) showed [5d As] and won (1440) with two pair, Aces and Fives
Seat 3: Mahu2021 (button) (small blind) showed [Kc 4d] and lost with two pair, Kings and Fours



PokerStars Hand #251520240692: Tournament #3778570122, $1.84+$0.16 USD Hold'em No Limit - Level IV (30/60) - 2024/07/16 21:00:40 CET [2024/07/16 15:00:40 ET]
Table '3778570122 1' 3-max Seat #2 is the button
Seat 2: ShiroKuro777 (1440 in chips) 
Seat 3: Mahu2021 (60 in chips) 
ShiroKuro777: posts small blind 30
Mahu2021: posts big blind 60 and is all-in
*** HOLE CARDS ***
Dealt to Mahu2021 [6c Ah]
ShiroKuro777: calls 30
*** FLOP *** [2d 9d Tc]
*** TURN *** [2d 9d Tc] [5c]
*** RIVER *** [2d 9d Tc 5c] [4s]
*** SHOW DOWN ***
Mahu2021: shows [6c Ah] (high card Ace)
ShiroKuro777: shows [2s 3d] (a pair of Deuces)
ShiroKuro777 collected 120 from pot
Mahu2021 finished the tournament in 2nd place
ShiroKuro777 wins the tournament and receives $6.00 - congratulations!
*** SUMMARY ***
Total pot 120 | Rake 0 
Board [2d 9d Tc 5c 4s]
Seat 2: ShiroKuro777 (button) (small blind) showed [2s 3d] and won (120) with a pair of Deuces
Seat 3: Mahu2021 (big blind) showed [6c Ah] and lost with high card Ace



