PokerStars Hand #255014799904: Tournament #3862410221, $4.60+$0.40 USD Hold'em No Limit - Level I (10/20) - 2025/02/24 8:25:04 CET [2025/02/24 2:25:04 ET]
Table '3862410221 1' 3-max Seat #1 is the button
Seat 1: julienx1983 (500 in chips) 
Seat 2: Mahu2021 (500 in chips) 
Seat 3: FresHHerB (500 in chips) 
Mahu2021: posts small blind 10
FresHHerB: posts big blind 20
*** HOLE CARDS ***
Dealt to Mahu2021 [Jc Ac]
julienx1983: calls 20
Mahu2021: raises 80 to 100
FresHHerB: folds 
julienx1983: calls 80
*** FLOP *** [8d Qh 6h]
Mahu2021: checks 
julienx1983: bets 90
Mahu2021: calls 90
*** TURN *** [8d Qh 6h] [3s]
Mahu2021: checks 
julienx1983: bets 100
Mahu2021: folds 
Uncalled bet (100) returned to julienx1983
julienx1983 collected 400 from pot
*** SUMMARY ***
Total pot 400 | Rake 0 
Board [8d Qh 6h 3s]
Seat 1: julienx1983 (button) collected (400)
Seat 2: Mahu2021 (small blind) folded on the Turn
Seat 3: FresHHerB (big blind) folded before Flop



PokerStars Hand #255014801487: Tournament #3862410221, $4.60+$0.40 USD Hold'em No Limit - Level I (10/20) - 2025/02/24 8:25:29 CET [2025/02/24 2:25:29 ET]
Table '3862410221 1' 3-max Seat #2 is the button
Seat 1: julienx1983 (710 in chips) 
Seat 2: Mahu2021 (310 in chips) 
Seat 3: FresHHerB (480 in chips) 
FresHHerB: posts small blind 10
julienx1983: posts big blind 20
*** HOLE CARDS ***
Dealt to Mahu2021 [2c Ts]
Mahu2021: folds 
FresHHerB: raises 20 to 40
julienx1983: calls 20
*** FLOP *** [3s Ah 4s]
FresHHerB: bets 20
julienx1983: folds 
Uncalled bet (20) returned to FresHHerB
FresHHerB collected 80 from pot
FresHHerB: doesn't show hand 
*** SUMMARY ***
Total pot 80 | Rake 0 
Board [3s Ah 4s]
Seat 1: julienx1983 (big blind) folded on the Flop
Seat 2: Mahu2021 (button) folded before Flop (didn't bet)
Seat 3: FresHHerB (small blind) collected (80)



PokerStars Hand #255014802533: Tournament #3862410221, $4.60+$0.40 USD Hold'em No Limit - Level I (10/20) - 2025/02/24 8:25:45 CET [2025/02/24 2:25:45 ET]
Table '3862410221 1' 3-max Seat #3 is the button
Seat 1: julienx1983 (670 in chips) 
Seat 2: Mahu2021 (310 in chips) 
Seat 3: FresHHerB (520 in chips) 
julienx1983: posts small blind 10
Mahu2021: posts big blind 20
*** HOLE CARDS ***
Dealt to Mahu2021 [8d Jh]
FresHHerB: raises 20 to 40
julienx1983: calls 30
Mahu2021: calls 20
*** FLOP *** [Th 6h 2d]
julienx1983: checks 
Mahu2021: checks 
FresHHerB: checks 
*** TURN *** [Th 6h 2d] [Jd]
julienx1983: bets 120
Mahu2021: folds 
FresHHerB: folds 
Uncalled bet (120) returned to julienx1983
julienx1983 collected 120 from pot
*** SUMMARY ***
Total pot 120 | Rake 0 
Board [Th 6h 2d Jd]
Seat 1: julienx1983 (small blind) collected (120)
Seat 2: Mahu2021 (big blind) folded on the Turn
Seat 3: FresHHerB (button) folded on the Turn



PokerStars Hand #255014803961: Tournament #3862410221, $4.60+$0.40 USD Hold'em No Limit - Level I (10/20) - 2025/02/24 8:26:08 CET [2025/02/24 2:26:08 ET]
Table '3862410221 1' 3-max Seat #1 is the button
Seat 1: julienx1983 (750 in chips) 
Seat 2: Mahu2021 (270 in chips) 
Seat 3: FresHHerB (480 in chips) 
Mahu2021: posts small blind 10
FresHHerB: posts big blind 20
*** HOLE CARDS ***
Dealt to Mahu2021 [2d 9s]
julienx1983: calls 20
Mahu2021: folds 
FresHHerB: checks 
*** FLOP *** [Jd 4h 8c]
FresHHerB: checks 
julienx1983: checks 
*** TURN *** [Jd 4h 8c] [4c]
FresHHerB: bets 20
julienx1983: folds 
Uncalled bet (20) returned to FresHHerB
FresHHerB collected 50 from pot
FresHHerB: doesn't show hand 
*** SUMMARY ***
Total pot 50 | Rake 0 
Board [Jd 4h 8c 4c]
Seat 1: julienx1983 (button) folded on the Turn
Seat 2: Mahu2021 (small blind) folded before Flop
Seat 3: FresHHerB (big blind) collected (50)



PokerStars Hand #255014805163: Tournament #3862410221, $4.60+$0.40 USD Hold'em No Limit - Level I (10/20) - 2025/02/24 8:26:26 CET [2025/02/24 2:26:26 ET]
Table '3862410221 1' 3-max Seat #2 is the button
Seat 1: julienx1983 (730 in chips) 
Seat 2: Mahu2021 (260 in chips) 
Seat 3: FresHHerB (510 in chips) 
FresHHerB: posts small blind 10
julienx1983: posts big blind 20
*** HOLE CARDS ***
Dealt to Mahu2021 [4d 8s]
Mahu2021: folds 
FresHHerB: raises 20 to 40
julienx1983: calls 20
*** FLOP *** [Js 8d 9h]
FresHHerB: bets 103
julienx1983: folds 
Uncalled bet (103) returned to FresHHerB
FresHHerB collected 80 from pot
FresHHerB: doesn't show hand 
*** SUMMARY ***
Total pot 80 | Rake 0 
Board [Js 8d 9h]
Seat 1: julienx1983 (big blind) folded on the Flop
Seat 2: Mahu2021 (button) folded before Flop (didn't bet)
Seat 3: FresHHerB (small blind) collected (80)



PokerStars Hand #255014806217: Tournament #3862410221, $4.60+$0.40 USD Hold'em No Limit - Level I (10/20) - 2025/02/24 8:26:43 CET [2025/02/24 2:26:43 ET]
Table '3862410221 1' 3-max Seat #3 is the button
Seat 1: julienx1983 (690 in chips) 
Seat 2: Mahu2021 (260 in chips) 
Seat 3: FresHHerB (550 in chips) 
julienx1983: posts small blind 10
Mahu2021: posts big blind 20
*** HOLE CARDS ***
Dealt to Mahu2021 [2h 8c]
FresHHerB: folds 
julienx1983: raises 20 to 40
Mahu2021: folds 
Uncalled bet (20) returned to julienx1983
julienx1983 collected 40 from pot
*** SUMMARY ***
Total pot 40 | Rake 0 
Seat 1: julienx1983 (small blind) collected (40)
Seat 2: Mahu2021 (big blind) folded before Flop
Seat 3: FresHHerB (button) folded before Flop (didn't bet)



PokerStars Hand #255014806694: Tournament #3862410221, $4.60+$0.40 USD Hold'em No Limit - Level I (10/20) - 2025/02/24 8:26:50 CET [2025/02/24 2:26:50 ET]
Table '3862410221 1' 3-max Seat #1 is the button
Seat 1: julienx1983 (710 in chips) 
Seat 2: Mahu2021 (240 in chips) 
Seat 3: FresHHerB (550 in chips) 
Mahu2021: posts small blind 10
FresHHerB: posts big blind 20
*** HOLE CARDS ***
Dealt to Mahu2021 [Kd 9d]
julienx1983: calls 20
Mahu2021: calls 10
FresHHerB: checks 
*** FLOP *** [Qd 3h 3s]
Mahu2021: checks 
FresHHerB: checks 
julienx1983: checks 
*** TURN *** [Qd 3h 3s] [Qh]
Mahu2021: checks 
FresHHerB: checks 
julienx1983: checks 
*** RIVER *** [Qd 3h 3s Qh] [8d]
Mahu2021: checks 
FresHHerB: bets 22
julienx1983: folds 
Mahu2021: folds 
Uncalled bet (22) returned to FresHHerB
FresHHerB collected 60 from pot
FresHHerB: doesn't show hand 
*** SUMMARY ***
Total pot 60 | Rake 0 
Board [Qd 3h 3s Qh 8d]
Seat 1: julienx1983 (button) folded on the River
Seat 2: Mahu2021 (small blind) folded on the River
Seat 3: FresHHerB (big blind) collected (60)



PokerStars Hand #255014807954: Tournament #3862410221, $4.60+$0.40 USD Hold'em No Limit - Level I (10/20) - 2025/02/24 8:27:09 CET [2025/02/24 2:27:09 ET]
Table '3862410221 1' 3-max Seat #2 is the button
Seat 1: julienx1983 (690 in chips) 
Seat 2: Mahu2021 (220 in chips) 
Seat 3: FresHHerB (590 in chips) 
FresHHerB: posts small blind 10
julienx1983: posts big blind 20
*** HOLE CARDS ***
Dealt to Mahu2021 [Jc 7d]
Mahu2021: folds 
FresHHerB: raises 20 to 40
julienx1983: raises 20 to 60
FresHHerB: calls 20
*** FLOP *** [Th 6c 7c]
FresHHerB: checks 
julienx1983: checks 
*** TURN *** [Th 6c 7c] [8d]
FresHHerB: checks 
julienx1983: bets 120
FresHHerB: calls 120
*** RIVER *** [Th 6c 7c 8d] [Ac]
FresHHerB: checks 
julienx1983: bets 180
FresHHerB: raises 230 to 410 and is all-in
julienx1983: calls 230
*** SHOW DOWN ***
FresHHerB: shows [5c Kc] (a flush, Ace high)
julienx1983: shows [9d Kd] (a straight, Six to Ten)
FresHHerB collected 1180 from pot
*** SUMMARY ***
Total pot 1180 | Rake 0 
Board [Th 6c 7c 8d Ac]
Seat 1: julienx1983 (big blind) showed [9d Kd] and lost with a straight, Six to Ten
Seat 2: Mahu2021 (button) folded before Flop (didn't bet)
Seat 3: FresHHerB (small blind) showed [5c Kc] and won (1180) with a flush, Ace high



PokerStars Hand #255014809538: Tournament #3862410221, $4.60+$0.40 USD Hold'em No Limit - Level I (10/20) - 2025/02/24 8:27:34 CET [2025/02/24 2:27:34 ET]
Table '3862410221 1' 3-max Seat #3 is the button
Seat 1: julienx1983 (100 in chips) 
Seat 2: Mahu2021 (220 in chips) 
Seat 3: FresHHerB (1180 in chips) 
julienx1983: posts small blind 10
Mahu2021: posts big blind 20
*** HOLE CARDS ***
Dealt to Mahu2021 [5s 6s]
FresHHerB: folds 
julienx1983: folds 
Uncalled bet (10) returned to Mahu2021
Mahu2021 collected 20 from pot
Mahu2021: doesn't show hand 
*** SUMMARY ***
Total pot 20 | Rake 0 
Seat 1: julienx1983 (small blind) folded before Flop
Seat 2: Mahu2021 (big blind) collected (20)
Seat 3: FresHHerB (button) folded before Flop (didn't bet)



PokerStars Hand #255014809919: Tournament #3862410221, $4.60+$0.40 USD Hold'em No Limit - Level I (10/20) - 2025/02/24 8:27:40 CET [2025/02/24 2:27:40 ET]
Table '3862410221 1' 3-max Seat #1 is the button
Seat 1: julienx1983 (90 in chips) 
Seat 2: Mahu2021 (230 in chips) 
Seat 3: FresHHerB (1180 in chips) 
Mahu2021: posts small blind 10
FresHHerB: posts big blind 20
*** HOLE CARDS ***
Dealt to Mahu2021 [2c Jc]
julienx1983: raises 70 to 90 and is all-in
Mahu2021: folds 
FresHHerB: folds 
Uncalled bet (70) returned to julienx1983
julienx1983 collected 50 from pot
*** SUMMARY ***
Total pot 50 | Rake 0 
Seat 1: julienx1983 (button) collected (50)
Seat 2: Mahu2021 (small blind) folded before Flop
Seat 3: FresHHerB (big blind) folded before Flop



PokerStars Hand #255014810454: Tournament #3862410221, $4.60+$0.40 USD Hold'em No Limit - Level I (10/20) - 2025/02/24 8:27:48 CET [2025/02/24 2:27:48 ET]
Table '3862410221 1' 3-max Seat #2 is the button
Seat 1: julienx1983 (120 in chips) 
Seat 2: Mahu2021 (220 in chips) 
Seat 3: FresHHerB (1160 in chips) 
FresHHerB: posts small blind 10
julienx1983: posts big blind 20
*** HOLE CARDS ***
Dealt to Mahu2021 [7s Qh]
Mahu2021: folds 
FresHHerB: raises 1140 to 1160 and is all-in
julienx1983: calls 100 and is all-in
Uncalled bet (1040) returned to FresHHerB
*** FLOP *** [4s Jd 9s]
*** TURN *** [4s Jd 9s] [7c]
*** RIVER *** [4s Jd 9s 7c] [8h]
*** SHOW DOWN ***
FresHHerB: shows [As 3s] (high card Ace)
julienx1983: shows [Qs Ac] (high card Ace - Queen kicker)
julienx1983 collected 240 from pot
*** SUMMARY ***
Total pot 240 | Rake 0 
Board [4s Jd 9s 7c 8h]
Seat 1: julienx1983 (big blind) showed [Qs Ac] and won (240) with high card Ace
Seat 2: Mahu2021 (button) folded before Flop (didn't bet)
Seat 3: FresHHerB (small blind) showed [As 3s] and lost with high card Ace



PokerStars Hand #255014811282: Tournament #3862410221, $4.60+$0.40 USD Hold'em No Limit - Level I (10/20) - 2025/02/24 8:28:01 CET [2025/02/24 2:28:01 ET]
Table '3862410221 1' 3-max Seat #3 is the button
Seat 1: julienx1983 (240 in chips) 
Seat 2: Mahu2021 (220 in chips) 
Seat 3: FresHHerB (1040 in chips) 
julienx1983: posts small blind 10
Mahu2021: posts big blind 20
*** HOLE CARDS ***
Dealt to Mahu2021 [Kc 6c]
FresHHerB: raises 1020 to 1040 and is all-in
julienx1983: folds 
Mahu2021: folds 
Uncalled bet (1020) returned to FresHHerB
FresHHerB collected 50 from pot
FresHHerB: doesn't show hand 
*** SUMMARY ***
Total pot 50 | Rake 0 
Seat 1: julienx1983 (small blind) folded before Flop
Seat 2: Mahu2021 (big blind) folded before Flop
Seat 3: FresHHerB (button) collected (50)



PokerStars Hand #255014811922: Tournament #3862410221, $4.60+$0.40 USD Hold'em No Limit - Level II (15/30) - 2025/02/24 8:28:12 CET [2025/02/24 2:28:12 ET]
Table '3862410221 1' 3-max Seat #1 is the button
Seat 1: julienx1983 (230 in chips) 
Seat 2: Mahu2021 (200 in chips) 
Seat 3: FresHHerB (1070 in chips) 
Mahu2021: posts small blind 15
FresHHerB: posts big blind 30
*** HOLE CARDS ***
Dealt to Mahu2021 [Ks Js]
julienx1983: folds 
Mahu2021: raises 170 to 200 and is all-in
FresHHerB: folds 
Uncalled bet (170) returned to Mahu2021
Mahu2021 collected 60 from pot
Mahu2021: doesn't show hand 
*** SUMMARY ***
Total pot 60 | Rake 0 
Seat 1: julienx1983 (button) folded before Flop (didn't bet)
Seat 2: Mahu2021 (small blind) collected (60)
Seat 3: FresHHerB (big blind) folded before Flop



PokerStars Hand #255014812347: Tournament #3862410221, $4.60+$0.40 USD Hold'em No Limit - Level II (15/30) - 2025/02/24 8:28:18 CET [2025/02/24 2:28:18 ET]
Table '3862410221 1' 3-max Seat #2 is the button
Seat 1: julienx1983 (230 in chips) 
Seat 2: Mahu2021 (230 in chips) 
Seat 3: FresHHerB (1040 in chips) 
FresHHerB: posts small blind 15
julienx1983: posts big blind 30
*** HOLE CARDS ***
Dealt to Mahu2021 [Kh Td]
Mahu2021: raises 200 to 230 and is all-in
FresHHerB: folds 
julienx1983: folds 
Uncalled bet (200) returned to Mahu2021
Mahu2021 collected 75 from pot
Mahu2021: doesn't show hand 
*** SUMMARY ***
Total pot 75 | Rake 0 
Seat 1: julienx1983 (big blind) folded before Flop
Seat 2: Mahu2021 (button) collected (75)
Seat 3: FresHHerB (small blind) folded before Flop



PokerStars Hand #255014812747: Tournament #3862410221, $4.60+$0.40 USD Hold'em No Limit - Level II (15/30) - 2025/02/24 8:28:25 CET [2025/02/24 2:28:25 ET]
Table '3862410221 1' 3-max Seat #3 is the button
Seat 1: julienx1983 (200 in chips) 
Seat 2: Mahu2021 (275 in chips) 
Seat 3: FresHHerB (1025 in chips) 
julienx1983: posts small blind 15
Mahu2021: posts big blind 30
*** HOLE CARDS ***
Dealt to Mahu2021 [Jd 8s]
FresHHerB: raises 995 to 1025 and is all-in
julienx1983: folds 
Mahu2021: folds 
Uncalled bet (995) returned to FresHHerB
FresHHerB collected 75 from pot
FresHHerB: doesn't show hand 
*** SUMMARY ***
Total pot 75 | Rake 0 
Seat 1: julienx1983 (small blind) folded before Flop
Seat 2: Mahu2021 (big blind) folded before Flop
Seat 3: FresHHerB (button) collected (75)



PokerStars Hand #255014813135: Tournament #3862410221, $4.60+$0.40 USD Hold'em No Limit - Level II (15/30) - 2025/02/24 8:28:30 CET [2025/02/24 2:28:30 ET]
Table '3862410221 1' 3-max Seat #1 is the button
Seat 1: julienx1983 (185 in chips) 
Seat 2: Mahu2021 (245 in chips) 
Seat 3: FresHHerB (1070 in chips) 
Mahu2021: posts small blind 15
FresHHerB: posts big blind 30
*** HOLE CARDS ***
Dealt to Mahu2021 [6c Ts]
julienx1983: raises 155 to 185 and is all-in
Mahu2021: folds 
FresHHerB: folds 
Uncalled bet (155) returned to julienx1983
julienx1983 collected 75 from pot
*** SUMMARY ***
Total pot 75 | Rake 0 
Seat 1: julienx1983 (button) collected (75)
Seat 2: Mahu2021 (small blind) folded before Flop
Seat 3: FresHHerB (big blind) folded before Flop



PokerStars Hand #255014813535: Tournament #3862410221, $4.60+$0.40 USD Hold'em No Limit - Level II (15/30) - 2025/02/24 8:28:37 CET [2025/02/24 2:28:37 ET]
Table '3862410221 1' 3-max Seat #2 is the button
Seat 1: julienx1983 (230 in chips) 
Seat 2: Mahu2021 (230 in chips) 
Seat 3: FresHHerB (1040 in chips) 
FresHHerB: posts small blind 15
julienx1983: posts big blind 30
*** HOLE CARDS ***
Dealt to Mahu2021 [2c 4h]
Mahu2021: folds 
FresHHerB: raises 1010 to 1040 and is all-in
julienx1983: calls 200 and is all-in
Uncalled bet (810) returned to FresHHerB
*** FLOP *** [3h 9s 3c]
*** TURN *** [3h 9s 3c] [4s]
*** RIVER *** [3h 9s 3c 4s] [9c]
*** SHOW DOWN ***
FresHHerB: shows [Qs 7c] (two pair, Nines and Threes)
julienx1983: shows [5h Kd] (two pair, Nines and Threes - King kicker)
julienx1983 collected 460 from pot
*** SUMMARY ***
Total pot 460 | Rake 0 
Board [3h 9s 3c 4s 9c]
Seat 1: julienx1983 (big blind) showed [5h Kd] and won (460) with two pair, Nines and Threes
Seat 2: Mahu2021 (button) folded before Flop (didn't bet)
Seat 3: FresHHerB (small blind) showed [Qs 7c] and lost with two pair, Nines and Threes



PokerStars Hand #255014814474: Tournament #3862410221, $4.60+$0.40 USD Hold'em No Limit - Level II (15/30) - 2025/02/24 8:28:51 CET [2025/02/24 2:28:51 ET]
Table '3862410221 1' 3-max Seat #3 is the button
Seat 1: julienx1983 (460 in chips) 
Seat 2: Mahu2021 (230 in chips) 
Seat 3: FresHHerB (810 in chips) 
julienx1983: posts small blind 15
Mahu2021: posts big blind 30
*** HOLE CARDS ***
Dealt to Mahu2021 [6c 5s]
FresHHerB: folds 
julienx1983: calls 15
Mahu2021: checks 
*** FLOP *** [9h As Ah]
julienx1983: checks 
Mahu2021: checks 
*** TURN *** [9h As Ah] [7d]
julienx1983: checks 
Mahu2021: checks 
*** RIVER *** [9h As Ah 7d] [5h]
julienx1983: checks 
Mahu2021: bets 30
julienx1983: folds 
Uncalled bet (30) returned to Mahu2021
Mahu2021 collected 60 from pot
Mahu2021: doesn't show hand 
*** SUMMARY ***
Total pot 60 | Rake 0 
Board [9h As Ah 7d 5h]
Seat 1: julienx1983 (small blind) folded on the River
Seat 2: Mahu2021 (big blind) collected (60)
Seat 3: FresHHerB (button) folded before Flop (didn't bet)



PokerStars Hand #255014815528: Tournament #3862410221, $4.60+$0.40 USD Hold'em No Limit - Level II (15/30) - 2025/02/24 8:29:08 CET [2025/02/24 2:29:08 ET]
Table '3862410221 1' 3-max Seat #1 is the button
Seat 1: julienx1983 (430 in chips) 
Seat 2: Mahu2021 (260 in chips) 
Seat 3: FresHHerB (810 in chips) 
Mahu2021: posts small blind 15
FresHHerB: posts big blind 30
*** HOLE CARDS ***
Dealt to Mahu2021 [Td Kc]
julienx1983: raises 60 to 90
Mahu2021: folds 
FresHHerB: folds 
Uncalled bet (60) returned to julienx1983
julienx1983 collected 75 from pot
*** SUMMARY ***
Total pot 75 | Rake 0 
Seat 1: julienx1983 (button) collected (75)
Seat 2: Mahu2021 (small blind) folded before Flop
Seat 3: FresHHerB (big blind) folded before Flop



PokerStars Hand #255014816030: Tournament #3862410221, $4.60+$0.40 USD Hold'em No Limit - Level II (15/30) - 2025/02/24 8:29:16 CET [2025/02/24 2:29:16 ET]
Table '3862410221 1' 3-max Seat #2 is the button
Seat 1: julienx1983 (475 in chips) 
Seat 2: Mahu2021 (245 in chips) 
Seat 3: FresHHerB (780 in chips) 
FresHHerB: posts small blind 15
julienx1983: posts big blind 30
*** HOLE CARDS ***
Dealt to Mahu2021 [Ac 3s]
Mahu2021: calls 30
FresHHerB: calls 15
julienx1983: raises 30 to 60
Mahu2021: calls 30
FresHHerB: calls 30
*** FLOP *** [7s 5s 6s]
FresHHerB: checks 
julienx1983: checks 
Mahu2021: checks 
*** TURN *** [7s 5s 6s] [3h]
FresHHerB: checks 
julienx1983: checks 
Mahu2021: bets 185 and is all-in
FresHHerB: folds 
julienx1983: calls 185
*** RIVER *** [7s 5s 6s 3h] [2s]
*** SHOW DOWN ***
julienx1983: shows [Ks Th] (a flush, King high)
Mahu2021: shows [Ac 3s] (a flush, Seven high)
julienx1983 collected 550 from pot
Mahu2021 finished the tournament in 3rd place
*** SUMMARY ***
Total pot 550 | Rake 0 
Board [7s 5s 6s 3h 2s]
Seat 1: julienx1983 (big blind) showed [Ks Th] and won (550) with a flush, King high
Seat 2: Mahu2021 (button) showed [Ac 3s] and lost with a flush, Seven high
Seat 3: FresHHerB (small blind) folded on the Turn



