PokerStars Hand #248411596793: Tournament #3704343066, $1.84+$0.16 USD Hold'em No Limit - Level I (10/20) - 2024/01/21 17:06:12 CET [2024/01/21 11:06:12 ET]
Table '3704343066 1' 3-max Seat #1 is the button
Seat 1: pilmartin (500 in chips) 
Seat 2: sham69333 (500 in chips) 
Seat 3: Mahu2021 (500 in chips) 
sham69333: posts small blind 10
Mahu2021: posts big blind 20
*** HOLE CARDS ***
Dealt to Mahu2021 [9c 8s]
pilmartin: folds 
sham69333: folds 
Uncalled bet (10) returned to Mahu2021
Mahu2021 collected 20 from pot
Mahu2021: doesn't show hand 
*** SUMMARY ***
Total pot 20 | Rake 0 
Seat 1: pilmartin (button) folded before Flop (didn't bet)
Seat 2: sham69333 (small blind) folded before Flop
Seat 3: Mahu2021 (big blind) collected (20)



PokerStars Hand #248411598069: Tournament #3704343066, $1.84+$0.16 USD Hold'em No Limit - Level I (10/20) - 2024/01/21 17:06:15 CET [2024/01/21 11:06:15 ET]
Table '3704343066 1' 3-max Seat #2 is the button
Seat 1: pilmartin (500 in chips) 
Seat 2: sham69333 (490 in chips) 
Seat 3: Mahu2021 (510 in chips) 
Mahu2021: posts small blind 10
pilmartin: posts big blind 20
*** HOLE CARDS ***
Dealt to Mahu2021 [8s Th]
sham69333: raises 20 to 40
Mahu2021: folds 
pilmartin: calls 20
*** FLOP *** [5h 4s 4d]
pilmartin: bets 40
sham69333: folds 
Uncalled bet (40) returned to pilmartin
pilmartin collected 90 from pot
*** SUMMARY ***
Total pot 90 | Rake 0 
Board [5h 4s 4d]
Seat 1: pilmartin (big blind) collected (90)
Seat 2: sham69333 (button) folded on the Flop
Seat 3: Mahu2021 (small blind) folded before Flop



PokerStars Hand #248411605873: Tournament #3704343066, $1.84+$0.16 USD Hold'em No Limit - Level I (10/20) - 2024/01/21 17:06:38 CET [2024/01/21 11:06:38 ET]
Table '3704343066 1' 3-max Seat #3 is the button
Seat 1: pilmartin (550 in chips) 
Seat 2: sham69333 (450 in chips) 
Seat 3: Mahu2021 (500 in chips) 
pilmartin: posts small blind 10
sham69333: posts big blind 20
*** HOLE CARDS ***
Dealt to Mahu2021 [Ac Qd]
Mahu2021: raises 40 to 60
pilmartin: calls 50
sham69333: folds 
*** FLOP *** [8s Jc 7h]
pilmartin: bets 70
Mahu2021: calls 70
*** TURN *** [8s Jc 7h] [Ah]
pilmartin: checks 
Mahu2021: bets 60
pilmartin: folds 
Uncalled bet (60) returned to Mahu2021
Mahu2021 collected 280 from pot
Mahu2021: doesn't show hand 
*** SUMMARY ***
Total pot 280 | Rake 0 
Board [8s Jc 7h Ah]
Seat 1: pilmartin (small blind) folded on the Turn
Seat 2: sham69333 (big blind) folded before Flop
Seat 3: Mahu2021 (button) collected (280)



PokerStars Hand #248411612523: Tournament #3704343066, $1.84+$0.16 USD Hold'em No Limit - Level I (10/20) - 2024/01/21 17:06:57 CET [2024/01/21 11:06:57 ET]
Table '3704343066 1' 3-max Seat #1 is the button
Seat 1: pilmartin (420 in chips) 
Seat 2: sham69333 (430 in chips) 
Seat 3: Mahu2021 (650 in chips) 
sham69333: posts small blind 10
Mahu2021: posts big blind 20
*** HOLE CARDS ***
Dealt to Mahu2021 [3s 4h]
pilmartin: folds 
sham69333: folds 
Uncalled bet (10) returned to Mahu2021
Mahu2021 collected 20 from pot
Mahu2021: doesn't show hand 
*** SUMMARY ***
Total pot 20 | Rake 0 
Seat 1: pilmartin (button) folded before Flop (didn't bet)
Seat 2: sham69333 (small blind) folded before Flop
Seat 3: Mahu2021 (big blind) collected (20)



PokerStars Hand #248411615731: Tournament #3704343066, $1.84+$0.16 USD Hold'em No Limit - Level I (10/20) - 2024/01/21 17:07:07 CET [2024/01/21 11:07:07 ET]
Table '3704343066 1' 3-max Seat #2 is the button
Seat 1: pilmartin (420 in chips) 
Seat 2: sham69333 (420 in chips) 
Seat 3: Mahu2021 (660 in chips) 
Mahu2021: posts small blind 10
pilmartin: posts big blind 20
*** HOLE CARDS ***
Dealt to Mahu2021 [Ks 8h]
sham69333: folds 
Mahu2021: calls 10
pilmartin: checks 
*** FLOP *** [5c Jc Jd]
Mahu2021: checks 
pilmartin: checks 
*** TURN *** [5c Jc Jd] [9s]
Mahu2021: checks 
pilmartin: bets 40
Mahu2021: folds 
Uncalled bet (40) returned to pilmartin
pilmartin collected 40 from pot
*** SUMMARY ***
Total pot 40 | Rake 0 
Board [5c Jc Jd 9s]
Seat 1: pilmartin (big blind) collected (40)
Seat 2: sham69333 (button) folded before Flop (didn't bet)
Seat 3: Mahu2021 (small blind) folded on the Turn



PokerStars Hand #248411621849: Tournament #3704343066, $1.84+$0.16 USD Hold'em No Limit - Level I (10/20) - 2024/01/21 17:07:25 CET [2024/01/21 11:07:25 ET]
Table '3704343066 1' 3-max Seat #3 is the button
Seat 1: pilmartin (440 in chips) 
Seat 2: sham69333 (420 in chips) 
Seat 3: Mahu2021 (640 in chips) 
pilmartin: posts small blind 10
sham69333: posts big blind 20
*** HOLE CARDS ***
Dealt to Mahu2021 [Qd 3d]
Mahu2021: calls 20
pilmartin: calls 10
sham69333: checks 
*** FLOP *** [2c 8h 6h]
pilmartin: checks 
sham69333: checks 
Mahu2021: checks 
*** TURN *** [2c 8h 6h] [6s]
pilmartin: checks 
sham69333: bets 30
Mahu2021: folds 
pilmartin: calls 30
*** RIVER *** [2c 8h 6h 6s] [9h]
pilmartin: bets 60
sham69333: folds 
Uncalled bet (60) returned to pilmartin
pilmartin collected 120 from pot
*** SUMMARY ***
Total pot 120 | Rake 0 
Board [2c 8h 6h 6s 9h]
Seat 1: pilmartin (small blind) collected (120)
Seat 2: sham69333 (big blind) folded on the River
Seat 3: Mahu2021 (button) folded on the Turn



PokerStars Hand #248411631204: Tournament #3704343066, $1.84+$0.16 USD Hold'em No Limit - Level I (10/20) - 2024/01/21 17:07:52 CET [2024/01/21 11:07:52 ET]
Table '3704343066 1' 3-max Seat #1 is the button
Seat 1: pilmartin (510 in chips) 
Seat 2: sham69333 (370 in chips) 
Seat 3: Mahu2021 (620 in chips) 
sham69333: posts small blind 10
Mahu2021: posts big blind 20
*** HOLE CARDS ***
Dealt to Mahu2021 [7s 7h]
pilmartin: raises 40 to 60
sham69333: folds 
Mahu2021: calls 40
*** FLOP *** [6h 4c Qs]
Mahu2021: bets 560 and is all-in
pilmartin: calls 450 and is all-in
Uncalled bet (110) returned to Mahu2021
*** TURN *** [6h 4c Qs] [2d]
*** RIVER *** [6h 4c Qs 2d] [8c]
*** SHOW DOWN ***
Mahu2021: shows [7s 7h] (a pair of Sevens)
pilmartin: shows [Kd Kh] (a pair of Kings)
pilmartin collected 1030 from pot
*** SUMMARY ***
Total pot 1030 | Rake 0 
Board [6h 4c Qs 2d 8c]
Seat 1: pilmartin (button) showed [Kd Kh] and won (1030) with a pair of Kings
Seat 2: sham69333 (small blind) folded before Flop
Seat 3: Mahu2021 (big blind) showed [7s 7h] and lost with a pair of Sevens



PokerStars Hand #248411637989: Tournament #3704343066, $1.84+$0.16 USD Hold'em No Limit - Level I (10/20) - 2024/01/21 17:08:12 CET [2024/01/21 11:08:12 ET]
Table '3704343066 1' 3-max Seat #2 is the button
Seat 1: pilmartin (1030 in chips) 
Seat 2: sham69333 (360 in chips) 
Seat 3: Mahu2021 (110 in chips) 
Mahu2021: posts small blind 10
pilmartin: posts big blind 20
*** HOLE CARDS ***
Dealt to Mahu2021 [Ac 6s]
sham69333: raises 20 to 40
Mahu2021: raises 70 to 110 and is all-in
pilmartin: folds 
sham69333: calls 70
*** FLOP *** [Qd 7d 7c]
*** TURN *** [Qd 7d 7c] [4d]
*** RIVER *** [Qd 7d 7c 4d] [Th]
*** SHOW DOWN ***
Mahu2021: shows [Ac 6s] (a pair of Sevens)
sham69333: shows [Kd 8d] (a flush, King high)
sham69333 collected 240 from pot
Mahu2021 finished the tournament in 3rd place
*** SUMMARY ***
Total pot 240 | Rake 0 
Board [Qd 7d 7c 4d Th]
Seat 1: pilmartin (big blind) folded before Flop
Seat 2: sham69333 (button) showed [Kd 8d] and won (240) with a flush, King high
Seat 3: Mahu2021 (small blind) showed [Ac 6s] and lost with a pair of Sevens



