PokerStars Hand #243268118384: Tournament #3581563364, $0.92+$0.08 USD Hold'em No Limit - Level I (10/20) - 2023/04/23 16:26:06 CET [2023/04/23 10:26:06 ET]
Table '3581563364 1' 3-max Seat #1 is the button
Seat 1: tickler46 (500 in chips) 
Seat 2: Mahu2021 (500 in chips) 
Seat 3: Big Smashngrab (500 in chips) 
Mahu2021: posts small blind 10
Big Smashngrab: posts big blind 20
*** HOLE CARDS ***
Dealt to Mahu2021 [Js Kd]
tickler46: folds 
Mahu2021: raises 20 to 40
Big Smashngrab: folds 
Uncalled bet (20) returned to Mahu2021
Mahu2021 collected 40 from pot
Mahu2021: doesn't show hand 
*** SUMMARY ***
Total pot 40 | Rake 0 
Seat 1: tickler46 (button) folded before Flop (didn't bet)
Seat 2: Mahu2021 (small blind) collected (40)
Seat 3: Big Smashngrab (big blind) folded before Flop



PokerStars Hand #243268120419: Tournament #3581563364, $0.92+$0.08 USD Hold'em No Limit - Level I (10/20) - 2023/04/23 16:26:13 CET [2023/04/23 10:26:13 ET]
Table '3581563364 1' 3-max Seat #2 is the button
Seat 1: tickler46 (500 in chips) 
Seat 2: Mahu2021 (520 in chips) 
Seat 3: Big Smashngrab (480 in chips) 
Big Smashngrab: posts small blind 10
tickler46: posts big blind 20
*** HOLE CARDS ***
Dealt to Mahu2021 [4s 5c]
Mahu2021: folds 
Big Smashngrab: raises 40 to 60
tickler46: calls 40
*** FLOP *** [5h 2c 9c]
Big Smashngrab: bets 120
tickler46: calls 120
*** TURN *** [5h 2c 9c] [9h]
Big Smashngrab: checks 
tickler46: bets 320 and is all-in
Big Smashngrab: folds 
Uncalled bet (320) returned to tickler46
tickler46 collected 360 from pot
*** SUMMARY ***
Total pot 360 | Rake 0 
Board [5h 2c 9c 9h]
Seat 1: tickler46 (big blind) collected (360)
Seat 2: Mahu2021 (button) folded before Flop (didn't bet)
Seat 3: Big Smashngrab (small blind) folded on the Turn



PokerStars Hand #243268126598: Tournament #3581563364, $0.92+$0.08 USD Hold'em No Limit - Level I (10/20) - 2023/04/23 16:26:34 CET [2023/04/23 10:26:34 ET]
Table '3581563364 1' 3-max Seat #3 is the button
Seat 1: tickler46 (680 in chips) 
Seat 2: Mahu2021 (520 in chips) 
Seat 3: Big Smashngrab (300 in chips) 
tickler46: posts small blind 10
Mahu2021: posts big blind 20
*** HOLE CARDS ***
Dealt to Mahu2021 [9d 2d]
Big Smashngrab: folds 
tickler46: calls 10
Mahu2021: checks 
*** FLOP *** [Th 4h Tc]
tickler46: checks 
Mahu2021: checks 
*** TURN *** [Th 4h Tc] [Kc]
tickler46: checks 
Mahu2021: checks 
*** RIVER *** [Th 4h Tc Kc] [4c]
tickler46: bets 20
Mahu2021: folds 
Uncalled bet (20) returned to tickler46
tickler46 collected 40 from pot
*** SUMMARY ***
Total pot 40 | Rake 0 
Board [Th 4h Tc Kc 4c]
Seat 1: tickler46 (small blind) collected (40)
Seat 2: Mahu2021 (big blind) folded on the River
Seat 3: Big Smashngrab (button) folded before Flop (didn't bet)



PokerStars Hand #243268132271: Tournament #3581563364, $0.92+$0.08 USD Hold'em No Limit - Level I (10/20) - 2023/04/23 16:26:54 CET [2023/04/23 10:26:54 ET]
Table '3581563364 1' 3-max Seat #1 is the button
Seat 1: tickler46 (700 in chips) 
Seat 2: Mahu2021 (500 in chips) 
Seat 3: Big Smashngrab (300 in chips) 
Mahu2021: posts small blind 10
Big Smashngrab: posts big blind 20
*** HOLE CARDS ***
Dealt to Mahu2021 [6c Ad]
tickler46: calls 20
Mahu2021: calls 10
Big Smashngrab: checks 
*** FLOP *** [Kc 7d 6d]
Mahu2021: bets 20
Big Smashngrab: folds 
tickler46: calls 20
*** TURN *** [Kc 7d 6d] [4d]
Mahu2021: bets 40
tickler46: calls 40
*** RIVER *** [Kc 7d 6d 4d] [2h]
Mahu2021: checks 
tickler46: checks 
*** SHOW DOWN ***
Mahu2021: shows [6c Ad] (a pair of Sixes)
tickler46: shows [Kh Jc] (a pair of Kings)
tickler46 collected 180 from pot
*** SUMMARY ***
Total pot 180 | Rake 0 
Board [Kc 7d 6d 4d 2h]
Seat 1: tickler46 (button) showed [Kh Jc] and won (180) with a pair of Kings
Seat 2: Mahu2021 (small blind) showed [6c Ad] and lost with a pair of Sixes
Seat 3: Big Smashngrab (big blind) folded on the Flop



PokerStars Hand #243268138340: Tournament #3581563364, $0.92+$0.08 USD Hold'em No Limit - Level I (10/20) - 2023/04/23 16:27:16 CET [2023/04/23 10:27:16 ET]
Table '3581563364 1' 3-max Seat #2 is the button
Seat 1: tickler46 (800 in chips) 
Seat 2: Mahu2021 (420 in chips) 
Seat 3: Big Smashngrab (280 in chips) 
Big Smashngrab: posts small blind 10
tickler46: posts big blind 20
*** HOLE CARDS ***
Dealt to Mahu2021 [5s 5h]
Mahu2021: raises 40 to 60
Big Smashngrab: calls 50
tickler46: calls 40
*** FLOP *** [9d Ad 3c]
Big Smashngrab: bets 180
tickler46: folds 
Mahu2021: folds 
Uncalled bet (180) returned to Big Smashngrab
Big Smashngrab collected 180 from pot
*** SUMMARY ***
Total pot 180 | Rake 0 
Board [9d Ad 3c]
Seat 1: tickler46 (big blind) folded on the Flop
Seat 2: Mahu2021 (button) folded on the Flop
Seat 3: Big Smashngrab (small blind) collected (180)



PokerStars Hand #243268144121: Tournament #3581563364, $0.92+$0.08 USD Hold'em No Limit - Level I (10/20) - 2023/04/23 16:27:36 CET [2023/04/23 10:27:36 ET]
Table '3581563364 1' 3-max Seat #3 is the button
Seat 1: tickler46 (740 in chips) 
Seat 2: Mahu2021 (360 in chips) 
Seat 3: Big Smashngrab (400 in chips) 
tickler46: posts small blind 10
Mahu2021: posts big blind 20
*** HOLE CARDS ***
Dealt to Mahu2021 [Qc Tc]
Big Smashngrab: calls 20
tickler46: folds 
Mahu2021: checks 
*** FLOP *** [Ah As Ts]
Mahu2021: bets 40
Big Smashngrab: calls 40
*** TURN *** [Ah As Ts] [5h]
Mahu2021: bets 40
Big Smashngrab: calls 40
*** RIVER *** [Ah As Ts 5h] [Qh]
Mahu2021: bets 260 and is all-in
Big Smashngrab: calls 260
*** SHOW DOWN ***
Mahu2021: shows [Qc Tc] (two pair, Aces and Queens)
Big Smashngrab: shows [Qd 4d] (two pair, Aces and Queens)
Mahu2021 collected 365 from pot
Big Smashngrab collected 365 from pot
*** SUMMARY ***
Total pot 730 | Rake 0 
Board [Ah As Ts 5h Qh]
Seat 1: tickler46 (small blind) folded before Flop
Seat 2: Mahu2021 (big blind) showed [Qc Tc] and won (365) with two pair, Aces and Queens
Seat 3: Big Smashngrab (button) showed [Qd 4d] and won (365) with two pair, Aces and Queens



PokerStars Hand #243268150768: Tournament #3581563364, $0.92+$0.08 USD Hold'em No Limit - Level I (10/20) - 2023/04/23 16:27:59 CET [2023/04/23 10:27:59 ET]
Table '3581563364 1' 3-max Seat #1 is the button
Seat 1: tickler46 (730 in chips) 
Seat 2: Mahu2021 (365 in chips) 
Seat 3: Big Smashngrab (405 in chips) 
Mahu2021: posts small blind 10
Big Smashngrab: posts big blind 20
*** HOLE CARDS ***
Dealt to Mahu2021 [6d Tc]
tickler46: folds 
Mahu2021: folds 
Uncalled bet (10) returned to Big Smashngrab
Big Smashngrab collected 20 from pot
*** SUMMARY ***
Total pot 20 | Rake 0 
Seat 1: tickler46 (button) folded before Flop (didn't bet)
Seat 2: Mahu2021 (small blind) folded before Flop
Seat 3: Big Smashngrab (big blind) collected (20)



PokerStars Hand #243268152680: Tournament #3581563364, $0.92+$0.08 USD Hold'em No Limit - Level I (10/20) - 2023/04/23 16:28:06 CET [2023/04/23 10:28:06 ET]
Table '3581563364 1' 3-max Seat #2 is the button
Seat 1: tickler46 (730 in chips) 
Seat 2: Mahu2021 (355 in chips) 
Seat 3: Big Smashngrab (415 in chips) 
Big Smashngrab: posts small blind 10
tickler46: posts big blind 20
*** HOLE CARDS ***
Dealt to Mahu2021 [Ts 8c]
Mahu2021: folds 
Big Smashngrab: calls 10
tickler46: checks 
*** FLOP *** [Ac Tc 3s]
Big Smashngrab: checks 
tickler46: checks 
*** TURN *** [Ac Tc 3s] [7c]
Big Smashngrab: checks 
tickler46: checks 
*** RIVER *** [Ac Tc 3s 7c] [2d]
Big Smashngrab: checks 
tickler46: checks 
*** SHOW DOWN ***
Big Smashngrab: shows [8h Kh] (high card Ace)
tickler46: mucks hand 
Big Smashngrab collected 40 from pot
*** SUMMARY ***
Total pot 40 | Rake 0 
Board [Ac Tc 3s 7c 2d]
Seat 1: tickler46 (big blind) mucked [Jc 8d]
Seat 2: Mahu2021 (button) folded before Flop (didn't bet)
Seat 3: Big Smashngrab (small blind) showed [8h Kh] and won (40) with high card Ace



PokerStars Hand #243268159671: Tournament #3581563364, $0.92+$0.08 USD Hold'em No Limit - Level II (15/30) - 2023/04/23 16:28:30 CET [2023/04/23 10:28:30 ET]
Table '3581563364 1' 3-max Seat #3 is the button
Seat 1: tickler46 (710 in chips) 
Seat 2: Mahu2021 (355 in chips) 
Seat 3: Big Smashngrab (435 in chips) 
tickler46: posts small blind 15
Mahu2021: posts big blind 30
*** HOLE CARDS ***
Dealt to Mahu2021 [6s 2d]
Big Smashngrab: folds 
tickler46: calls 15
Mahu2021: checks 
*** FLOP *** [Ts 7d 9s]
tickler46: checks 
Mahu2021: checks 
*** TURN *** [Ts 7d 9s] [7s]
tickler46: checks 
Mahu2021: bets 60
tickler46: folds 
Uncalled bet (60) returned to Mahu2021
Mahu2021 collected 60 from pot
Mahu2021: doesn't show hand 
*** SUMMARY ***
Total pot 60 | Rake 0 
Board [Ts 7d 9s 7s]
Seat 1: tickler46 (small blind) folded on the Turn
Seat 2: Mahu2021 (big blind) collected (60)
Seat 3: Big Smashngrab (button) folded before Flop (didn't bet)



PokerStars Hand #243268166940: Tournament #3581563364, $0.92+$0.08 USD Hold'em No Limit - Level II (15/30) - 2023/04/23 16:28:55 CET [2023/04/23 10:28:55 ET]
Table '3581563364 1' 3-max Seat #1 is the button
Seat 1: tickler46 (680 in chips) 
Seat 2: Mahu2021 (385 in chips) 
Seat 3: Big Smashngrab (435 in chips) 
Mahu2021: posts small blind 15
Big Smashngrab: posts big blind 30
*** HOLE CARDS ***
Dealt to Mahu2021 [7d 4s]
tickler46: calls 30
Mahu2021: folds 
Big Smashngrab: checks 
*** FLOP *** [4c 6c 9h]
Big Smashngrab: checks 
tickler46: checks 
*** TURN *** [4c 6c 9h] [7s]
Big Smashngrab: checks 
tickler46: checks 
*** RIVER *** [4c 6c 9h 7s] [3d]
Big Smashngrab: bets 75
tickler46: folds 
Uncalled bet (75) returned to Big Smashngrab
Big Smashngrab collected 75 from pot
*** SUMMARY ***
Total pot 75 | Rake 0 
Board [4c 6c 9h 7s 3d]
Seat 1: tickler46 (button) folded on the River
Seat 2: Mahu2021 (small blind) folded before Flop
Seat 3: Big Smashngrab (big blind) collected (75)



PokerStars Hand #243268174476: Tournament #3581563364, $0.92+$0.08 USD Hold'em No Limit - Level II (15/30) - 2023/04/23 16:29:22 CET [2023/04/23 10:29:22 ET]
Table '3581563364 1' 3-max Seat #2 is the button
Seat 1: tickler46 (650 in chips) 
Seat 2: Mahu2021 (370 in chips) 
Seat 3: Big Smashngrab (480 in chips) 
Big Smashngrab: posts small blind 15
tickler46: posts big blind 30
*** HOLE CARDS ***
Dealt to Mahu2021 [Js 9h]
Mahu2021: raises 30 to 60
Big Smashngrab: folds 
tickler46: calls 30
*** FLOP *** [6h 9c 7s]
tickler46: checks 
Mahu2021: checks 
*** TURN *** [6h 9c 7s] [Ts]
tickler46: checks 
Mahu2021: bets 60
tickler46: folds 
Uncalled bet (60) returned to Mahu2021
Mahu2021 collected 135 from pot
Mahu2021: doesn't show hand 
*** SUMMARY ***
Total pot 135 | Rake 0 
Board [6h 9c 7s Ts]
Seat 1: tickler46 (big blind) folded on the Turn
Seat 2: Mahu2021 (button) collected (135)
Seat 3: Big Smashngrab (small blind) folded before Flop



PokerStars Hand #243268180556: Tournament #3581563364, $0.92+$0.08 USD Hold'em No Limit - Level II (15/30) - 2023/04/23 16:29:43 CET [2023/04/23 10:29:43 ET]
Table '3581563364 1' 3-max Seat #3 is the button
Seat 1: tickler46 (590 in chips) 
Seat 2: Mahu2021 (445 in chips) 
Seat 3: Big Smashngrab (465 in chips) 
tickler46: posts small blind 15
Mahu2021: posts big blind 30
*** HOLE CARDS ***
Dealt to Mahu2021 [6s 9h]
Big Smashngrab: calls 30
tickler46: calls 15
Mahu2021: checks 
*** FLOP *** [8h Ac Tc]
tickler46: checks 
Mahu2021: checks 
Big Smashngrab: checks 
*** TURN *** [8h Ac Tc] [5d]
tickler46: checks 
Mahu2021: checks 
Big Smashngrab: checks 
*** RIVER *** [8h Ac Tc 5d] [6d]
tickler46: bets 30
Mahu2021: calls 30
Big Smashngrab: calls 30
*** SHOW DOWN ***
tickler46: shows [Qc Ts] (a pair of Tens)
Mahu2021: mucks hand 
Big Smashngrab: mucks hand 
tickler46 collected 180 from pot
*** SUMMARY ***
Total pot 180 | Rake 0 
Board [8h Ac Tc 5d 6d]
Seat 1: tickler46 (small blind) showed [Qc Ts] and won (180) with a pair of Tens
Seat 2: Mahu2021 (big blind) mucked [6s 9h]
Seat 3: Big Smashngrab (button) mucked [7h 6c]



PokerStars Hand #243268187610: Tournament #3581563364, $0.92+$0.08 USD Hold'em No Limit - Level II (15/30) - 2023/04/23 16:30:07 CET [2023/04/23 10:30:07 ET]
Table '3581563364 1' 3-max Seat #1 is the button
Seat 1: tickler46 (710 in chips) 
Seat 2: Mahu2021 (385 in chips) 
Seat 3: Big Smashngrab (405 in chips) 
Mahu2021: posts small blind 15
Big Smashngrab: posts big blind 30
*** HOLE CARDS ***
Dealt to Mahu2021 [8s 5c]
tickler46: folds 
Mahu2021: folds 
Uncalled bet (15) returned to Big Smashngrab
Big Smashngrab collected 30 from pot
*** SUMMARY ***
Total pot 30 | Rake 0 
Seat 1: tickler46 (button) folded before Flop (didn't bet)
Seat 2: Mahu2021 (small blind) folded before Flop
Seat 3: Big Smashngrab (big blind) collected (30)



PokerStars Hand #243268189804: Tournament #3581563364, $0.92+$0.08 USD Hold'em No Limit - Level III (20/40) - 2023/04/23 16:30:15 CET [2023/04/23 10:30:15 ET]
Table '3581563364 1' 3-max Seat #2 is the button
Seat 1: tickler46 (710 in chips) 
Seat 2: Mahu2021 (370 in chips) 
Seat 3: Big Smashngrab (420 in chips) 
Big Smashngrab: posts small blind 20
tickler46: posts big blind 40
*** HOLE CARDS ***
Dealt to Mahu2021 [Ts 6h]
Mahu2021: folds 
Big Smashngrab: calls 20
tickler46: checks 
*** FLOP *** [8s 4c Ad]
Big Smashngrab: bets 40
tickler46: calls 40
*** TURN *** [8s 4c Ad] [Qs]
Big Smashngrab: bets 40
tickler46: calls 40
*** RIVER *** [8s 4c Ad Qs] [4d]
Big Smashngrab: bets 240
tickler46: raises 240 to 480
Big Smashngrab: calls 60 and is all-in
Uncalled bet (180) returned to tickler46
*** SHOW DOWN ***
tickler46: shows [4h 6c] (three of a kind, Fours)
Big Smashngrab: shows [3h 4s] (three of a kind, Fours)
Big Smashngrab collected 420 from pot
tickler46 collected 420 from pot
*** SUMMARY ***
Total pot 840 | Rake 0 
Board [8s 4c Ad Qs 4d]
Seat 1: tickler46 (big blind) showed [4h 6c] and won (420) with three of a kind, Fours
Seat 2: Mahu2021 (button) folded before Flop (didn't bet)
Seat 3: Big Smashngrab (small blind) showed [3h 4s] and won (420) with three of a kind, Fours



PokerStars Hand #243268197361: Tournament #3581563364, $0.92+$0.08 USD Hold'em No Limit - Level III (20/40) - 2023/04/23 16:30:41 CET [2023/04/23 10:30:41 ET]
Table '3581563364 1' 3-max Seat #3 is the button
Seat 1: tickler46 (710 in chips) 
Seat 2: Mahu2021 (370 in chips) 
Seat 3: Big Smashngrab (420 in chips) 
tickler46: posts small blind 20
Mahu2021: posts big blind 40
*** HOLE CARDS ***
Dealt to Mahu2021 [2h 9h]
Big Smashngrab: calls 40
tickler46: calls 20
Mahu2021: checks 
*** FLOP *** [Kd 6d Qh]
tickler46: checks 
Mahu2021: checks 
Big Smashngrab: checks 
*** TURN *** [Kd 6d Qh] [5h]
tickler46: checks 
Mahu2021: bets 80
Big Smashngrab: folds 
tickler46: folds 
Uncalled bet (80) returned to Mahu2021
Mahu2021 collected 120 from pot
Mahu2021: doesn't show hand 
*** SUMMARY ***
Total pot 120 | Rake 0 
Board [Kd 6d Qh 5h]
Seat 1: tickler46 (small blind) folded on the Turn
Seat 2: Mahu2021 (big blind) collected (120)
Seat 3: Big Smashngrab (button) folded on the Turn



PokerStars Hand #243268203197: Tournament #3581563364, $0.92+$0.08 USD Hold'em No Limit - Level III (20/40) - 2023/04/23 16:31:01 CET [2023/04/23 10:31:01 ET]
Table '3581563364 1' 3-max Seat #1 is the button
Seat 1: tickler46 (670 in chips) 
Seat 2: Mahu2021 (450 in chips) 
Seat 3: Big Smashngrab (380 in chips) 
Mahu2021: posts small blind 20
Big Smashngrab: posts big blind 40
*** HOLE CARDS ***
Dealt to Mahu2021 [As 3c]
tickler46: calls 40
Mahu2021: calls 20
Big Smashngrab: checks 
*** FLOP *** [Js 4c 5s]
Mahu2021: checks 
Big Smashngrab: bets 40
tickler46: calls 40
Mahu2021: calls 40
*** TURN *** [Js 4c 5s] [Qd]
Mahu2021: checks 
Big Smashngrab: checks 
tickler46: checks 
*** RIVER *** [Js 4c 5s Qd] [Qc]
Mahu2021: checks 
Big Smashngrab: checks 
tickler46: checks 
*** SHOW DOWN ***
Mahu2021: shows [As 3c] (a pair of Queens)
Big Smashngrab: shows [4d 7s] (two pair, Queens and Fours)
tickler46: shows [5c 8c] (two pair, Queens and Fives)
tickler46 collected 240 from pot
*** SUMMARY ***
Total pot 240 | Rake 0 
Board [Js 4c 5s Qd Qc]
Seat 1: tickler46 (button) showed [5c 8c] and won (240) with two pair, Queens and Fives
Seat 2: Mahu2021 (small blind) showed [As 3c] and lost with a pair of Queens
Seat 3: Big Smashngrab (big blind) showed [4d 7s] and lost with two pair, Queens and Fours



PokerStars Hand #243268209387: Tournament #3581563364, $0.92+$0.08 USD Hold'em No Limit - Level III (20/40) - 2023/04/23 16:31:22 CET [2023/04/23 10:31:22 ET]
Table '3581563364 1' 3-max Seat #2 is the button
Seat 1: tickler46 (830 in chips) 
Seat 2: Mahu2021 (370 in chips) 
Seat 3: Big Smashngrab (300 in chips) 
Big Smashngrab: posts small blind 20
tickler46: posts big blind 40
*** HOLE CARDS ***
Dealt to Mahu2021 [3d Td]
Mahu2021: folds 
Big Smashngrab: calls 20
tickler46: checks 
*** FLOP *** [2h Tc 6s]
Big Smashngrab: checks 
tickler46: bets 80
Big Smashngrab: folds 
Uncalled bet (80) returned to tickler46
tickler46 collected 80 from pot
*** SUMMARY ***
Total pot 80 | Rake 0 
Board [2h Tc 6s]
Seat 1: tickler46 (big blind) collected (80)
Seat 2: Mahu2021 (button) folded before Flop (didn't bet)
Seat 3: Big Smashngrab (small blind) folded on the Flop



PokerStars Hand #243268213235: Tournament #3581563364, $0.92+$0.08 USD Hold'em No Limit - Level III (20/40) - 2023/04/23 16:31:36 CET [2023/04/23 10:31:36 ET]
Table '3581563364 1' 3-max Seat #3 is the button
Seat 1: tickler46 (870 in chips) 
Seat 2: Mahu2021 (370 in chips) 
Seat 3: Big Smashngrab (260 in chips) 
tickler46: posts small blind 20
Mahu2021: posts big blind 40
*** HOLE CARDS ***
Dealt to Mahu2021 [Jd 2c]
Big Smashngrab: calls 40
tickler46: folds 
Mahu2021: checks 
*** FLOP *** [8h 4c 5h]
Mahu2021: checks 
Big Smashngrab: bets 100
Mahu2021: folds 
Uncalled bet (100) returned to Big Smashngrab
Big Smashngrab collected 100 from pot
*** SUMMARY ***
Total pot 100 | Rake 0 
Board [8h 4c 5h]
Seat 1: tickler46 (small blind) folded before Flop
Seat 2: Mahu2021 (big blind) folded on the Flop
Seat 3: Big Smashngrab (button) collected (100)



PokerStars Hand #243268216777: Tournament #3581563364, $0.92+$0.08 USD Hold'em No Limit - Level III (20/40) - 2023/04/23 16:31:48 CET [2023/04/23 10:31:48 ET]
Table '3581563364 1' 3-max Seat #1 is the button
Seat 1: tickler46 (850 in chips) 
Seat 2: Mahu2021 (330 in chips) 
Seat 3: Big Smashngrab (320 in chips) 
Mahu2021: posts small blind 20
Big Smashngrab: posts big blind 40
*** HOLE CARDS ***
Dealt to Mahu2021 [6c Qs]
tickler46: calls 40
Mahu2021: folds 
Big Smashngrab: checks 
*** FLOP *** [8c As Tc]
Big Smashngrab: checks 
tickler46: bets 160
Big Smashngrab: folds 
Uncalled bet (160) returned to tickler46
tickler46 collected 100 from pot
*** SUMMARY ***
Total pot 100 | Rake 0 
Board [8c As Tc]
Seat 1: tickler46 (button) collected (100)
Seat 2: Mahu2021 (small blind) folded before Flop
Seat 3: Big Smashngrab (big blind) folded on the Flop



PokerStars Hand #243268220553: Tournament #3581563364, $0.92+$0.08 USD Hold'em No Limit - Level III (20/40) - 2023/04/23 16:32:01 CET [2023/04/23 10:32:01 ET]
Table '3581563364 1' 3-max Seat #2 is the button
Seat 1: tickler46 (910 in chips) 
Seat 2: Mahu2021 (310 in chips) 
Seat 3: Big Smashngrab (280 in chips) 
Big Smashngrab: posts small blind 20
tickler46: posts big blind 40
*** HOLE CARDS ***
Dealt to Mahu2021 [3d Ah]
Mahu2021: raises 80 to 120
Big Smashngrab: folds 
tickler46: raises 790 to 910 and is all-in
Mahu2021: calls 190 and is all-in
Uncalled bet (600) returned to tickler46
*** FLOP *** [8c 5h Kd]
*** TURN *** [8c 5h Kd] [As]
*** RIVER *** [8c 5h Kd As] [Ks]
*** SHOW DOWN ***
tickler46: shows [4s 4h] (two pair, Kings and Fours)
Mahu2021: shows [3d Ah] (two pair, Aces and Kings)
Mahu2021 collected 640 from pot
*** SUMMARY ***
Total pot 640 | Rake 0 
Board [8c 5h Kd As Ks]
Seat 1: tickler46 (big blind) showed [4s 4h] and lost with two pair, Kings and Fours
Seat 2: Mahu2021 (button) showed [3d Ah] and won (640) with two pair, Aces and Kings
Seat 3: Big Smashngrab (small blind) folded before Flop



PokerStars Hand #243268225993: Tournament #3581563364, $0.92+$0.08 USD Hold'em No Limit - Level IV (30/60) - 2023/04/23 16:32:20 CET [2023/04/23 10:32:20 ET]
Table '3581563364 1' 3-max Seat #3 is the button
Seat 1: tickler46 (600 in chips) 
Seat 2: Mahu2021 (640 in chips) 
Seat 3: Big Smashngrab (260 in chips) 
tickler46: posts small blind 30
Mahu2021: posts big blind 60
*** HOLE CARDS ***
Dealt to Mahu2021 [9d 6c]
Big Smashngrab: calls 60
tickler46: folds 
Mahu2021: checks 
*** FLOP *** [4c 3h Td]
Mahu2021: checks 
Big Smashngrab: checks 
*** TURN *** [4c 3h Td] [Ac]
Mahu2021: checks 
Big Smashngrab: checks 
*** RIVER *** [4c 3h Td Ac] [2s]
Mahu2021: bets 60
Big Smashngrab: folds 
Uncalled bet (60) returned to Mahu2021
Mahu2021 collected 150 from pot
Mahu2021: doesn't show hand 
*** SUMMARY ***
Total pot 150 | Rake 0 
Board [4c 3h Td Ac 2s]
Seat 1: tickler46 (small blind) folded before Flop
Seat 2: Mahu2021 (big blind) collected (150)
Seat 3: Big Smashngrab (button) folded on the River



PokerStars Hand #243268230801: Tournament #3581563364, $0.92+$0.08 USD Hold'em No Limit - Level IV (30/60) - 2023/04/23 16:32:37 CET [2023/04/23 10:32:37 ET]
Table '3581563364 1' 3-max Seat #1 is the button
Seat 1: tickler46 (570 in chips) 
Seat 2: Mahu2021 (730 in chips) 
Seat 3: Big Smashngrab (200 in chips) 
Mahu2021: posts small blind 30
Big Smashngrab: posts big blind 60
*** HOLE CARDS ***
Dealt to Mahu2021 [Kc 3c]
tickler46: calls 60
Mahu2021: calls 30
Big Smashngrab: checks 
*** FLOP *** [8s 2d 7s]
Mahu2021: checks 
Big Smashngrab: checks 
tickler46: checks 
*** TURN *** [8s 2d 7s] [Jh]
Mahu2021: checks 
Big Smashngrab: checks 
tickler46: checks 
*** RIVER *** [8s 2d 7s Jh] [Kd]
Mahu2021: bets 60
Big Smashngrab: folds 
tickler46: calls 60
*** SHOW DOWN ***
Mahu2021: shows [Kc 3c] (a pair of Kings)
tickler46: shows [3d Kh] (a pair of Kings)
Mahu2021 collected 150 from pot
tickler46 collected 150 from pot
*** SUMMARY ***
Total pot 300 | Rake 0 
Board [8s 2d 7s Jh Kd]
Seat 1: tickler46 (button) showed [3d Kh] and won (150) with a pair of Kings
Seat 2: Mahu2021 (small blind) showed [Kc 3c] and won (150) with a pair of Kings
Seat 3: Big Smashngrab (big blind) folded on the River



PokerStars Hand #243268237002: Tournament #3581563364, $0.92+$0.08 USD Hold'em No Limit - Level IV (30/60) - 2023/04/23 16:32:58 CET [2023/04/23 10:32:58 ET]
Table '3581563364 1' 3-max Seat #2 is the button
Seat 1: tickler46 (600 in chips) 
Seat 2: Mahu2021 (760 in chips) 
Seat 3: Big Smashngrab (140 in chips) 
Big Smashngrab: posts small blind 30
tickler46: posts big blind 60
*** HOLE CARDS ***
Dealt to Mahu2021 [Jh Ad]
Mahu2021: raises 120 to 180
Big Smashngrab: calls 110 and is all-in
tickler46: folds 
Uncalled bet (40) returned to Mahu2021
*** FLOP *** [5h 7c 9s]
*** TURN *** [5h 7c 9s] [Qs]
*** RIVER *** [5h 7c 9s Qs] [4c]
*** SHOW DOWN ***
Big Smashngrab: shows [Qc 4h] (two pair, Queens and Fours)
Mahu2021: shows [Jh Ad] (high card Ace)
Big Smashngrab collected 340 from pot
*** SUMMARY ***
Total pot 340 | Rake 0 
Board [5h 7c 9s Qs 4c]
Seat 1: tickler46 (big blind) folded before Flop
Seat 2: Mahu2021 (button) showed [Jh Ad] and lost with high card Ace
Seat 3: Big Smashngrab (small blind) showed [Qc 4h] and won (340) with two pair, Queens and Fours



PokerStars Hand #243268241542: Tournament #3581563364, $0.92+$0.08 USD Hold'em No Limit - Level IV (30/60) - 2023/04/23 16:33:14 CET [2023/04/23 10:33:14 ET]
Table '3581563364 1' 3-max Seat #3 is the button
Seat 1: tickler46 (540 in chips) 
Seat 2: Mahu2021 (620 in chips) 
Seat 3: Big Smashngrab (340 in chips) 
tickler46: posts small blind 30
Mahu2021: posts big blind 60
*** HOLE CARDS ***
Dealt to Mahu2021 [8c 2h]
Big Smashngrab: calls 60
tickler46: folds 
Mahu2021: checks 
*** FLOP *** [As 5c Jc]
Mahu2021: checks 
Big Smashngrab: checks 
*** TURN *** [As 5c Jc] [4c]
Mahu2021: checks 
Big Smashngrab: bets 150
Mahu2021: folds 
Uncalled bet (150) returned to Big Smashngrab
Big Smashngrab collected 150 from pot
*** SUMMARY ***
Total pot 150 | Rake 0 
Board [As 5c Jc 4c]
Seat 1: tickler46 (small blind) folded before Flop
Seat 2: Mahu2021 (big blind) folded on the Turn
Seat 3: Big Smashngrab (button) collected (150)



PokerStars Hand #243268245998: Tournament #3581563364, $0.92+$0.08 USD Hold'em No Limit - Level IV (30/60) - 2023/04/23 16:33:30 CET [2023/04/23 10:33:30 ET]
Table '3581563364 1' 3-max Seat #1 is the button
Seat 1: tickler46 (510 in chips) 
Seat 2: Mahu2021 (560 in chips) 
Seat 3: Big Smashngrab (430 in chips) 
Mahu2021: posts small blind 30
Big Smashngrab: posts big blind 60
*** HOLE CARDS ***
Dealt to Mahu2021 [3s Qc]
tickler46: folds 
Mahu2021: folds 
Uncalled bet (30) returned to Big Smashngrab
Big Smashngrab collected 60 from pot
*** SUMMARY ***
Total pot 60 | Rake 0 
Seat 1: tickler46 (button) folded before Flop (didn't bet)
Seat 2: Mahu2021 (small blind) folded before Flop
Seat 3: Big Smashngrab (big blind) collected (60)



PokerStars Hand #243268247428: Tournament #3581563364, $0.92+$0.08 USD Hold'em No Limit - Level IV (30/60) - 2023/04/23 16:33:35 CET [2023/04/23 10:33:35 ET]
Table '3581563364 1' 3-max Seat #2 is the button
Seat 1: tickler46 (510 in chips) 
Seat 2: Mahu2021 (530 in chips) 
Seat 3: Big Smashngrab (460 in chips) 
Big Smashngrab: posts small blind 30
tickler46: posts big blind 60
*** HOLE CARDS ***
Dealt to Mahu2021 [Ts 3d]
Mahu2021: folds 
Big Smashngrab: calls 30
tickler46: checks 
*** FLOP *** [Ah 7s 4h]
Big Smashngrab: checks 
tickler46: checks 
*** TURN *** [Ah 7s 4h] [Jd]
Big Smashngrab: checks 
tickler46: bets 60
Big Smashngrab: folds 
Uncalled bet (60) returned to tickler46
tickler46 collected 120 from pot
*** SUMMARY ***
Total pot 120 | Rake 0 
Board [Ah 7s 4h Jd]
Seat 1: tickler46 (big blind) collected (120)
Seat 2: Mahu2021 (button) folded before Flop (didn't bet)
Seat 3: Big Smashngrab (small blind) folded on the Turn



PokerStars Hand #243268252830: Tournament #3581563364, $0.92+$0.08 USD Hold'em No Limit - Level IV (30/60) - 2023/04/23 16:33:53 CET [2023/04/23 10:33:53 ET]
Table '3581563364 1' 3-max Seat #3 is the button
Seat 1: tickler46 (570 in chips) 
Seat 2: Mahu2021 (530 in chips) 
Seat 3: Big Smashngrab (400 in chips) 
tickler46: posts small blind 30
Mahu2021: posts big blind 60
*** HOLE CARDS ***
Dealt to Mahu2021 [3c 9s]
Big Smashngrab: folds 
tickler46: folds 
Uncalled bet (30) returned to Mahu2021
Mahu2021 collected 60 from pot
Mahu2021: doesn't show hand 
*** SUMMARY ***
Total pot 60 | Rake 0 
Seat 1: tickler46 (small blind) folded before Flop
Seat 2: Mahu2021 (big blind) collected (60)
Seat 3: Big Smashngrab (button) folded before Flop (didn't bet)



PokerStars Hand #243268254452: Tournament #3581563364, $0.92+$0.08 USD Hold'em No Limit - Level IV (30/60) - 2023/04/23 16:33:59 CET [2023/04/23 10:33:59 ET]
Table '3581563364 1' 3-max Seat #1 is the button
Seat 1: tickler46 (540 in chips) 
Seat 2: Mahu2021 (560 in chips) 
Seat 3: Big Smashngrab (400 in chips) 
Mahu2021: posts small blind 30
Big Smashngrab: posts big blind 60
*** HOLE CARDS ***
Dealt to Mahu2021 [Tc 2s]
tickler46: folds 
Mahu2021: folds 
Uncalled bet (30) returned to Big Smashngrab
Big Smashngrab collected 60 from pot
*** SUMMARY ***
Total pot 60 | Rake 0 
Seat 1: tickler46 (button) folded before Flop (didn't bet)
Seat 2: Mahu2021 (small blind) folded before Flop
Seat 3: Big Smashngrab (big blind) collected (60)



PokerStars Hand #243268256025: Tournament #3581563364, $0.92+$0.08 USD Hold'em No Limit - Level IV (30/60) - 2023/04/23 16:34:04 CET [2023/04/23 10:34:04 ET]
Table '3581563364 1' 3-max Seat #2 is the button
Seat 1: tickler46 (540 in chips) 
Seat 2: Mahu2021 (530 in chips) 
Seat 3: Big Smashngrab (430 in chips) 
Big Smashngrab: posts small blind 30
tickler46: posts big blind 60
*** HOLE CARDS ***
Dealt to Mahu2021 [7c Qh]
Mahu2021: folds 
Big Smashngrab: calls 30
tickler46: checks 
*** FLOP *** [Ts 6d 5s]
Big Smashngrab: checks 
tickler46: checks 
*** TURN *** [Ts 6d 5s] [7d]
Big Smashngrab: checks 
tickler46: checks 
*** RIVER *** [Ts 6d 5s 7d] [8s]
Big Smashngrab: checks 
tickler46: checks 
*** SHOW DOWN ***
Big Smashngrab: shows [2h Jh] (high card Jack)
tickler46: shows [Js Kd] (high card King)
tickler46 collected 120 from pot
*** SUMMARY ***
Total pot 120 | Rake 0 
Board [Ts 6d 5s 7d 8s]
Seat 1: tickler46 (big blind) showed [Js Kd] and won (120) with high card King
Seat 2: Mahu2021 (button) folded before Flop (didn't bet)
Seat 3: Big Smashngrab (small blind) showed [2h Jh] and lost with high card Jack



PokerStars Hand #243268262317: Tournament #3581563364, $0.92+$0.08 USD Hold'em No Limit - Level V (40/80) - 2023/04/23 16:34:26 CET [2023/04/23 10:34:26 ET]
Table '3581563364 1' 3-max Seat #3 is the button
Seat 1: tickler46 (600 in chips) 
Seat 2: Mahu2021 (530 in chips) 
Seat 3: Big Smashngrab (370 in chips) 
tickler46: posts small blind 40
Mahu2021: posts big blind 80
*** HOLE CARDS ***
Dealt to Mahu2021 [As Ks]
Big Smashngrab: folds 
tickler46: calls 40
Mahu2021: raises 450 to 530 and is all-in
tickler46: calls 450
*** FLOP *** [6c 4h Ts]
*** TURN *** [6c 4h Ts] [Jh]
*** RIVER *** [6c 4h Ts Jh] [Kh]
*** SHOW DOWN ***
tickler46: shows [8d Ah] (high card Ace)
Mahu2021: shows [As Ks] (a pair of Kings)
Mahu2021 collected 1060 from pot
*** SUMMARY ***
Total pot 1060 | Rake 0 
Board [6c 4h Ts Jh Kh]
Seat 1: tickler46 (small blind) showed [8d Ah] and lost with high card Ace
Seat 2: Mahu2021 (big blind) showed [As Ks] and won (1060) with a pair of Kings
Seat 3: Big Smashngrab (button) folded before Flop (didn't bet)



PokerStars Hand #243268267266: Tournament #3581563364, $0.92+$0.08 USD Hold'em No Limit - Level V (40/80) - 2023/04/23 16:34:43 CET [2023/04/23 10:34:43 ET]
Table '3581563364 1' 3-max Seat #1 is the button
Seat 1: tickler46 (70 in chips) 
Seat 2: Mahu2021 (1060 in chips) 
Seat 3: Big Smashngrab (370 in chips) 
Mahu2021: posts small blind 40
Big Smashngrab: posts big blind 80
*** HOLE CARDS ***
Dealt to Mahu2021 [Th 6d]
tickler46: folds 
Mahu2021: calls 40
Big Smashngrab: checks 
*** FLOP *** [2c Qd Qc]
Mahu2021: bets 80
Big Smashngrab: folds 
Uncalled bet (80) returned to Mahu2021
Mahu2021 collected 160 from pot
Mahu2021: doesn't show hand 
*** SUMMARY ***
Total pot 160 | Rake 0 
Board [2c Qd Qc]
Seat 1: tickler46 (button) folded before Flop (didn't bet)
Seat 2: Mahu2021 (small blind) collected (160)
Seat 3: Big Smashngrab (big blind) folded on the Flop



PokerStars Hand #243268270887: Tournament #3581563364, $0.92+$0.08 USD Hold'em No Limit - Level V (40/80) - 2023/04/23 16:34:56 CET [2023/04/23 10:34:56 ET]
Table '3581563364 1' 3-max Seat #2 is the button
Seat 1: tickler46 (70 in chips) 
Seat 2: Mahu2021 (1140 in chips) 
Seat 3: Big Smashngrab (290 in chips) 
Big Smashngrab: posts small blind 40
tickler46: posts big blind 70 and is all-in
*** HOLE CARDS ***
Dealt to Mahu2021 [9c Kd]
Mahu2021: calls 80
Big Smashngrab: calls 40
*** FLOP *** [3d Ts Th]
Big Smashngrab: checks 
Mahu2021: checks 
*** TURN *** [3d Ts Th] [4s]
Big Smashngrab: checks 
Mahu2021: checks 
*** RIVER *** [3d Ts Th 4s] [Qh]
Big Smashngrab: checks 
Mahu2021: checks 
*** SHOW DOWN ***
Big Smashngrab: shows [5c 2h] (a pair of Tens)
Mahu2021: shows [9c Kd] (a pair of Tens - King kicker)
Mahu2021 collected 20 from side pot
tickler46: mucks hand 
Mahu2021 collected 210 from main pot
tickler46 finished the tournament in 3rd place
*** SUMMARY ***
Total pot 230 Main pot 210. Side pot 20. | Rake 0 
Board [3d Ts Th 4s Qh]
Seat 1: tickler46 (big blind) mucked [8h 9d]
Seat 2: Mahu2021 (button) showed [9c Kd] and won (230) with a pair of Tens
Seat 3: Big Smashngrab (small blind) showed [5c 2h] and lost with a pair of Tens



PokerStars Hand #243268276477: Tournament #3581563364, $0.92+$0.08 USD Hold'em No Limit - Level V (40/80) - 2023/04/23 16:35:14 CET [2023/04/23 10:35:14 ET]
Table '3581563364 1' 3-max Seat #3 is the button
Seat 2: Mahu2021 (1290 in chips) 
Seat 3: Big Smashngrab (210 in chips) 
Big Smashngrab: posts small blind 40
Mahu2021: posts big blind 80
*** HOLE CARDS ***
Dealt to Mahu2021 [5c 9s]
Big Smashngrab: calls 40
Mahu2021: checks 
*** FLOP *** [Ts Ad 6c]
Mahu2021: checks 
Big Smashngrab: checks 
*** TURN *** [Ts Ad 6c] [7c]
Mahu2021: bets 80
Big Smashngrab: raises 50 to 130 and is all-in
Mahu2021: calls 50
*** RIVER *** [Ts Ad 6c 7c] [9h]
*** SHOW DOWN ***
Mahu2021: shows [5c 9s] (a pair of Nines)
Big Smashngrab: shows [Ah 3s] (a pair of Aces)
Big Smashngrab collected 420 from pot
*** SUMMARY ***
Total pot 420 | Rake 0 
Board [Ts Ad 6c 7c 9h]
Seat 2: Mahu2021 (big blind) showed [5c 9s] and lost with a pair of Nines
Seat 3: Big Smashngrab (button) (small blind) showed [Ah 3s] and won (420) with a pair of Aces



PokerStars Hand #243268282211: Tournament #3581563364, $0.92+$0.08 USD Hold'em No Limit - Level V (40/80) - 2023/04/23 16:35:34 CET [2023/04/23 10:35:34 ET]
Table '3581563364 1' 3-max Seat #2 is the button
Seat 2: Mahu2021 (1080 in chips) 
Seat 3: Big Smashngrab (420 in chips) 
Mahu2021: posts small blind 40
Big Smashngrab: posts big blind 80
*** HOLE CARDS ***
Dealt to Mahu2021 [5d As]
Mahu2021: raises 1000 to 1080 and is all-in
Big Smashngrab: calls 340 and is all-in
Uncalled bet (660) returned to Mahu2021
*** FLOP *** [Kh 9s 5c]
*** TURN *** [Kh 9s 5c] [4d]
*** RIVER *** [Kh 9s 5c 4d] [2c]
*** SHOW DOWN ***
Big Smashngrab: shows [5h Kc] (two pair, Kings and Fives)
Mahu2021: shows [5d As] (a pair of Fives)
Big Smashngrab collected 840 from pot
*** SUMMARY ***
Total pot 840 | Rake 0 
Board [Kh 9s 5c 4d 2c]
Seat 2: Mahu2021 (button) (small blind) showed [5d As] and lost with a pair of Fives
Seat 3: Big Smashngrab (big blind) showed [5h Kc] and won (840) with two pair, Kings and Fives



PokerStars Hand #243268286344: Tournament #3581563364, $0.92+$0.08 USD Hold'em No Limit - Level V (40/80) - 2023/04/23 16:35:48 CET [2023/04/23 10:35:48 ET]
Table '3581563364 1' 3-max Seat #3 is the button
Seat 2: Mahu2021 (660 in chips) 
Seat 3: Big Smashngrab (840 in chips) 
Big Smashngrab: posts small blind 40
Mahu2021: posts big blind 80
*** HOLE CARDS ***
Dealt to Mahu2021 [5d 9d]
Big Smashngrab: calls 40
Mahu2021: checks 
*** FLOP *** [Qc 4d Ad]
Mahu2021: bets 80
Big Smashngrab: calls 80
*** TURN *** [Qc 4d Ad] [2d]
Mahu2021: bets 80
Big Smashngrab: calls 80
*** RIVER *** [Qc 4d Ad 2d] [Js]
Mahu2021: bets 420 and is all-in
Big Smashngrab: calls 420
*** SHOW DOWN ***
Mahu2021: shows [5d 9d] (a flush, Ace high)
Big Smashngrab: shows [Ah Td] (a pair of Aces)
Mahu2021 collected 1320 from pot
*** SUMMARY ***
Total pot 1320 | Rake 0 
Board [Qc 4d Ad 2d Js]
Seat 2: Mahu2021 (big blind) showed [5d 9d] and won (1320) with a flush, Ace high
Seat 3: Big Smashngrab (button) (small blind) showed [Ah Td] and lost with a pair of Aces



PokerStars Hand #243268291517: Tournament #3581563364, $0.92+$0.08 USD Hold'em No Limit - Level V (40/80) - 2023/04/23 16:36:06 CET [2023/04/23 10:36:06 ET]
Table '3581563364 1' 3-max Seat #2 is the button
Seat 2: Mahu2021 (1320 in chips) 
Seat 3: Big Smashngrab (180 in chips) 
Mahu2021: posts small blind 40
Big Smashngrab: posts big blind 80
*** HOLE CARDS ***
Dealt to Mahu2021 [7d 2d]
Mahu2021: folds 
Uncalled bet (40) returned to Big Smashngrab
Big Smashngrab collected 80 from pot
*** SUMMARY ***
Total pot 80 | Rake 0 
Seat 2: Mahu2021 (button) (small blind) folded before Flop
Seat 3: Big Smashngrab (big blind) collected (80)



PokerStars Hand #243268293724: Tournament #3581563364, $0.92+$0.08 USD Hold'em No Limit - Level VI (50/100) - 2023/04/23 16:36:14 CET [2023/04/23 10:36:14 ET]
Table '3581563364 1' 3-max Seat #3 is the button
Seat 2: Mahu2021 (1280 in chips) 
Seat 3: Big Smashngrab (220 in chips) 
Big Smashngrab: posts small blind 50
Mahu2021: posts big blind 100
*** HOLE CARDS ***
Dealt to Mahu2021 [Jc 3h]
Big Smashngrab: raises 100 to 200
Mahu2021: calls 100
*** FLOP *** [7h 6d Ad]
Mahu2021: checks 
Big Smashngrab: bets 20 and is all-in
Mahu2021: calls 20
*** TURN *** [7h 6d Ad] [Kd]
*** RIVER *** [7h 6d Ad Kd] [Ah]
*** SHOW DOWN ***
Mahu2021: shows [Jc 3h] (a pair of Aces)
Big Smashngrab: shows [Kh 9h] (two pair, Aces and Kings)
Big Smashngrab collected 440 from pot
*** SUMMARY ***
Total pot 440 | Rake 0 
Board [7h 6d Ad Kd Ah]
Seat 2: Mahu2021 (big blind) showed [Jc 3h] and lost with a pair of Aces
Seat 3: Big Smashngrab (button) (small blind) showed [Kh 9h] and won (440) with two pair, Aces and Kings



PokerStars Hand #243268298819: Tournament #3581563364, $0.92+$0.08 USD Hold'em No Limit - Level VI (50/100) - 2023/04/23 16:36:31 CET [2023/04/23 10:36:31 ET]
Table '3581563364 1' 3-max Seat #2 is the button
Seat 2: Mahu2021 (1060 in chips) 
Seat 3: Big Smashngrab (440 in chips) 
Mahu2021: posts small blind 50
Big Smashngrab: posts big blind 100
*** HOLE CARDS ***
Dealt to Mahu2021 [5c Jc]
Mahu2021: calls 50
Big Smashngrab: checks 
*** FLOP *** [8c Th Qc]
Big Smashngrab: bets 100
Mahu2021: calls 100
*** TURN *** [8c Th Qc] [Qd]
Big Smashngrab: bets 100
Mahu2021: calls 100
*** RIVER *** [8c Th Qc Qd] [9d]
Big Smashngrab: checks 
Mahu2021: bets 200
Big Smashngrab: calls 140 and is all-in
Uncalled bet (60) returned to Mahu2021
*** SHOW DOWN ***
Mahu2021: shows [5c Jc] (a straight, Eight to Queen)
Big Smashngrab: shows [Tc 6s] (two pair, Queens and Tens)
Mahu2021 collected 880 from pot
Big Smashngrab finished the tournament in 2nd place
Mahu2021 wins the tournament and receives $2.00 - congratulations!
*** SUMMARY ***
Total pot 880 | Rake 0 
Board [8c Th Qc Qd 9d]
Seat 2: Mahu2021 (button) (small blind) showed [5c Jc] and won (880) with a straight, Eight to Queen
Seat 3: Big Smashngrab (big blind) showed [Tc 6s] and lost with two pair, Queens and Tens



