PokerStars Hand #252897014849: Tournament #3811266620, $1.84+$0.16 USD Hold'em No Limit - Level I (10/20) - 2024/10/12 23:41:02 CET [2024/10/12 17:41:02 ET]
Table '3811266620 1' 3-max Seat #1 is the button
Seat 1: Maxim12330 (500 in chips) 
Seat 2: LekcjaPokory (500 in chips) 
Seat 3: Mahu2021 (500 in chips) 
LekcjaPokory: posts small blind 10
Mahu2021: posts big blind 20
*** HOLE CARDS ***
Dealt to Mahu2021 [3d 7s]
Maxim12330: folds 
LekcjaPokory: raises 40 to 60
Mahu2021: folds 
Uncalled bet (40) returned to LekcjaPokory
LekcjaPokory collected 40 from pot
LekcjaPokory: doesn't show hand 
*** SUMMARY ***
Total pot 40 | Rake 0 
Seat 1: Maxim12330 (button) folded before Flop (didn't bet)
Seat 2: LekcjaPokory (small blind) collected (40)
Seat 3: Mahu2021 (big blind) folded before Flop



PokerStars Hand #252897017660: Tournament #3811266620, $1.84+$0.16 USD Hold'em No Limit - Level I (10/20) - 2024/10/12 23:41:12 CET [2024/10/12 17:41:12 ET]
Table '3811266620 1' 3-max Seat #2 is the button
Seat 1: Maxim12330 (500 in chips) 
Seat 2: LekcjaPokory (520 in chips) 
Seat 3: Mahu2021 (480 in chips) 
Mahu2021: posts small blind 10
Maxim12330: posts big blind 20
*** HOLE CARDS ***
Dealt to Mahu2021 [7h 9c]
LekcjaPokory: folds 
Mahu2021: folds 
Uncalled bet (10) returned to Maxim12330
Maxim12330 collected 20 from pot
*** SUMMARY ***
Total pot 20 | Rake 0 
Seat 1: Maxim12330 (big blind) collected (20)
Seat 2: LekcjaPokory (button) folded before Flop (didn't bet)
Seat 3: Mahu2021 (small blind) folded before Flop



PokerStars Hand #252897019238: Tournament #3811266620, $1.84+$0.16 USD Hold'em No Limit - Level I (10/20) - 2024/10/12 23:41:18 CET [2024/10/12 17:41:18 ET]
Table '3811266620 1' 3-max Seat #3 is the button
Seat 1: Maxim12330 (510 in chips) 
Seat 2: LekcjaPokory (520 in chips) 
Seat 3: Mahu2021 (470 in chips) 
Maxim12330: posts small blind 10
LekcjaPokory: posts big blind 20
*** HOLE CARDS ***
Dealt to Mahu2021 [8s 6s]
Mahu2021: folds 
Maxim12330: raises 20 to 40
LekcjaPokory: calls 20
*** FLOP *** [Ad 9c 5s]
Maxim12330: checks 
LekcjaPokory: checks 
*** TURN *** [Ad 9c 5s] [Kd]
Maxim12330: bets 43
LekcjaPokory: raises 43 to 86
Maxim12330: raises 384 to 470 and is all-in
LekcjaPokory: folds 
Uncalled bet (384) returned to Maxim12330
Maxim12330 collected 252 from pot
*** SUMMARY ***
Total pot 252 | Rake 0 
Board [Ad 9c 5s Kd]
Seat 1: Maxim12330 (small blind) collected (252)
Seat 2: LekcjaPokory (big blind) folded on the Turn
Seat 3: Mahu2021 (button) folded before Flop (didn't bet)



PokerStars Hand #252897024698: Tournament #3811266620, $1.84+$0.16 USD Hold'em No Limit - Level I (10/20) - 2024/10/12 23:41:38 CET [2024/10/12 17:41:38 ET]
Table '3811266620 1' 3-max Seat #1 is the button
Seat 1: Maxim12330 (636 in chips) 
Seat 2: LekcjaPokory (394 in chips) 
Seat 3: Mahu2021 (470 in chips) 
LekcjaPokory: posts small blind 10
Mahu2021: posts big blind 20
*** HOLE CARDS ***
Dealt to Mahu2021 [5d Js]
Maxim12330: raises 20 to 40
LekcjaPokory: folds 
Mahu2021: calls 20
*** FLOP *** [2c 9d 3h]
Mahu2021: checks 
Maxim12330: checks 
*** TURN *** [2c 9d 3h] [5h]
Mahu2021: bets 40
Maxim12330: calls 40
*** RIVER *** [2c 9d 3h 5h] [As]
Mahu2021: checks 
Maxim12330: bets 44
Mahu2021: calls 44
*** SHOW DOWN ***
Maxim12330: shows [Jh Ah] (a pair of Aces)
Mahu2021: mucks hand 
Maxim12330 collected 258 from pot
*** SUMMARY ***
Total pot 258 | Rake 0 
Board [2c 9d 3h 5h As]
Seat 1: Maxim12330 (button) showed [Jh Ah] and won (258) with a pair of Aces
Seat 2: LekcjaPokory (small blind) folded before Flop
Seat 3: Mahu2021 (big blind) mucked [5d Js]



PokerStars Hand #252897029841: Tournament #3811266620, $1.84+$0.16 USD Hold'em No Limit - Level I (10/20) - 2024/10/12 23:41:57 CET [2024/10/12 17:41:57 ET]
Table '3811266620 1' 3-max Seat #2 is the button
Seat 1: Maxim12330 (770 in chips) 
Seat 2: LekcjaPokory (384 in chips) 
Seat 3: Mahu2021 (346 in chips) 
Mahu2021: posts small blind 10
Maxim12330: posts big blind 20
*** HOLE CARDS ***
Dealt to Mahu2021 [5h 3s]
LekcjaPokory: folds 
Mahu2021: calls 10
Maxim12330: checks 
*** FLOP *** [Jh Kd 6s]
Mahu2021: checks 
Maxim12330: checks 
*** TURN *** [Jh Kd 6s] [Td]
Mahu2021: checks 
Maxim12330: bets 20
Mahu2021: folds 
Uncalled bet (20) returned to Maxim12330
Maxim12330 collected 40 from pot
*** SUMMARY ***
Total pot 40 | Rake 0 
Board [Jh Kd 6s Td]
Seat 1: Maxim12330 (big blind) collected (40)
Seat 2: LekcjaPokory (button) folded before Flop (didn't bet)
Seat 3: Mahu2021 (small blind) folded on the Turn



PokerStars Hand #252897034618: Tournament #3811266620, $1.84+$0.16 USD Hold'em No Limit - Level I (10/20) - 2024/10/12 23:42:14 CET [2024/10/12 17:42:14 ET]
Table '3811266620 1' 3-max Seat #3 is the button
Seat 1: Maxim12330 (790 in chips) 
Seat 2: LekcjaPokory (384 in chips) 
Seat 3: Mahu2021 (326 in chips) 
Maxim12330: posts small blind 10
LekcjaPokory: posts big blind 20
*** HOLE CARDS ***
Dealt to Mahu2021 [Ah 3d]
Mahu2021: raises 20 to 40
Maxim12330: folds 
LekcjaPokory: calls 20
*** FLOP *** [9d Td 8d]
LekcjaPokory: checks 
Mahu2021: checks 
*** TURN *** [9d Td 8d] [7d]
LekcjaPokory: checks 
Mahu2021: bets 90
LekcjaPokory: folds 
Uncalled bet (90) returned to Mahu2021
Mahu2021 collected 90 from pot
Mahu2021: doesn't show hand 
*** SUMMARY ***
Total pot 90 | Rake 0 
Board [9d Td 8d 7d]
Seat 1: Maxim12330 (small blind) folded before Flop
Seat 2: LekcjaPokory (big blind) folded on the Turn
Seat 3: Mahu2021 (button) collected (90)



PokerStars Hand #252897038393: Tournament #3811266620, $1.84+$0.16 USD Hold'em No Limit - Level I (10/20) - 2024/10/12 23:42:27 CET [2024/10/12 17:42:27 ET]
Table '3811266620 1' 3-max Seat #1 is the button
Seat 1: Maxim12330 (780 in chips) 
Seat 2: LekcjaPokory (344 in chips) 
Seat 3: Mahu2021 (376 in chips) 
LekcjaPokory: posts small blind 10
Mahu2021: posts big blind 20
*** HOLE CARDS ***
Dealt to Mahu2021 [Ts 9d]
Maxim12330: folds 
LekcjaPokory: folds 
Uncalled bet (10) returned to Mahu2021
Mahu2021 collected 20 from pot
Mahu2021: doesn't show hand 
*** SUMMARY ***
Total pot 20 | Rake 0 
Seat 1: Maxim12330 (button) folded before Flop (didn't bet)
Seat 2: LekcjaPokory (small blind) folded before Flop
Seat 3: Mahu2021 (big blind) collected (20)



PokerStars Hand #252897039622: Tournament #3811266620, $1.84+$0.16 USD Hold'em No Limit - Level I (10/20) - 2024/10/12 23:42:32 CET [2024/10/12 17:42:32 ET]
Table '3811266620 1' 3-max Seat #2 is the button
Seat 1: Maxim12330 (780 in chips) 
Seat 2: LekcjaPokory (334 in chips) 
Seat 3: Mahu2021 (386 in chips) 
Mahu2021: posts small blind 10
Maxim12330: posts big blind 20
*** HOLE CARDS ***
Dealt to Mahu2021 [3d Qd]
LekcjaPokory: raises 20 to 40
Mahu2021: calls 30
Maxim12330: folds 
*** FLOP *** [Qh Jc Qc]
Mahu2021: checks 
LekcjaPokory: bets 40
Mahu2021: calls 40
*** TURN *** [Qh Jc Qc] [6c]
Mahu2021: checks 
LekcjaPokory: bets 254 and is all-in
Mahu2021: calls 254
*** RIVER *** [Qh Jc Qc 6c] [Kh]
*** SHOW DOWN ***
Mahu2021: shows [3d Qd] (three of a kind, Queens)
LekcjaPokory: shows [Ts 6s] (two pair, Queens and Sixes)
Mahu2021 collected 688 from pot
LekcjaPokory finished the tournament in 3rd place
*** SUMMARY ***
Total pot 688 | Rake 0 
Board [Qh Jc Qc 6c Kh]
Seat 1: Maxim12330 (big blind) folded before Flop
Seat 2: LekcjaPokory (button) showed [Ts 6s] and lost with two pair, Queens and Sixes
Seat 3: Mahu2021 (small blind) showed [3d Qd] and won (688) with three of a kind, Queens



PokerStars Hand #252897046362: Tournament #3811266620, $1.84+$0.16 USD Hold'em No Limit - Level I (10/20) - 2024/10/12 23:42:56 CET [2024/10/12 17:42:56 ET]
Table '3811266620 1' 3-max Seat #1 is the button
Seat 1: Maxim12330 (760 in chips) 
Seat 3: Mahu2021 (740 in chips) 
Maxim12330: posts small blind 10
Mahu2021: posts big blind 20
*** HOLE CARDS ***
Dealt to Mahu2021 [8s As]
Maxim12330: raises 20 to 40
Mahu2021: calls 20
*** FLOP *** [3d 4d 5s]
Mahu2021: checks 
Maxim12330: checks 
*** TURN *** [3d 4d 5s] [8h]
Mahu2021: bets 40
Maxim12330: calls 40
*** RIVER *** [3d 4d 5s 8h] [4h]
Mahu2021: bets 40
Maxim12330: calls 40
*** SHOW DOWN ***
Mahu2021: shows [8s As] (two pair, Eights and Fours)
Maxim12330: shows [Ac 8c] (two pair, Eights and Fours)
Mahu2021 collected 120 from pot
Maxim12330 collected 120 from pot
*** SUMMARY ***
Total pot 240 | Rake 0 
Board [3d 4d 5s 8h 4h]
Seat 1: Maxim12330 (button) (small blind) showed [Ac 8c] and won (120) with two pair, Eights and Fours
Seat 3: Mahu2021 (big blind) showed [8s As] and won (120) with two pair, Eights and Fours



PokerStars Hand #252897053063: Tournament #3811266620, $1.84+$0.16 USD Hold'em No Limit - Level I (10/20) - 2024/10/12 23:43:20 CET [2024/10/12 17:43:20 ET]
Table '3811266620 1' 3-max Seat #3 is the button
Seat 1: Maxim12330 (760 in chips) 
Seat 3: Mahu2021 (740 in chips) 
Mahu2021: posts small blind 10
Maxim12330: posts big blind 20
*** HOLE CARDS ***
Dealt to Mahu2021 [2h Td]
Mahu2021: folds 
Uncalled bet (10) returned to Maxim12330
Maxim12330 collected 20 from pot
*** SUMMARY ***
Total pot 20 | Rake 0 
Seat 1: Maxim12330 (big blind) collected (20)
Seat 3: Mahu2021 (button) (small blind) folded before Flop



PokerStars Hand #252897054211: Tournament #3811266620, $1.84+$0.16 USD Hold'em No Limit - Level I (10/20) - 2024/10/12 23:43:25 CET [2024/10/12 17:43:25 ET]
Table '3811266620 1' 3-max Seat #1 is the button
Seat 1: Maxim12330 (770 in chips) 
Seat 3: Mahu2021 (730 in chips) 
Maxim12330: posts small blind 10
Mahu2021: posts big blind 20
*** HOLE CARDS ***
Dealt to Mahu2021 [5h 4s]
Maxim12330: calls 10
Mahu2021: checks 
*** FLOP *** [Ah 6c 5d]
Mahu2021: checks 
Maxim12330: checks 
*** TURN *** [Ah 6c 5d] [Ac]
Mahu2021: bets 40
Maxim12330: calls 40
*** RIVER *** [Ah 6c 5d Ac] [Jc]
Mahu2021: checks 
Maxim12330: checks 
*** SHOW DOWN ***
Mahu2021: shows [5h 4s] (two pair, Aces and Fives)
Maxim12330: shows [5c Qs] (two pair, Aces and Fives - Queen kicker)
Maxim12330 collected 120 from pot
*** SUMMARY ***
Total pot 120 | Rake 0 
Board [Ah 6c 5d Ac Jc]
Seat 1: Maxim12330 (button) (small blind) showed [5c Qs] and won (120) with two pair, Aces and Fives
Seat 3: Mahu2021 (big blind) showed [5h 4s] and lost with two pair, Aces and Fives



PokerStars Hand #252897059306: Tournament #3811266620, $1.84+$0.16 USD Hold'em No Limit - Level I (10/20) - 2024/10/12 23:43:43 CET [2024/10/12 17:43:43 ET]
Table '3811266620 1' 3-max Seat #3 is the button
Seat 1: Maxim12330 (830 in chips) 
Seat 3: Mahu2021 (670 in chips) 
Mahu2021: posts small blind 10
Maxim12330: posts big blind 20
*** HOLE CARDS ***
Dealt to Mahu2021 [Kc Jh]
Mahu2021: raises 40 to 60
Maxim12330: calls 40
*** FLOP *** [Jd 5d Ts]
Maxim12330: checks 
Mahu2021: bets 40
Maxim12330: calls 40
*** TURN *** [Jd 5d Ts] [5h]
Maxim12330: checks 
Mahu2021: bets 40
Maxim12330: calls 40
*** RIVER *** [Jd 5d Ts 5h] [As]
Maxim12330: checks 
Mahu2021: checks 
*** SHOW DOWN ***
Maxim12330: shows [8c 7d] (a pair of Fives)
Mahu2021: shows [Kc Jh] (two pair, Jacks and Fives)
Mahu2021 collected 280 from pot
*** SUMMARY ***
Total pot 280 | Rake 0 
Board [Jd 5d Ts 5h As]
Seat 1: Maxim12330 (big blind) showed [8c 7d] and lost with a pair of Fives
Seat 3: Mahu2021 (button) (small blind) showed [Kc Jh] and won (280) with two pair, Jacks and Fives



PokerStars Hand #252897064039: Tournament #3811266620, $1.84+$0.16 USD Hold'em No Limit - Level I (10/20) - 2024/10/12 23:44:00 CET [2024/10/12 17:44:00 ET]
Table '3811266620 1' 3-max Seat #1 is the button
Seat 1: Maxim12330 (690 in chips) 
Seat 3: Mahu2021 (810 in chips) 
Maxim12330: posts small blind 10
Mahu2021: posts big blind 20
*** HOLE CARDS ***
Dealt to Mahu2021 [4s 9s]
Maxim12330: raises 20 to 40
Mahu2021: folds 
Uncalled bet (20) returned to Maxim12330
Maxim12330 collected 40 from pot
*** SUMMARY ***
Total pot 40 | Rake 0 
Seat 1: Maxim12330 (button) (small blind) collected (40)
Seat 3: Mahu2021 (big blind) folded before Flop



PokerStars Hand #252897066331: Tournament #3811266620, $1.84+$0.16 USD Hold'em No Limit - Level II (15/30) - 2024/10/12 23:44:08 CET [2024/10/12 17:44:08 ET]
Table '3811266620 1' 3-max Seat #3 is the button
Seat 1: Maxim12330 (710 in chips) 
Seat 3: Mahu2021 (790 in chips) 
Mahu2021: posts small blind 15
Maxim12330: posts big blind 30
*** HOLE CARDS ***
Dealt to Mahu2021 [3d 3h]
Mahu2021: raises 30 to 60
Maxim12330: calls 30
*** FLOP *** [Ac Th 4h]
Maxim12330: checks 
Mahu2021: bets 60
Maxim12330: raises 60 to 120
Mahu2021: folds 
Uncalled bet (60) returned to Maxim12330
Maxim12330 collected 240 from pot
*** SUMMARY ***
Total pot 240 | Rake 0 
Board [Ac Th 4h]
Seat 1: Maxim12330 (big blind) collected (240)
Seat 3: Mahu2021 (button) (small blind) folded on the Flop



PokerStars Hand #252897069990: Tournament #3811266620, $1.84+$0.16 USD Hold'em No Limit - Level II (15/30) - 2024/10/12 23:44:21 CET [2024/10/12 17:44:21 ET]
Table '3811266620 1' 3-max Seat #1 is the button
Seat 1: Maxim12330 (830 in chips) 
Seat 3: Mahu2021 (670 in chips) 
Maxim12330: posts small blind 15
Mahu2021: posts big blind 30
*** HOLE CARDS ***
Dealt to Mahu2021 [7c 2c]
Maxim12330: calls 15
Mahu2021: checks 
*** FLOP *** [Ac 2d 3c]
Mahu2021: checks 
Maxim12330: bets 30
Mahu2021: calls 30
*** TURN *** [Ac 2d 3c] [Ah]
Mahu2021: checks 
Maxim12330: bets 94
Mahu2021: calls 94
*** RIVER *** [Ac 2d 3c Ah] [5d]
Mahu2021: checks 
Maxim12330: checks 
*** SHOW DOWN ***
Mahu2021: shows [7c 2c] (two pair, Aces and Deuces)
Maxim12330: shows [3h Kd] (two pair, Aces and Threes)
Maxim12330 collected 308 from pot
*** SUMMARY ***
Total pot 308 | Rake 0 
Board [Ac 2d 3c Ah 5d]
Seat 1: Maxim12330 (button) (small blind) showed [3h Kd] and won (308) with two pair, Aces and Threes
Seat 3: Mahu2021 (big blind) showed [7c 2c] and lost with two pair, Aces and Deuces



PokerStars Hand #252897074228: Tournament #3811266620, $1.84+$0.16 USD Hold'em No Limit - Level II (15/30) - 2024/10/12 23:44:37 CET [2024/10/12 17:44:37 ET]
Table '3811266620 1' 3-max Seat #3 is the button
Seat 1: Maxim12330 (984 in chips) 
Seat 3: Mahu2021 (516 in chips) 
Mahu2021: posts small blind 15
Maxim12330: posts big blind 30
*** HOLE CARDS ***
Dealt to Mahu2021 [Kd Ts]
Mahu2021: raises 30 to 60
Maxim12330: calls 30
*** FLOP *** [4c 2s 8s]
Maxim12330: checks 
Mahu2021: checks 
*** TURN *** [4c 2s 8s] [9h]
Maxim12330: checks 
Mahu2021: checks 
*** RIVER *** [4c 2s 8s 9h] [Qd]
Maxim12330: checks 
Mahu2021: bets 120
Maxim12330: folds 
Uncalled bet (120) returned to Mahu2021
Mahu2021 collected 120 from pot
Mahu2021: doesn't show hand 
*** SUMMARY ***
Total pot 120 | Rake 0 
Board [4c 2s 8s 9h Qd]
Seat 1: Maxim12330 (big blind) folded on the River
Seat 3: Mahu2021 (button) (small blind) collected (120)



PokerStars Hand #252897079147: Tournament #3811266620, $1.84+$0.16 USD Hold'em No Limit - Level II (15/30) - 2024/10/12 23:44:55 CET [2024/10/12 17:44:55 ET]
Table '3811266620 1' 3-max Seat #1 is the button
Seat 1: Maxim12330 (924 in chips) 
Seat 3: Mahu2021 (576 in chips) 
Maxim12330: posts small blind 15
Mahu2021: posts big blind 30
*** HOLE CARDS ***
Dealt to Mahu2021 [9d Ah]
Maxim12330: calls 15
Mahu2021: checks 
*** FLOP *** [8h Ac 3s]
Mahu2021: checks 
Maxim12330: bets 30
Mahu2021: calls 30
*** TURN *** [8h Ac 3s] [Ts]
Mahu2021: checks 
Maxim12330: checks 
*** RIVER *** [8h Ac 3s Ts] [9s]
Mahu2021: bets 120
Maxim12330: calls 120
*** SHOW DOWN ***
Mahu2021: shows [9d Ah] (two pair, Aces and Nines)
Maxim12330: mucks hand 
Mahu2021 collected 360 from pot
*** SUMMARY ***
Total pot 360 | Rake 0 
Board [8h Ac 3s Ts 9s]
Seat 1: Maxim12330 (button) (small blind) mucked [8s 7h]
Seat 3: Mahu2021 (big blind) showed [9d Ah] and won (360) with two pair, Aces and Nines



PokerStars Hand #252897083547: Tournament #3811266620, $1.84+$0.16 USD Hold'em No Limit - Level II (15/30) - 2024/10/12 23:45:11 CET [2024/10/12 17:45:11 ET]
Table '3811266620 1' 3-max Seat #3 is the button
Seat 1: Maxim12330 (744 in chips) 
Seat 3: Mahu2021 (756 in chips) 
Mahu2021: posts small blind 15
Maxim12330: posts big blind 30
*** HOLE CARDS ***
Dealt to Mahu2021 [6d 5s]
Mahu2021: calls 15
Maxim12330: checks 
*** FLOP *** [5h 4h 8s]
Maxim12330: checks 
Mahu2021: bets 30
Maxim12330: calls 30
*** TURN *** [5h 4h 8s] [9d]
Maxim12330: checks 
Mahu2021: bets 30
Maxim12330: calls 30
*** RIVER *** [5h 4h 8s 9d] [9s]
Maxim12330: checks 
Mahu2021: checks 
*** SHOW DOWN ***
Maxim12330: shows [Td 7h] (a pair of Nines)
Mahu2021: shows [6d 5s] (two pair, Nines and Fives)
Mahu2021 collected 180 from pot
*** SUMMARY ***
Total pot 180 | Rake 0 
Board [5h 4h 8s 9d 9s]
Seat 1: Maxim12330 (big blind) showed [Td 7h] and lost with a pair of Nines
Seat 3: Mahu2021 (button) (small blind) showed [6d 5s] and won (180) with two pair, Nines and Fives



PokerStars Hand #252897088931: Tournament #3811266620, $1.84+$0.16 USD Hold'em No Limit - Level II (15/30) - 2024/10/12 23:45:30 CET [2024/10/12 17:45:30 ET]
Table '3811266620 1' 3-max Seat #1 is the button
Seat 1: Maxim12330 (654 in chips) 
Seat 3: Mahu2021 (846 in chips) 
Maxim12330: posts small blind 15
Mahu2021: posts big blind 30
*** HOLE CARDS ***
Dealt to Mahu2021 [2s 4c]
Maxim12330: raises 30 to 60
Mahu2021: folds 
Uncalled bet (30) returned to Maxim12330
Maxim12330 collected 60 from pot
*** SUMMARY ***
Total pot 60 | Rake 0 
Seat 1: Maxim12330 (button) (small blind) collected (60)
Seat 3: Mahu2021 (big blind) folded before Flop



PokerStars Hand #252897090382: Tournament #3811266620, $1.84+$0.16 USD Hold'em No Limit - Level II (15/30) - 2024/10/12 23:45:36 CET [2024/10/12 17:45:36 ET]
Table '3811266620 1' 3-max Seat #3 is the button
Seat 1: Maxim12330 (684 in chips) 
Seat 3: Mahu2021 (816 in chips) 
Mahu2021: posts small blind 15
Maxim12330: posts big blind 30
*** HOLE CARDS ***
Dealt to Mahu2021 [Jc 3s]
Mahu2021: calls 15
Maxim12330: checks 
*** FLOP *** [7h 9h Js]
Maxim12330: checks 
Mahu2021: bets 30
Maxim12330: folds 
Uncalled bet (30) returned to Mahu2021
Mahu2021 collected 60 from pot
Mahu2021: doesn't show hand 
*** SUMMARY ***
Total pot 60 | Rake 0 
Board [7h 9h Js]
Seat 1: Maxim12330 (big blind) folded on the Flop
Seat 3: Mahu2021 (button) (small blind) collected (60)



PokerStars Hand #252897093023: Tournament #3811266620, $1.84+$0.16 USD Hold'em No Limit - Level II (15/30) - 2024/10/12 23:45:45 CET [2024/10/12 17:45:45 ET]
Table '3811266620 1' 3-max Seat #1 is the button
Seat 1: Maxim12330 (654 in chips) 
Seat 3: Mahu2021 (846 in chips) 
Maxim12330: posts small blind 15
Mahu2021: posts big blind 30
*** HOLE CARDS ***
Dealt to Mahu2021 [5d 9s]
Maxim12330: calls 15
Mahu2021: checks 
*** FLOP *** [8s 6c Ts]
Mahu2021: checks 
Maxim12330: checks 
*** TURN *** [8s 6c Ts] [8c]
Mahu2021: checks 
Maxim12330: bets 30
Mahu2021: folds 
Uncalled bet (30) returned to Maxim12330
Maxim12330 collected 60 from pot
*** SUMMARY ***
Total pot 60 | Rake 0 
Board [8s 6c Ts 8c]
Seat 1: Maxim12330 (button) (small blind) collected (60)
Seat 3: Mahu2021 (big blind) folded on the Turn



PokerStars Hand #252897096503: Tournament #3811266620, $1.84+$0.16 USD Hold'em No Limit - Level II (15/30) - 2024/10/12 23:45:58 CET [2024/10/12 17:45:58 ET]
Table '3811266620 1' 3-max Seat #3 is the button
Seat 1: Maxim12330 (684 in chips) 
Seat 3: Mahu2021 (816 in chips) 
Mahu2021: posts small blind 15
Maxim12330: posts big blind 30
*** HOLE CARDS ***
Dealt to Mahu2021 [3s 2d]
Mahu2021: folds 
Uncalled bet (15) returned to Maxim12330
Maxim12330 collected 30 from pot
*** SUMMARY ***
Total pot 30 | Rake 0 
Seat 1: Maxim12330 (big blind) collected (30)
Seat 3: Mahu2021 (button) (small blind) folded before Flop



PokerStars Hand #252897097686: Tournament #3811266620, $1.84+$0.16 USD Hold'em No Limit - Level II (15/30) - 2024/10/12 23:46:02 CET [2024/10/12 17:46:02 ET]
Table '3811266620 1' 3-max Seat #1 is the button
Seat 1: Maxim12330 (699 in chips) 
Seat 3: Mahu2021 (801 in chips) 
Maxim12330: posts small blind 15
Mahu2021: posts big blind 30
*** HOLE CARDS ***
Dealt to Mahu2021 [6s 5c]
Maxim12330: calls 15
Mahu2021: checks 
*** FLOP *** [4h 9c 3d]
Mahu2021: checks 
Maxim12330: bets 30
Mahu2021: calls 30
*** TURN *** [4h 9c 3d] [8s]
Mahu2021: checks 
Maxim12330: bets 65
Mahu2021: calls 65
*** RIVER *** [4h 9c 3d 8s] [7d]
Mahu2021: bets 676 and is all-in
Maxim12330: folds 
Uncalled bet (676) returned to Mahu2021
Mahu2021 collected 250 from pot
Mahu2021: doesn't show hand 
*** SUMMARY ***
Total pot 250 | Rake 0 
Board [4h 9c 3d 8s 7d]
Seat 1: Maxim12330 (button) (small blind) folded on the River
Seat 3: Mahu2021 (big blind) collected (250)



PokerStars Hand #252897102078: Tournament #3811266620, $1.84+$0.16 USD Hold'em No Limit - Level II (15/30) - 2024/10/12 23:46:18 CET [2024/10/12 17:46:18 ET]
Table '3811266620 1' 3-max Seat #3 is the button
Seat 1: Maxim12330 (574 in chips) 
Seat 3: Mahu2021 (926 in chips) 
Mahu2021: posts small blind 15
Maxim12330: posts big blind 30
*** HOLE CARDS ***
Dealt to Mahu2021 [7d Jd]
Mahu2021: calls 15
Maxim12330: checks 
*** FLOP *** [Ac 7c Th]
Maxim12330: checks 
Mahu2021: bets 30
Maxim12330: folds 
Uncalled bet (30) returned to Mahu2021
Mahu2021 collected 60 from pot
Mahu2021: doesn't show hand 
*** SUMMARY ***
Total pot 60 | Rake 0 
Board [Ac 7c Th]
Seat 1: Maxim12330 (big blind) folded on the Flop
Seat 3: Mahu2021 (button) (small blind) collected (60)



PokerStars Hand #252897105272: Tournament #3811266620, $1.84+$0.16 USD Hold'em No Limit - Level II (15/30) - 2024/10/12 23:46:30 CET [2024/10/12 17:46:30 ET]
Table '3811266620 1' 3-max Seat #1 is the button
Seat 1: Maxim12330 (544 in chips) 
Seat 3: Mahu2021 (956 in chips) 
Maxim12330: posts small blind 15
Mahu2021: posts big blind 30
*** HOLE CARDS ***
Dealt to Mahu2021 [8h 3c]
Maxim12330: calls 15
Mahu2021: checks 
*** FLOP *** [Kh 7d 5h]
Mahu2021: checks 
Maxim12330: bets 30
Mahu2021: folds 
Uncalled bet (30) returned to Maxim12330
Maxim12330 collected 60 from pot
*** SUMMARY ***
Total pot 60 | Rake 0 
Board [Kh 7d 5h]
Seat 1: Maxim12330 (button) (small blind) collected (60)
Seat 3: Mahu2021 (big blind) folded on the Flop



PokerStars Hand #252897107732: Tournament #3811266620, $1.84+$0.16 USD Hold'em No Limit - Level II (15/30) - 2024/10/12 23:46:39 CET [2024/10/12 17:46:39 ET]
Table '3811266620 1' 3-max Seat #3 is the button
Seat 1: Maxim12330 (574 in chips) 
Seat 3: Mahu2021 (926 in chips) 
Mahu2021: posts small blind 15
Maxim12330: posts big blind 30
*** HOLE CARDS ***
Dealt to Mahu2021 [4d Kh]
Mahu2021: calls 15
Maxim12330: raises 60 to 90
Mahu2021: folds 
Uncalled bet (60) returned to Maxim12330
Maxim12330 collected 60 from pot
*** SUMMARY ***
Total pot 60 | Rake 0 
Seat 1: Maxim12330 (big blind) collected (60)
Seat 3: Mahu2021 (button) (small blind) folded before Flop



PokerStars Hand #252897109949: Tournament #3811266620, $1.84+$0.16 USD Hold'em No Limit - Level II (15/30) - 2024/10/12 23:46:47 CET [2024/10/12 17:46:47 ET]
Table '3811266620 1' 3-max Seat #1 is the button
Seat 1: Maxim12330 (604 in chips) 
Seat 3: Mahu2021 (896 in chips) 
Maxim12330: posts small blind 15
Mahu2021: posts big blind 30
*** HOLE CARDS ***
Dealt to Mahu2021 [Js As]
Maxim12330: calls 15
Mahu2021: raises 90 to 120
Maxim12330: folds 
Uncalled bet (90) returned to Mahu2021
Mahu2021 collected 60 from pot
Mahu2021: doesn't show hand 
*** SUMMARY ***
Total pot 60 | Rake 0 
Seat 1: Maxim12330 (button) (small blind) folded before Flop
Seat 3: Mahu2021 (big blind) collected (60)



PokerStars Hand #252897111782: Tournament #3811266620, $1.84+$0.16 USD Hold'em No Limit - Level II (15/30) - 2024/10/12 23:46:54 CET [2024/10/12 17:46:54 ET]
Table '3811266620 1' 3-max Seat #3 is the button
Seat 1: Maxim12330 (574 in chips) 
Seat 3: Mahu2021 (926 in chips) 
Mahu2021: posts small blind 15
Maxim12330: posts big blind 30
*** HOLE CARDS ***
Dealt to Mahu2021 [As 5c]
Mahu2021: raises 30 to 60
Maxim12330: calls 30
*** FLOP *** [Th 3d Ts]
Maxim12330: checks 
Mahu2021: bets 60
Maxim12330: raises 60 to 120
Mahu2021: calls 60
*** TURN *** [Th 3d Ts] [4d]
Maxim12330: checks 
Mahu2021: bets 746 and is all-in
Maxim12330: folds 
Uncalled bet (746) returned to Mahu2021
Mahu2021 collected 360 from pot
Mahu2021: doesn't show hand 
*** SUMMARY ***
Total pot 360 | Rake 0 
Board [Th 3d Ts 4d]
Seat 1: Maxim12330 (big blind) folded on the Turn
Seat 3: Mahu2021 (button) (small blind) collected (360)



PokerStars Hand #252897117453: Tournament #3811266620, $1.84+$0.16 USD Hold'em No Limit - Level III (20/40) - 2024/10/12 23:47:15 CET [2024/10/12 17:47:15 ET]
Table '3811266620 1' 3-max Seat #1 is the button
Seat 1: Maxim12330 (394 in chips) 
Seat 3: Mahu2021 (1106 in chips) 
Maxim12330: posts small blind 20
Mahu2021: posts big blind 40
*** HOLE CARDS ***
Dealt to Mahu2021 [8d Ah]
Maxim12330: calls 20
Mahu2021: checks 
*** FLOP *** [Qc 5s 9c]
Mahu2021: checks 
Maxim12330: checks 
*** TURN *** [Qc 5s 9c] [9s]
Mahu2021: checks 
Maxim12330: bets 40
Mahu2021: calls 40
*** RIVER *** [Qc 5s 9c 9s] [5d]
Mahu2021: checks 
Maxim12330: checks 
*** SHOW DOWN ***
Mahu2021: shows [8d Ah] (two pair, Nines and Fives)
Maxim12330: mucks hand 
Mahu2021 collected 160 from pot
*** SUMMARY ***
Total pot 160 | Rake 0 
Board [Qc 5s 9c 9s 5d]
Seat 1: Maxim12330 (button) (small blind) mucked [Th 4h]
Seat 3: Mahu2021 (big blind) showed [8d Ah] and won (160) with two pair, Nines and Fives



PokerStars Hand #252897121886: Tournament #3811266620, $1.84+$0.16 USD Hold'em No Limit - Level III (20/40) - 2024/10/12 23:47:31 CET [2024/10/12 17:47:31 ET]
Table '3811266620 1' 3-max Seat #3 is the button
Seat 1: Maxim12330 (314 in chips) 
Seat 3: Mahu2021 (1186 in chips) 
Mahu2021: posts small blind 20
Maxim12330: posts big blind 40
*** HOLE CARDS ***
Dealt to Mahu2021 [Jh 5s]
Mahu2021: calls 20
Maxim12330: raises 274 to 314 and is all-in
Mahu2021: folds 
Uncalled bet (274) returned to Maxim12330
Maxim12330 collected 80 from pot
*** SUMMARY ***
Total pot 80 | Rake 0 
Seat 1: Maxim12330 (big blind) collected (80)
Seat 3: Mahu2021 (button) (small blind) folded before Flop



PokerStars Hand #252897123926: Tournament #3811266620, $1.84+$0.16 USD Hold'em No Limit - Level III (20/40) - 2024/10/12 23:47:39 CET [2024/10/12 17:47:39 ET]
Table '3811266620 1' 3-max Seat #1 is the button
Seat 1: Maxim12330 (354 in chips) 
Seat 3: Mahu2021 (1146 in chips) 
Maxim12330: posts small blind 20
Mahu2021: posts big blind 40
*** HOLE CARDS ***
Dealt to Mahu2021 [8d Ah]
Maxim12330: calls 20
Mahu2021: raises 80 to 120
Maxim12330: calls 80
*** FLOP *** [9h Kd 4s]
Mahu2021: checks 
Maxim12330: checks 
*** TURN *** [9h Kd 4s] [3d]
Mahu2021: bets 80
Maxim12330: raises 154 to 234 and is all-in
Mahu2021: folds 
Uncalled bet (154) returned to Maxim12330
Maxim12330 collected 400 from pot
*** SUMMARY ***
Total pot 400 | Rake 0 
Board [9h Kd 4s 3d]
Seat 1: Maxim12330 (button) (small blind) collected (400)
Seat 3: Mahu2021 (big blind) folded on the Turn



PokerStars Hand #252897129618: Tournament #3811266620, $1.84+$0.16 USD Hold'em No Limit - Level III (20/40) - 2024/10/12 23:47:59 CET [2024/10/12 17:47:59 ET]
Table '3811266620 1' 3-max Seat #3 is the button
Seat 1: Maxim12330 (554 in chips) 
Seat 3: Mahu2021 (946 in chips) 
Mahu2021: posts small blind 20
Maxim12330: posts big blind 40
*** HOLE CARDS ***
Dealt to Mahu2021 [6c 8c]
Mahu2021: calls 20
Maxim12330: raises 514 to 554 and is all-in
Mahu2021: folds 
Uncalled bet (514) returned to Maxim12330
Maxim12330 collected 80 from pot
*** SUMMARY ***
Total pot 80 | Rake 0 
Seat 1: Maxim12330 (big blind) collected (80)
Seat 3: Mahu2021 (button) (small blind) folded before Flop



PokerStars Hand #252897131707: Tournament #3811266620, $1.84+$0.16 USD Hold'em No Limit - Level III (20/40) - 2024/10/12 23:48:07 CET [2024/10/12 17:48:07 ET]
Table '3811266620 1' 3-max Seat #1 is the button
Seat 1: Maxim12330 (594 in chips) 
Seat 3: Mahu2021 (906 in chips) 
Maxim12330: posts small blind 20
Mahu2021: posts big blind 40
*** HOLE CARDS ***
Dealt to Mahu2021 [3d Kd]
Maxim12330: calls 20
Mahu2021: checks 
*** FLOP *** [Ac Ks Qs]
Mahu2021: checks 
Maxim12330: checks 
*** TURN *** [Ac Ks Qs] [5c]
Mahu2021: checks 
Maxim12330: checks 
*** RIVER *** [Ac Ks Qs 5c] [Th]
Mahu2021: bets 80
Maxim12330: folds 
Uncalled bet (80) returned to Mahu2021
Mahu2021 collected 80 from pot
Mahu2021: doesn't show hand 
*** SUMMARY ***
Total pot 80 | Rake 0 
Board [Ac Ks Qs 5c Th]
Seat 1: Maxim12330 (button) (small blind) folded on the River
Seat 3: Mahu2021 (big blind) collected (80)



PokerStars Hand #252897135795: Tournament #3811266620, $1.84+$0.16 USD Hold'em No Limit - Level III (20/40) - 2024/10/12 23:48:22 CET [2024/10/12 17:48:22 ET]
Table '3811266620 1' 3-max Seat #3 is the button
Seat 1: Maxim12330 (554 in chips) 
Seat 3: Mahu2021 (946 in chips) 
Mahu2021: posts small blind 20
Maxim12330: posts big blind 40
*** HOLE CARDS ***
Dealt to Mahu2021 [9c 3d]
Mahu2021: folds 
Uncalled bet (20) returned to Maxim12330
Maxim12330 collected 40 from pot
*** SUMMARY ***
Total pot 40 | Rake 0 
Seat 1: Maxim12330 (big blind) collected (40)
Seat 3: Mahu2021 (button) (small blind) folded before Flop



PokerStars Hand #252897136977: Tournament #3811266620, $1.84+$0.16 USD Hold'em No Limit - Level III (20/40) - 2024/10/12 23:48:26 CET [2024/10/12 17:48:26 ET]
Table '3811266620 1' 3-max Seat #1 is the button
Seat 1: Maxim12330 (574 in chips) 
Seat 3: Mahu2021 (926 in chips) 
Maxim12330: posts small blind 20
Mahu2021: posts big blind 40
*** HOLE CARDS ***
Dealt to Mahu2021 [Td 6d]
Maxim12330: raises 40 to 80
Mahu2021: calls 40
*** FLOP *** [Qd 7h 3c]
Mahu2021: checks 
Maxim12330: checks 
*** TURN *** [Qd 7h 3c] [2c]
Mahu2021: checks 
Maxim12330: bets 40
Mahu2021: folds 
Uncalled bet (40) returned to Maxim12330
Maxim12330 collected 160 from pot
*** SUMMARY ***
Total pot 160 | Rake 0 
Board [Qd 7h 3c 2c]
Seat 1: Maxim12330 (button) (small blind) collected (160)
Seat 3: Mahu2021 (big blind) folded on the Turn



PokerStars Hand #252897140630: Tournament #3811266620, $1.84+$0.16 USD Hold'em No Limit - Level III (20/40) - 2024/10/12 23:48:40 CET [2024/10/12 17:48:40 ET]
Table '3811266620 1' 3-max Seat #3 is the button
Seat 1: Maxim12330 (654 in chips) 
Seat 3: Mahu2021 (846 in chips) 
Mahu2021: posts small blind 20
Maxim12330: posts big blind 40
*** HOLE CARDS ***
Dealt to Mahu2021 [Qd Js]
Mahu2021: raises 80 to 120
Maxim12330: calls 80
*** FLOP *** [Qh Qc 9d]
Maxim12330: checks 
Mahu2021: checks 
*** TURN *** [Qh Qc 9d] [2c]
Maxim12330: checks 
Mahu2021: checks 
*** RIVER *** [Qh Qc 9d 2c] [3h]
Maxim12330: checks 
Mahu2021: bets 40
Maxim12330: folds 
Uncalled bet (40) returned to Mahu2021
Mahu2021 collected 240 from pot
Mahu2021: doesn't show hand 
*** SUMMARY ***
Total pot 240 | Rake 0 
Board [Qh Qc 9d 2c 3h]
Seat 1: Maxim12330 (big blind) folded on the River
Seat 3: Mahu2021 (button) (small blind) collected (240)



PokerStars Hand #252897145479: Tournament #3811266620, $1.84+$0.16 USD Hold'em No Limit - Level III (20/40) - 2024/10/12 23:48:58 CET [2024/10/12 17:48:58 ET]
Table '3811266620 1' 3-max Seat #1 is the button
Seat 1: Maxim12330 (534 in chips) 
Seat 3: Mahu2021 (966 in chips) 
Maxim12330: posts small blind 20
Mahu2021: posts big blind 40
*** HOLE CARDS ***
Dealt to Mahu2021 [Qd 2c]
Maxim12330: calls 20
Mahu2021: checks 
*** FLOP *** [2h 5s Td]
Mahu2021: checks 
Maxim12330: bets 40
Mahu2021: calls 40
*** TURN *** [2h 5s Td] [Qc]
Mahu2021: checks 
Maxim12330: checks 
*** RIVER *** [2h 5s Td Qc] [Jh]
Mahu2021: bets 160
Maxim12330: folds 
Uncalled bet (160) returned to Mahu2021
Mahu2021 collected 160 from pot
Mahu2021: doesn't show hand 
*** SUMMARY ***
Total pot 160 | Rake 0 
Board [2h 5s Td Qc Jh]
Seat 1: Maxim12330 (button) (small blind) folded on the River
Seat 3: Mahu2021 (big blind) collected (160)



PokerStars Hand #252897149575: Tournament #3811266620, $1.84+$0.16 USD Hold'em No Limit - Level III (20/40) - 2024/10/12 23:49:13 CET [2024/10/12 17:49:13 ET]
Table '3811266620 1' 3-max Seat #3 is the button
Seat 1: Maxim12330 (454 in chips) 
Seat 3: Mahu2021 (1046 in chips) 
Mahu2021: posts small blind 20
Maxim12330: posts big blind 40
*** HOLE CARDS ***
Dealt to Mahu2021 [2s 5s]
Mahu2021: calls 20
Maxim12330: raises 80 to 120
Mahu2021: folds 
Uncalled bet (80) returned to Maxim12330
Maxim12330 collected 80 from pot
*** SUMMARY ***
Total pot 80 | Rake 0 
Seat 1: Maxim12330 (big blind) collected (80)
Seat 3: Mahu2021 (button) (small blind) folded before Flop



PokerStars Hand #252897151863: Tournament #3811266620, $1.84+$0.16 USD Hold'em No Limit - Level III (20/40) - 2024/10/12 23:49:22 CET [2024/10/12 17:49:22 ET]
Table '3811266620 1' 3-max Seat #1 is the button
Seat 1: Maxim12330 (494 in chips) 
Seat 3: Mahu2021 (1006 in chips) 
Maxim12330: posts small blind 20
Mahu2021: posts big blind 40
*** HOLE CARDS ***
Dealt to Mahu2021 [Ad 5s]
Maxim12330: calls 20
Mahu2021: raises 966 to 1006 and is all-in
Maxim12330: folds 
Uncalled bet (966) returned to Mahu2021
Mahu2021 collected 80 from pot
Mahu2021: doesn't show hand 
*** SUMMARY ***
Total pot 80 | Rake 0 
Seat 1: Maxim12330 (button) (small blind) folded before Flop
Seat 3: Mahu2021 (big blind) collected (80)



PokerStars Hand #252897153618: Tournament #3811266620, $1.84+$0.16 USD Hold'em No Limit - Level III (20/40) - 2024/10/12 23:49:28 CET [2024/10/12 17:49:28 ET]
Table '3811266620 1' 3-max Seat #3 is the button
Seat 1: Maxim12330 (454 in chips) 
Seat 3: Mahu2021 (1046 in chips) 
Mahu2021: posts small blind 20
Maxim12330: posts big blind 40
*** HOLE CARDS ***
Dealt to Mahu2021 [5d 6d]
Mahu2021: calls 20
Maxim12330: raises 414 to 454 and is all-in
Mahu2021: folds 
Uncalled bet (414) returned to Maxim12330
Maxim12330 collected 80 from pot
*** SUMMARY ***
Total pot 80 | Rake 0 
Seat 1: Maxim12330 (big blind) collected (80)
Seat 3: Mahu2021 (button) (small blind) folded before Flop



PokerStars Hand #252897155586: Tournament #3811266620, $1.84+$0.16 USD Hold'em No Limit - Level III (20/40) - 2024/10/12 23:49:36 CET [2024/10/12 17:49:36 ET]
Table '3811266620 1' 3-max Seat #1 is the button
Seat 1: Maxim12330 (494 in chips) 
Seat 3: Mahu2021 (1006 in chips) 
Maxim12330: posts small blind 20
Mahu2021: posts big blind 40
*** HOLE CARDS ***
Dealt to Mahu2021 [6c 6h]
Maxim12330: calls 20
Mahu2021: checks 
*** FLOP *** [Th 8s Kc]
Mahu2021: checks 
Maxim12330: checks 
*** TURN *** [Th 8s Kc] [Ks]
Mahu2021: bets 40
Maxim12330: folds 
Uncalled bet (40) returned to Mahu2021
Mahu2021 collected 80 from pot
Mahu2021: doesn't show hand 
*** SUMMARY ***
Total pot 80 | Rake 0 
Board [Th 8s Kc Ks]
Seat 1: Maxim12330 (button) (small blind) folded on the Turn
Seat 3: Mahu2021 (big blind) collected (80)



PokerStars Hand #252897159076: Tournament #3811266620, $1.84+$0.16 USD Hold'em No Limit - Level III (20/40) - 2024/10/12 23:49:48 CET [2024/10/12 17:49:48 ET]
Table '3811266620 1' 3-max Seat #3 is the button
Seat 1: Maxim12330 (454 in chips) 
Seat 3: Mahu2021 (1046 in chips) 
Mahu2021: posts small blind 20
Maxim12330: posts big blind 40
*** HOLE CARDS ***
Dealt to Mahu2021 [8c 3d]
Mahu2021: folds 
Uncalled bet (20) returned to Maxim12330
Maxim12330 collected 40 from pot
*** SUMMARY ***
Total pot 40 | Rake 0 
Seat 1: Maxim12330 (big blind) collected (40)
Seat 3: Mahu2021 (button) (small blind) folded before Flop



PokerStars Hand #252897160209: Tournament #3811266620, $1.84+$0.16 USD Hold'em No Limit - Level III (20/40) - 2024/10/12 23:49:53 CET [2024/10/12 17:49:53 ET]
Table '3811266620 1' 3-max Seat #1 is the button
Seat 1: Maxim12330 (474 in chips) 
Seat 3: Mahu2021 (1026 in chips) 
Maxim12330: posts small blind 20
Mahu2021: posts big blind 40
*** HOLE CARDS ***
Dealt to Mahu2021 [Kh 7c]
Maxim12330: raises 434 to 474 and is all-in
Mahu2021: folds 
Uncalled bet (434) returned to Maxim12330
Maxim12330 collected 80 from pot
*** SUMMARY ***
Total pot 80 | Rake 0 
Seat 1: Maxim12330 (button) (small blind) collected (80)
Seat 3: Mahu2021 (big blind) folded before Flop



PokerStars Hand #252897162238: Tournament #3811266620, $1.84+$0.16 USD Hold'em No Limit - Level III (20/40) - 2024/10/12 23:50:00 CET [2024/10/12 17:50:00 ET]
Table '3811266620 1' 3-max Seat #3 is the button
Seat 1: Maxim12330 (514 in chips) 
Seat 3: Mahu2021 (986 in chips) 
Mahu2021: posts small blind 20
Maxim12330: posts big blind 40
*** HOLE CARDS ***
Dealt to Mahu2021 [7d 2h]
Mahu2021: folds 
Uncalled bet (20) returned to Maxim12330
Maxim12330 collected 40 from pot
*** SUMMARY ***
Total pot 40 | Rake 0 
Seat 1: Maxim12330 (big blind) collected (40)
Seat 3: Mahu2021 (button) (small blind) folded before Flop



PokerStars Hand #252897164187: Tournament #3811266620, $1.84+$0.16 USD Hold'em No Limit - Level IV (30/60) - 2024/10/12 23:50:08 CET [2024/10/12 17:50:08 ET]
Table '3811266620 1' 3-max Seat #1 is the button
Seat 1: Maxim12330 (534 in chips) 
Seat 3: Mahu2021 (966 in chips) 
Maxim12330: posts small blind 30
Mahu2021: posts big blind 60
*** HOLE CARDS ***
Dealt to Mahu2021 [Kd Tc]
Maxim12330: calls 30
Mahu2021: raises 180 to 240
Maxim12330: calls 180
*** FLOP *** [4s Th 5d]
Mahu2021: bets 726 and is all-in
Maxim12330: calls 294 and is all-in
Uncalled bet (432) returned to Mahu2021
*** TURN *** [4s Th 5d] [7d]
*** RIVER *** [4s Th 5d 7d] [As]
*** SHOW DOWN ***
Mahu2021: shows [Kd Tc] (a pair of Tens)
Maxim12330: shows [8h Qh] (high card Ace)
Mahu2021 collected 1068 from pot
Maxim12330 finished the tournament in 2nd place
Mahu2021 wins the tournament and receives $6.00 - congratulations!
*** SUMMARY ***
Total pot 1068 | Rake 0 
Board [4s Th 5d 7d As]
Seat 1: Maxim12330 (button) (small blind) showed [8h Qh] and lost with high card Ace
Seat 3: Mahu2021 (big blind) showed [Kd Tc] and won (1068) with a pair of Tens



