PokerStars Hand #247917072376: Tournament #3692648165, $1.84+$0.16 USD Hold'em No Limit - Level I (10/20) - 2023/12/28 15:25:43 CET [2023/12/28 9:25:43 ET]
Table '3692648165 1' 3-max Seat #1 is the button
Seat 1: stefan.mit994 (500 in chips) 
Seat 2: Nekitto147 (500 in chips) 
Seat 3: Mahu2021 (500 in chips) 
Nekitto147: posts small blind 10
Mahu2021: posts big blind 20
*** HOLE CARDS ***
Dealt to Mahu2021 [7s 2s]
stefan.mit994: folds 
Nekitto147: folds 
Uncalled bet (10) returned to Mahu2021
Mahu2021 collected 20 from pot
Mahu2021: doesn't show hand 
*** SUMMARY ***
Total pot 20 | Rake 0 
Seat 1: stefan.mit994 (button) folded before Flop (didn't bet)
Seat 2: Nekitto147 (small blind) folded before Flop
Seat 3: Mahu2021 (big blind) collected (20)



PokerStars Hand #247917074144: Tournament #3692648165, $1.84+$0.16 USD Hold'em No Limit - Level I (10/20) - 2023/12/28 15:25:50 CET [2023/12/28 9:25:50 ET]
Table '3692648165 1' 3-max Seat #2 is the button
Seat 1: stefan.mit994 (500 in chips) 
Seat 2: Nekitto147 (490 in chips) 
Seat 3: Mahu2021 (510 in chips) 
Mahu2021: posts small blind 10
stefan.mit994: posts big blind 20
*** HOLE CARDS ***
Dealt to Mahu2021 [9s Qs]
Nekitto147: folds 
Mahu2021: calls 10
stefan.mit994: checks 
*** FLOP *** [7c 8h Js]
Mahu2021: bets 20
stefan.mit994: calls 20
*** TURN *** [7c 8h Js] [5h]
Mahu2021: bets 20
stefan.mit994: calls 20
*** RIVER *** [7c 8h Js 5h] [9c]
Mahu2021: checks 
stefan.mit994: bets 40
Mahu2021: calls 40
*** SHOW DOWN ***
stefan.mit994: shows [5d Th] (a straight, Seven to Jack)
Mahu2021: mucks hand 
stefan.mit994 collected 200 from pot
*** SUMMARY ***
Total pot 200 | Rake 0 
Board [7c 8h Js 5h 9c]
Seat 1: stefan.mit994 (big blind) showed [5d Th] and won (200) with a straight, Seven to Jack
Seat 2: Nekitto147 (button) folded before Flop (didn't bet)
Seat 3: Mahu2021 (small blind) mucked [9s Qs]



PokerStars Hand #247917079848: Tournament #3692648165, $1.84+$0.16 USD Hold'em No Limit - Level I (10/20) - 2023/12/28 15:26:14 CET [2023/12/28 9:26:14 ET]
Table '3692648165 1' 3-max Seat #3 is the button
Seat 1: stefan.mit994 (600 in chips) 
Seat 2: Nekitto147 (490 in chips) 
Seat 3: Mahu2021 (410 in chips) 
stefan.mit994: posts small blind 10
Nekitto147: posts big blind 20
*** HOLE CARDS ***
Dealt to Mahu2021 [9c 7d]
Mahu2021: folds 
stefan.mit994: folds 
Uncalled bet (10) returned to Nekitto147
Nekitto147 collected 20 from pot
Nekitto147: doesn't show hand 
*** SUMMARY ***
Total pot 20 | Rake 0 
Seat 1: stefan.mit994 (small blind) folded before Flop
Seat 2: Nekitto147 (big blind) collected (20)
Seat 3: Mahu2021 (button) folded before Flop (didn't bet)



PokerStars Hand #247917081569: Tournament #3692648165, $1.84+$0.16 USD Hold'em No Limit - Level I (10/20) - 2023/12/28 15:26:21 CET [2023/12/28 9:26:21 ET]
Table '3692648165 1' 3-max Seat #1 is the button
Seat 1: stefan.mit994 (590 in chips) 
Seat 2: Nekitto147 (500 in chips) 
Seat 3: Mahu2021 (410 in chips) 
Nekitto147: posts small blind 10
Mahu2021: posts big blind 20
*** HOLE CARDS ***
Dealt to Mahu2021 [Td 7s]
stefan.mit994: raises 20 to 40
Nekitto147: raises 460 to 500 and is all-in
Mahu2021: folds 
stefan.mit994: calls 460
*** FLOP *** [Jh 8c 6s]
*** TURN *** [Jh 8c 6s] [3d]
*** RIVER *** [Jh 8c 6s 3d] [7d]
*** SHOW DOWN ***
Nekitto147: shows [5c 5s] (a pair of Fives)
stefan.mit994: shows [8d 8h] (three of a kind, Eights)
stefan.mit994 collected 1020 from pot
Nekitto147 finished the tournament in 3rd place
*** SUMMARY ***
Total pot 1020 | Rake 0 
Board [Jh 8c 6s 3d 7d]
Seat 1: stefan.mit994 (button) showed [8d 8h] and won (1020) with three of a kind, Eights
Seat 2: Nekitto147 (small blind) showed [5c 5s] and lost with a pair of Fives
Seat 3: Mahu2021 (big blind) folded before Flop



PokerStars Hand #247917086677: Tournament #3692648165, $1.84+$0.16 USD Hold'em No Limit - Level I (10/20) - 2023/12/28 15:26:43 CET [2023/12/28 9:26:43 ET]
Table '3692648165 1' 3-max Seat #3 is the button
Seat 1: stefan.mit994 (1110 in chips) 
Seat 3: Mahu2021 (390 in chips) 
Mahu2021: posts small blind 10
stefan.mit994: posts big blind 20
*** HOLE CARDS ***
Dealt to Mahu2021 [4h 3d]
Mahu2021: calls 10
stefan.mit994: checks 
*** FLOP *** [Qh 5d 3c]
stefan.mit994: checks 
Mahu2021: bets 20
stefan.mit994: folds 
Uncalled bet (20) returned to Mahu2021
Mahu2021 collected 40 from pot
Mahu2021: doesn't show hand 
*** SUMMARY ***
Total pot 40 | Rake 0 
Board [Qh 5d 3c]
Seat 1: stefan.mit994 (big blind) folded on the Flop
Seat 3: Mahu2021 (button) (small blind) collected (40)



PokerStars Hand #247917089597: Tournament #3692648165, $1.84+$0.16 USD Hold'em No Limit - Level I (10/20) - 2023/12/28 15:26:55 CET [2023/12/28 9:26:55 ET]
Table '3692648165 1' 3-max Seat #1 is the button
Seat 1: stefan.mit994 (1090 in chips) 
Seat 3: Mahu2021 (410 in chips) 
stefan.mit994: posts small blind 10
Mahu2021: posts big blind 20
*** HOLE CARDS ***
Dealt to Mahu2021 [Qs 9h]
stefan.mit994: folds 
Uncalled bet (10) returned to Mahu2021
Mahu2021 collected 20 from pot
Mahu2021: doesn't show hand 
*** SUMMARY ***
Total pot 20 | Rake 0 
Seat 1: stefan.mit994 (button) (small blind) folded before Flop
Seat 3: Mahu2021 (big blind) collected (20)



PokerStars Hand #247917090524: Tournament #3692648165, $1.84+$0.16 USD Hold'em No Limit - Level I (10/20) - 2023/12/28 15:26:59 CET [2023/12/28 9:26:59 ET]
Table '3692648165 1' 3-max Seat #3 is the button
Seat 1: stefan.mit994 (1080 in chips) 
Seat 3: Mahu2021 (420 in chips) 
Mahu2021: posts small blind 10
stefan.mit994: posts big blind 20
*** HOLE CARDS ***
Dealt to Mahu2021 [Js Jc]
Mahu2021: raises 400 to 420 and is all-in
stefan.mit994: folds 
Uncalled bet (400) returned to Mahu2021
Mahu2021 collected 40 from pot
Mahu2021: doesn't show hand 
*** SUMMARY ***
Total pot 40 | Rake 0 
Seat 1: stefan.mit994 (big blind) folded before Flop
Seat 3: Mahu2021 (button) (small blind) collected (40)



PokerStars Hand #247917092126: Tournament #3692648165, $1.84+$0.16 USD Hold'em No Limit - Level I (10/20) - 2023/12/28 15:27:05 CET [2023/12/28 9:27:05 ET]
Table '3692648165 1' 3-max Seat #1 is the button
Seat 1: stefan.mit994 (1060 in chips) 
Seat 3: Mahu2021 (440 in chips) 
stefan.mit994: posts small blind 10
Mahu2021: posts big blind 20
*** HOLE CARDS ***
Dealt to Mahu2021 [Qs Kh]
stefan.mit994: folds 
Uncalled bet (10) returned to Mahu2021
Mahu2021 collected 20 from pot
Mahu2021: doesn't show hand 
*** SUMMARY ***
Total pot 20 | Rake 0 
Seat 1: stefan.mit994 (button) (small blind) folded before Flop
Seat 3: Mahu2021 (big blind) collected (20)



PokerStars Hand #247917093135: Tournament #3692648165, $1.84+$0.16 USD Hold'em No Limit - Level I (10/20) - 2023/12/28 15:27:09 CET [2023/12/28 9:27:09 ET]
Table '3692648165 1' 3-max Seat #3 is the button
Seat 1: stefan.mit994 (1050 in chips) 
Seat 3: Mahu2021 (450 in chips) 
Mahu2021: posts small blind 10
stefan.mit994: posts big blind 20
*** HOLE CARDS ***
Dealt to Mahu2021 [8c 9c]
Mahu2021: calls 10
stefan.mit994: checks 
*** FLOP *** [Ah 5d 2h]
stefan.mit994: checks 
Mahu2021: bets 20
stefan.mit994: calls 20
*** TURN *** [Ah 5d 2h] [Jd]
stefan.mit994: checks 
Mahu2021: checks 
*** RIVER *** [Ah 5d 2h Jd] [2c]
stefan.mit994: bets 40
Mahu2021: folds 
Uncalled bet (40) returned to stefan.mit994
stefan.mit994 collected 80 from pot
stefan.mit994: doesn't show hand 
*** SUMMARY ***
Total pot 80 | Rake 0 
Board [Ah 5d 2h Jd 2c]
Seat 1: stefan.mit994 (big blind) collected (80)
Seat 3: Mahu2021 (button) (small blind) folded on the River



PokerStars Hand #247917096839: Tournament #3692648165, $1.84+$0.16 USD Hold'em No Limit - Level I (10/20) - 2023/12/28 15:27:25 CET [2023/12/28 9:27:25 ET]
Table '3692648165 1' 3-max Seat #1 is the button
Seat 1: stefan.mit994 (1090 in chips) 
Seat 3: Mahu2021 (410 in chips) 
stefan.mit994: posts small blind 10
Mahu2021: posts big blind 20
*** HOLE CARDS ***
Dealt to Mahu2021 [4h 3d]
stefan.mit994: raises 20 to 40
Mahu2021: calls 20
*** FLOP *** [4c Kh 3h]
Mahu2021: checks 
stefan.mit994: bets 20
Mahu2021: calls 20
*** TURN *** [4c Kh 3h] [Jc]
Mahu2021: checks 
stefan.mit994: checks 
*** RIVER *** [4c Kh 3h Jc] [3s]
Mahu2021: bets 120
stefan.mit994: folds 
Uncalled bet (120) returned to Mahu2021
Mahu2021 collected 120 from pot
Mahu2021: doesn't show hand 
*** SUMMARY ***
Total pot 120 | Rake 0 
Board [4c Kh 3h Jc 3s]
Seat 1: stefan.mit994 (button) (small blind) folded on the River
Seat 3: Mahu2021 (big blind) collected (120)



PokerStars Hand #247917100803: Tournament #3692648165, $1.84+$0.16 USD Hold'em No Limit - Level I (10/20) - 2023/12/28 15:27:41 CET [2023/12/28 9:27:41 ET]
Table '3692648165 1' 3-max Seat #3 is the button
Seat 1: stefan.mit994 (1030 in chips) 
Seat 3: Mahu2021 (470 in chips) 
Mahu2021: posts small blind 10
stefan.mit994: posts big blind 20
*** HOLE CARDS ***
Dealt to Mahu2021 [Kc 2d]
Mahu2021: folds 
Uncalled bet (10) returned to stefan.mit994
stefan.mit994 collected 20 from pot
stefan.mit994: doesn't show hand 
*** SUMMARY ***
Total pot 20 | Rake 0 
Seat 1: stefan.mit994 (big blind) collected (20)
Seat 3: Mahu2021 (button) (small blind) folded before Flop



PokerStars Hand #247917102766: Tournament #3692648165, $1.84+$0.16 USD Hold'em No Limit - Level II (15/30) - 2023/12/28 15:27:49 CET [2023/12/28 9:27:49 ET]
Table '3692648165 1' 3-max Seat #1 is the button
Seat 1: stefan.mit994 (1040 in chips) 
Seat 3: Mahu2021 (460 in chips) 
stefan.mit994: posts small blind 15
Mahu2021: posts big blind 30
*** HOLE CARDS ***
Dealt to Mahu2021 [Ks 3s]
stefan.mit994: raises 30 to 60
Mahu2021: calls 30
*** FLOP *** [9h Jc 6h]
Mahu2021: checks 
stefan.mit994: bets 30
Mahu2021: folds 
Uncalled bet (30) returned to stefan.mit994
stefan.mit994 collected 120 from pot
stefan.mit994: doesn't show hand 
*** SUMMARY ***
Total pot 120 | Rake 0 
Board [9h Jc 6h]
Seat 1: stefan.mit994 (button) (small blind) collected (120)
Seat 3: Mahu2021 (big blind) folded on the Flop



PokerStars Hand #247917105141: Tournament #3692648165, $1.84+$0.16 USD Hold'em No Limit - Level II (15/30) - 2023/12/28 15:27:59 CET [2023/12/28 9:27:59 ET]
Table '3692648165 1' 3-max Seat #3 is the button
Seat 1: stefan.mit994 (1100 in chips) 
Seat 3: Mahu2021 (400 in chips) 
Mahu2021: posts small blind 15
stefan.mit994: posts big blind 30
*** HOLE CARDS ***
Dealt to Mahu2021 [Ad 8h]
Mahu2021: raises 30 to 60
stefan.mit994: calls 30
*** FLOP *** [Jc Qc 5c]
stefan.mit994: checks 
Mahu2021: bets 30
stefan.mit994: calls 30
*** TURN *** [Jc Qc 5c] [7d]
stefan.mit994: checks 
Mahu2021: checks 
*** RIVER *** [Jc Qc 5c 7d] [6h]
stefan.mit994: checks 
Mahu2021: bets 310 and is all-in
stefan.mit994: folds 
Uncalled bet (310) returned to Mahu2021
Mahu2021 collected 180 from pot
Mahu2021: doesn't show hand 
*** SUMMARY ***
Total pot 180 | Rake 0 
Board [Jc Qc 5c 7d 6h]
Seat 1: stefan.mit994 (big blind) folded on the River
Seat 3: Mahu2021 (button) (small blind) collected (180)



PokerStars Hand #247917109444: Tournament #3692648165, $1.84+$0.16 USD Hold'em No Limit - Level II (15/30) - 2023/12/28 15:28:17 CET [2023/12/28 9:28:17 ET]
Table '3692648165 1' 3-max Seat #1 is the button
Seat 1: stefan.mit994 (1010 in chips) 
Seat 3: Mahu2021 (490 in chips) 
stefan.mit994: posts small blind 15
Mahu2021: posts big blind 30
*** HOLE CARDS ***
Dealt to Mahu2021 [4s Qd]
stefan.mit994: raises 30 to 60
Mahu2021: folds 
Uncalled bet (30) returned to stefan.mit994
stefan.mit994 collected 60 from pot
stefan.mit994: doesn't show hand 
*** SUMMARY ***
Total pot 60 | Rake 0 
Seat 1: stefan.mit994 (button) (small blind) collected (60)
Seat 3: Mahu2021 (big blind) folded before Flop



PokerStars Hand #247917110904: Tournament #3692648165, $1.84+$0.16 USD Hold'em No Limit - Level II (15/30) - 2023/12/28 15:28:23 CET [2023/12/28 9:28:23 ET]
Table '3692648165 1' 3-max Seat #3 is the button
Seat 1: stefan.mit994 (1040 in chips) 
Seat 3: Mahu2021 (460 in chips) 
Mahu2021: posts small blind 15
stefan.mit994: posts big blind 30
*** HOLE CARDS ***
Dealt to Mahu2021 [6s 6h]
Mahu2021: raises 430 to 460 and is all-in
stefan.mit994: folds 
Uncalled bet (430) returned to Mahu2021
Mahu2021 collected 60 from pot
Mahu2021: doesn't show hand 
*** SUMMARY ***
Total pot 60 | Rake 0 
Seat 1: stefan.mit994 (big blind) folded before Flop
Seat 3: Mahu2021 (button) (small blind) collected (60)



PokerStars Hand #247917112437: Tournament #3692648165, $1.84+$0.16 USD Hold'em No Limit - Level II (15/30) - 2023/12/28 15:28:29 CET [2023/12/28 9:28:29 ET]
Table '3692648165 1' 3-max Seat #1 is the button
Seat 1: stefan.mit994 (1010 in chips) 
Seat 3: Mahu2021 (490 in chips) 
stefan.mit994: posts small blind 15
Mahu2021: posts big blind 30
*** HOLE CARDS ***
Dealt to Mahu2021 [Qs 3s]
stefan.mit994: raises 30 to 60
Mahu2021: calls 30
*** FLOP *** [Qc 6h Ah]
Mahu2021: checks 
stefan.mit994: bets 30
Mahu2021: calls 30
*** TURN *** [Qc 6h Ah] [Th]
Mahu2021: checks 
stefan.mit994: bets 60
Mahu2021: calls 60
*** RIVER *** [Qc 6h Ah Th] [3c]
Mahu2021: checks 
stefan.mit994: checks 
*** SHOW DOWN ***
Mahu2021: shows [Qs 3s] (two pair, Queens and Threes)
stefan.mit994: mucks hand 
Mahu2021 collected 300 from pot
*** SUMMARY ***
Total pot 300 | Rake 0 
Board [Qc 6h Ah Th 3c]
Seat 1: stefan.mit994 (button) (small blind) mucked [As 5d]
Seat 3: Mahu2021 (big blind) showed [Qs 3s] and won (300) with two pair, Queens and Threes



PokerStars Hand #247917116273: Tournament #3692648165, $1.84+$0.16 USD Hold'em No Limit - Level II (15/30) - 2023/12/28 15:28:45 CET [2023/12/28 9:28:45 ET]
Table '3692648165 1' 3-max Seat #3 is the button
Seat 1: stefan.mit994 (860 in chips) 
Seat 3: Mahu2021 (640 in chips) 
Mahu2021: posts small blind 15
stefan.mit994: posts big blind 30
*** HOLE CARDS ***
Dealt to Mahu2021 [Jc Qs]
Mahu2021: raises 30 to 60
stefan.mit994: raises 800 to 860 and is all-in
Mahu2021: calls 580 and is all-in
Uncalled bet (220) returned to stefan.mit994
*** FLOP *** [Ks Kh Th]
*** TURN *** [Ks Kh Th] [Js]
*** RIVER *** [Ks Kh Th Js] [Qh]
*** SHOW DOWN ***
stefan.mit994: shows [As 7d] (a straight, Ten to Ace)
Mahu2021: shows [Jc Qs] (two pair, Kings and Queens)
stefan.mit994 collected 1280 from pot
Mahu2021 finished the tournament in 2nd place
stefan.mit994 wins the tournament and receives $4.00 - congratulations!
*** SUMMARY ***
Total pot 1280 | Rake 0 
Board [Ks Kh Th Js Qh]
Seat 1: stefan.mit994 (big blind) showed [As 7d] and won (1280) with a straight, Ten to Ace
Seat 3: Mahu2021 (button) (small blind) showed [Jc Qs] and lost with two pair, Kings and Queens



