PokerStars Hand #252843384427: Tournament #3809989524, $1.84+$0.16 USD Hold'em No Limit - Level I (10/20) - 2024/10/09 17:32:50 CET [2024/10/09 11:32:50 ET]
Table '3809989524 1' 3-max Seat #1 is the button
Seat 1: Adiwebb01 (500 in chips) 
Seat 2: Mahu2021 (500 in chips) 
Seat 3: LAMGOZZZZ (500 in chips) 
Mahu2021: posts small blind 10
LAMGOZZZZ: posts big blind 20
*** HOLE CARDS ***
Dealt to Mahu2021 [7d 9d]
Adiwebb01: calls 20
Mahu2021: calls 10
LAMGOZZZZ: checks 
*** FLOP *** [6d 3s 4h]
Mahu2021: checks 
LAMGOZZZZ: checks 
Adiwebb01: checks 
*** TURN *** [6d 3s 4h] [Ac]
Mahu2021: checks 
LAMGOZZZZ: checks 
Adiwebb01: checks 
*** RIVER *** [6d 3s 4h Ac] [7h]
Mahu2021: bets 20
LAMGOZZZZ: calls 20
Adiwebb01: folds 
*** SHOW DOWN ***
Mahu2021: shows [7d 9d] (a pair of Sevens)
LAMGOZZZZ: mucks hand 
Mahu2021 collected 100 from pot
*** SUMMARY ***
Total pot 100 | Rake 0 
Board [6d 3s 4h Ac 7h]
Seat 1: Adiwebb01 (button) folded on the River
Seat 2: Mahu2021 (small blind) showed [7d 9d] and won (100) with a pair of Sevens
Seat 3: LAMGOZZZZ (big blind) mucked [7s 8s]



PokerStars Hand #252843388385: Tournament #3809989524, $1.84+$0.16 USD Hold'em No Limit - Level I (10/20) - 2024/10/09 17:33:09 CET [2024/10/09 11:33:09 ET]
Table '3809989524 1' 3-max Seat #2 is the button
Seat 1: Adiwebb01 (480 in chips) 
Seat 2: Mahu2021 (560 in chips) 
Seat 3: LAMGOZZZZ (460 in chips) 
LAMGOZZZZ: posts small blind 10
Adiwebb01: posts big blind 20
*** HOLE CARDS ***
Dealt to Mahu2021 [8d 7c]
Mahu2021: folds 
LAMGOZZZZ: calls 10
Adiwebb01: checks 
*** FLOP *** [7h 6s Kc]
LAMGOZZZZ: checks 
Adiwebb01: checks 
*** TURN *** [7h 6s Kc] [Qc]
LAMGOZZZZ: bets 20
Adiwebb01: raises 20 to 40
LAMGOZZZZ: calls 20
*** RIVER *** [7h 6s Kc Qc] [Ac]
LAMGOZZZZ: bets 120
Adiwebb01: calls 120
*** SHOW DOWN ***
LAMGOZZZZ: shows [Ks Jc] (a pair of Kings)
Adiwebb01: mucks hand 
LAMGOZZZZ collected 360 from pot
*** SUMMARY ***
Total pot 360 | Rake 0 
Board [7h 6s Kc Qc Ac]
Seat 1: Adiwebb01 (big blind) mucked [7s 3d]
Seat 2: Mahu2021 (button) folded before Flop (didn't bet)
Seat 3: LAMGOZZZZ (small blind) showed [Ks Jc] and won (360) with a pair of Kings



PokerStars Hand #252843393468: Tournament #3809989524, $1.84+$0.16 USD Hold'em No Limit - Level I (10/20) - 2024/10/09 17:33:32 CET [2024/10/09 11:33:32 ET]
Table '3809989524 1' 3-max Seat #3 is the button
Seat 1: Adiwebb01 (300 in chips) 
Seat 2: Mahu2021 (560 in chips) 
Seat 3: LAMGOZZZZ (640 in chips) 
Adiwebb01: posts small blind 10
Mahu2021: posts big blind 20
*** HOLE CARDS ***
Dealt to Mahu2021 [5h Kd]
LAMGOZZZZ: folds 
Adiwebb01: raises 20 to 40
Mahu2021: calls 20
*** FLOP *** [4c 9h Qd]
Adiwebb01: bets 20
Mahu2021: folds 
Uncalled bet (20) returned to Adiwebb01
Adiwebb01 collected 80 from pot
*** SUMMARY ***
Total pot 80 | Rake 0 
Board [4c 9h Qd]
Seat 1: Adiwebb01 (small blind) collected (80)
Seat 2: Mahu2021 (big blind) folded on the Flop
Seat 3: LAMGOZZZZ (button) folded before Flop (didn't bet)



PokerStars Hand #252843395728: Tournament #3809989524, $1.84+$0.16 USD Hold'em No Limit - Level I (10/20) - 2024/10/09 17:33:42 CET [2024/10/09 11:33:42 ET]
Table '3809989524 1' 3-max Seat #1 is the button
Seat 1: Adiwebb01 (340 in chips) 
Seat 2: Mahu2021 (520 in chips) 
Seat 3: LAMGOZZZZ (640 in chips) 
Mahu2021: posts small blind 10
LAMGOZZZZ: posts big blind 20
*** HOLE CARDS ***
Dealt to Mahu2021 [Qc Jh]
Adiwebb01: calls 20
Mahu2021: calls 10
LAMGOZZZZ: checks 
*** FLOP *** [3c 4s 6c]
Mahu2021: checks 
LAMGOZZZZ: bets 20
Adiwebb01: raises 20 to 40
Mahu2021: folds 
LAMGOZZZZ: calls 20
*** TURN *** [3c 4s 6c] [5h]
LAMGOZZZZ: checks 
Adiwebb01: bets 20
LAMGOZZZZ: raises 560 to 580 and is all-in
Adiwebb01: calls 260 and is all-in
Uncalled bet (300) returned to LAMGOZZZZ
*** RIVER *** [3c 4s 6c 5h] [3h]
*** SHOW DOWN ***
LAMGOZZZZ: shows [9s 9c] (two pair, Nines and Threes)
Adiwebb01: shows [6d 8c] (two pair, Sixes and Threes)
LAMGOZZZZ collected 700 from pot
Adiwebb01 finished the tournament in 3rd place
*** SUMMARY ***
Total pot 700 | Rake 0 
Board [3c 4s 6c 5h 3h]
Seat 1: Adiwebb01 (button) showed [6d 8c] and lost with two pair, Sixes and Threes
Seat 2: Mahu2021 (small blind) folded on the Flop
Seat 3: LAMGOZZZZ (big blind) showed [9s 9c] and won (700) with two pair, Nines and Threes



PokerStars Hand #252843404333: Tournament #3809989524, $1.84+$0.16 USD Hold'em No Limit - Level I (10/20) - 2024/10/09 17:34:22 CET [2024/10/09 11:34:22 ET]
Table '3809989524 1' 3-max Seat #3 is the button
Seat 2: Mahu2021 (500 in chips) 
Seat 3: LAMGOZZZZ (1000 in chips) 
LAMGOZZZZ: posts small blind 10
Mahu2021: posts big blind 20
*** HOLE CARDS ***
Dealt to Mahu2021 [Ah 4c]
LAMGOZZZZ: folds 
Uncalled bet (10) returned to Mahu2021
Mahu2021 collected 20 from pot
Mahu2021: doesn't show hand 
*** SUMMARY ***
Total pot 20 | Rake 0 
Seat 2: Mahu2021 (big blind) collected (20)
Seat 3: LAMGOZZZZ (button) (small blind) folded before Flop



PokerStars Hand #252843405360: Tournament #3809989524, $1.84+$0.16 USD Hold'em No Limit - Level I (10/20) - 2024/10/09 17:34:26 CET [2024/10/09 11:34:26 ET]
Table '3809989524 1' 3-max Seat #2 is the button
Seat 2: Mahu2021 (510 in chips) 
Seat 3: LAMGOZZZZ (990 in chips) 
Mahu2021: posts small blind 10
LAMGOZZZZ: posts big blind 20
*** HOLE CARDS ***
Dealt to Mahu2021 [6d 3c]
Mahu2021: calls 10
LAMGOZZZZ: checks 
*** FLOP *** [Jd 8d 5d]
LAMGOZZZZ: checks 
Mahu2021: bets 20
LAMGOZZZZ: folds 
Uncalled bet (20) returned to Mahu2021
Mahu2021 collected 40 from pot
Mahu2021: doesn't show hand 
*** SUMMARY ***
Total pot 40 | Rake 0 
Board [Jd 8d 5d]
Seat 2: Mahu2021 (button) (small blind) collected (40)
Seat 3: LAMGOZZZZ (big blind) folded on the Flop



PokerStars Hand #252843407391: Tournament #3809989524, $1.84+$0.16 USD Hold'em No Limit - Level I (10/20) - 2024/10/09 17:34:36 CET [2024/10/09 11:34:36 ET]
Table '3809989524 1' 3-max Seat #3 is the button
Seat 2: Mahu2021 (530 in chips) 
Seat 3: LAMGOZZZZ (970 in chips) 
LAMGOZZZZ: posts small blind 10
Mahu2021: posts big blind 20
*** HOLE CARDS ***
Dealt to Mahu2021 [2h 7h]
LAMGOZZZZ: raises 20 to 40
Mahu2021: folds 
Uncalled bet (20) returned to LAMGOZZZZ
LAMGOZZZZ collected 40 from pot
*** SUMMARY ***
Total pot 40 | Rake 0 
Seat 2: Mahu2021 (big blind) folded before Flop
Seat 3: LAMGOZZZZ (button) (small blind) collected (40)



PokerStars Hand #252843408353: Tournament #3809989524, $1.84+$0.16 USD Hold'em No Limit - Level I (10/20) - 2024/10/09 17:34:40 CET [2024/10/09 11:34:40 ET]
Table '3809989524 1' 3-max Seat #2 is the button
Seat 2: Mahu2021 (510 in chips) 
Seat 3: LAMGOZZZZ (990 in chips) 
Mahu2021: posts small blind 10
LAMGOZZZZ: posts big blind 20
*** HOLE CARDS ***
Dealt to Mahu2021 [Ts 6d]
Mahu2021: folds 
Uncalled bet (10) returned to LAMGOZZZZ
LAMGOZZZZ collected 20 from pot
*** SUMMARY ***
Total pot 20 | Rake 0 
Seat 2: Mahu2021 (button) (small blind) folded before Flop
Seat 3: LAMGOZZZZ (big blind) collected (20)



PokerStars Hand #252843409343: Tournament #3809989524, $1.84+$0.16 USD Hold'em No Limit - Level I (10/20) - 2024/10/09 17:34:44 CET [2024/10/09 11:34:44 ET]
Table '3809989524 1' 3-max Seat #3 is the button
Seat 2: Mahu2021 (500 in chips) 
Seat 3: LAMGOZZZZ (1000 in chips) 
LAMGOZZZZ: posts small blind 10
Mahu2021: posts big blind 20
*** HOLE CARDS ***
Dealt to Mahu2021 [Ah 2d]
LAMGOZZZZ: raises 20 to 40
Mahu2021: calls 20
*** FLOP *** [Jd 9h 2h]
Mahu2021: checks 
LAMGOZZZZ: checks 
*** TURN *** [Jd 9h 2h] [8h]
Mahu2021: checks 
LAMGOZZZZ: checks 
*** RIVER *** [Jd 9h 2h 8h] [Ks]
Mahu2021: checks 
LAMGOZZZZ: checks 
*** SHOW DOWN ***
Mahu2021: shows [Ah 2d] (a pair of Deuces)
LAMGOZZZZ: mucks hand 
Mahu2021 collected 80 from pot
*** SUMMARY ***
Total pot 80 | Rake 0 
Board [Jd 9h 2h 8h Ks]
Seat 2: Mahu2021 (big blind) showed [Ah 2d] and won (80) with a pair of Deuces
Seat 3: LAMGOZZZZ (button) (small blind) mucked [7c As]



PokerStars Hand #252843412041: Tournament #3809989524, $1.84+$0.16 USD Hold'em No Limit - Level I (10/20) - 2024/10/09 17:34:57 CET [2024/10/09 11:34:57 ET]
Table '3809989524 1' 3-max Seat #2 is the button
Seat 2: Mahu2021 (540 in chips) 
Seat 3: LAMGOZZZZ (960 in chips) 
Mahu2021: posts small blind 10
LAMGOZZZZ: posts big blind 20
*** HOLE CARDS ***
Dealt to Mahu2021 [6c 8s]
Mahu2021: calls 10
LAMGOZZZZ: checks 
*** FLOP *** [Ks 2s 5h]
LAMGOZZZZ: checks 
Mahu2021: checks 
*** TURN *** [Ks 2s 5h] [4c]
LAMGOZZZZ: bets 20
Mahu2021: calls 20
*** RIVER *** [Ks 2s 5h 4c] [Jd]
LAMGOZZZZ: bets 80
Mahu2021: folds 
Uncalled bet (80) returned to LAMGOZZZZ
LAMGOZZZZ collected 80 from pot
*** SUMMARY ***
Total pot 80 | Rake 0 
Board [Ks 2s 5h 4c Jd]
Seat 2: Mahu2021 (button) (small blind) folded on the River
Seat 3: LAMGOZZZZ (big blind) collected (80)



PokerStars Hand #252843415045: Tournament #3809989524, $1.84+$0.16 USD Hold'em No Limit - Level I (10/20) - 2024/10/09 17:35:10 CET [2024/10/09 11:35:10 ET]
Table '3809989524 1' 3-max Seat #3 is the button
Seat 2: Mahu2021 (500 in chips) 
Seat 3: LAMGOZZZZ (1000 in chips) 
LAMGOZZZZ: posts small blind 10
Mahu2021: posts big blind 20
*** HOLE CARDS ***
Dealt to Mahu2021 [3c Ad]
LAMGOZZZZ: raises 20 to 40
Mahu2021: calls 20
*** FLOP *** [8d Jd 6c]
Mahu2021: checks 
LAMGOZZZZ: checks 
*** TURN *** [8d Jd 6c] [Ts]
Mahu2021: checks 
LAMGOZZZZ: checks 
*** RIVER *** [8d Jd 6c Ts] [7d]
Mahu2021: checks 
LAMGOZZZZ: checks 
*** SHOW DOWN ***
Mahu2021: shows [3c Ad] (high card Ace)
LAMGOZZZZ: mucks hand 
Mahu2021 collected 80 from pot
*** SUMMARY ***
Total pot 80 | Rake 0 
Board [8d Jd 6c Ts 7d]
Seat 2: Mahu2021 (big blind) showed [3c Ad] and won (80) with high card Ace
Seat 3: LAMGOZZZZ (button) (small blind) mucked [Kc 5d]



PokerStars Hand #252843417584: Tournament #3809989524, $1.84+$0.16 USD Hold'em No Limit - Level I (10/20) - 2024/10/09 17:35:22 CET [2024/10/09 11:35:22 ET]
Table '3809989524 1' 3-max Seat #2 is the button
Seat 2: Mahu2021 (540 in chips) 
Seat 3: LAMGOZZZZ (960 in chips) 
Mahu2021: posts small blind 10
LAMGOZZZZ: posts big blind 20
*** HOLE CARDS ***
Dealt to Mahu2021 [Jc 4s]
Mahu2021: calls 10
LAMGOZZZZ: checks 
*** FLOP *** [9s Kh 7s]
LAMGOZZZZ: checks 
Mahu2021: checks 
*** TURN *** [9s Kh 7s] [Qd]
LAMGOZZZZ: checks 
Mahu2021: checks 
*** RIVER *** [9s Kh 7s Qd] [6c]
LAMGOZZZZ: bets 20
Mahu2021: folds 
Uncalled bet (20) returned to LAMGOZZZZ
LAMGOZZZZ collected 40 from pot
*** SUMMARY ***
Total pot 40 | Rake 0 
Board [9s Kh 7s Qd 6c]
Seat 2: Mahu2021 (button) (small blind) folded on the River
Seat 3: LAMGOZZZZ (big blind) collected (40)



PokerStars Hand #252843420258: Tournament #3809989524, $1.84+$0.16 USD Hold'em No Limit - Level I (10/20) - 2024/10/09 17:35:34 CET [2024/10/09 11:35:34 ET]
Table '3809989524 1' 3-max Seat #3 is the button
Seat 2: Mahu2021 (520 in chips) 
Seat 3: LAMGOZZZZ (980 in chips) 
LAMGOZZZZ: posts small blind 10
Mahu2021: posts big blind 20
*** HOLE CARDS ***
Dealt to Mahu2021 [5h Qd]
LAMGOZZZZ: folds 
Uncalled bet (10) returned to Mahu2021
Mahu2021 collected 20 from pot
Mahu2021: doesn't show hand 
*** SUMMARY ***
Total pot 20 | Rake 0 
Seat 2: Mahu2021 (big blind) collected (20)
Seat 3: LAMGOZZZZ (button) (small blind) folded before Flop



PokerStars Hand #252843421071: Tournament #3809989524, $1.84+$0.16 USD Hold'em No Limit - Level I (10/20) - 2024/10/09 17:35:38 CET [2024/10/09 11:35:38 ET]
Table '3809989524 1' 3-max Seat #2 is the button
Seat 2: Mahu2021 (530 in chips) 
Seat 3: LAMGOZZZZ (970 in chips) 
Mahu2021: posts small blind 10
LAMGOZZZZ: posts big blind 20
*** HOLE CARDS ***
Dealt to Mahu2021 [Js 3d]
Mahu2021: calls 10
LAMGOZZZZ: checks 
*** FLOP *** [Tc 9c 4h]
LAMGOZZZZ: checks 
Mahu2021: checks 
*** TURN *** [Tc 9c 4h] [Kc]
LAMGOZZZZ: checks 
Mahu2021: checks 
*** RIVER *** [Tc 9c 4h Kc] [2s]
LAMGOZZZZ: bets 40
Mahu2021: folds 
Uncalled bet (40) returned to LAMGOZZZZ
LAMGOZZZZ collected 40 from pot
*** SUMMARY ***
Total pot 40 | Rake 0 
Board [Tc 9c 4h Kc 2s]
Seat 2: Mahu2021 (button) (small blind) folded on the River
Seat 3: LAMGOZZZZ (big blind) collected (40)



PokerStars Hand #252843423751: Tournament #3809989524, $1.84+$0.16 USD Hold'em No Limit - Level I (10/20) - 2024/10/09 17:35:49 CET [2024/10/09 11:35:49 ET]
Table '3809989524 1' 3-max Seat #3 is the button
Seat 2: Mahu2021 (510 in chips) 
Seat 3: LAMGOZZZZ (990 in chips) 
LAMGOZZZZ: posts small blind 10
Mahu2021: posts big blind 20
*** HOLE CARDS ***
Dealt to Mahu2021 [5d 5s]
LAMGOZZZZ: raises 20 to 40
Mahu2021: calls 20
*** FLOP *** [Jc Qc 2d]
Mahu2021: checks 
LAMGOZZZZ: bets 20
Mahu2021: calls 20
*** TURN *** [Jc Qc 2d] [Ad]
Mahu2021: checks 
LAMGOZZZZ: checks 
*** RIVER *** [Jc Qc 2d Ad] [6c]
Mahu2021: bets 80
LAMGOZZZZ: calls 80
*** SHOW DOWN ***
Mahu2021: shows [5d 5s] (a pair of Fives)
LAMGOZZZZ: shows [Jd 9d] (a pair of Jacks)
LAMGOZZZZ collected 280 from pot
*** SUMMARY ***
Total pot 280 | Rake 0 
Board [Jc Qc 2d Ad 6c]
Seat 2: Mahu2021 (big blind) showed [5d 5s] and lost with a pair of Fives
Seat 3: LAMGOZZZZ (button) (small blind) showed [Jd 9d] and won (280) with a pair of Jacks



PokerStars Hand #252843427678: Tournament #3809989524, $1.84+$0.16 USD Hold'em No Limit - Level II (15/30) - 2024/10/09 17:36:07 CET [2024/10/09 11:36:07 ET]
Table '3809989524 1' 3-max Seat #2 is the button
Seat 2: Mahu2021 (370 in chips) 
Seat 3: LAMGOZZZZ (1130 in chips) 
Mahu2021: posts small blind 15
LAMGOZZZZ: posts big blind 30
*** HOLE CARDS ***
Dealt to Mahu2021 [9c 8h]
Mahu2021: calls 15
LAMGOZZZZ: checks 
*** FLOP *** [4d Jc Kc]
LAMGOZZZZ: checks 
Mahu2021: checks 
*** TURN *** [4d Jc Kc] [4c]
LAMGOZZZZ: checks 
Mahu2021: checks 
*** RIVER *** [4d Jc Kc 4c] [6c]
LAMGOZZZZ: checks 
Mahu2021: bets 60
LAMGOZZZZ: folds 
Uncalled bet (60) returned to Mahu2021
Mahu2021 collected 60 from pot
Mahu2021: doesn't show hand 
*** SUMMARY ***
Total pot 60 | Rake 0 
Board [4d Jc Kc 4c 6c]
Seat 2: Mahu2021 (button) (small blind) collected (60)
Seat 3: LAMGOZZZZ (big blind) folded on the River



PokerStars Hand #252843430283: Tournament #3809989524, $1.84+$0.16 USD Hold'em No Limit - Level II (15/30) - 2024/10/09 17:36:19 CET [2024/10/09 11:36:19 ET]
Table '3809989524 1' 3-max Seat #3 is the button
Seat 2: Mahu2021 (400 in chips) 
Seat 3: LAMGOZZZZ (1100 in chips) 
LAMGOZZZZ: posts small blind 15
Mahu2021: posts big blind 30
*** HOLE CARDS ***
Dealt to Mahu2021 [4h 6s]
LAMGOZZZZ: folds 
Uncalled bet (15) returned to Mahu2021
Mahu2021 collected 30 from pot
Mahu2021: doesn't show hand 
*** SUMMARY ***
Total pot 30 | Rake 0 
Seat 2: Mahu2021 (big blind) collected (30)
Seat 3: LAMGOZZZZ (button) (small blind) folded before Flop



PokerStars Hand #252843431165: Tournament #3809989524, $1.84+$0.16 USD Hold'em No Limit - Level II (15/30) - 2024/10/09 17:36:23 CET [2024/10/09 11:36:23 ET]
Table '3809989524 1' 3-max Seat #2 is the button
Seat 2: Mahu2021 (415 in chips) 
Seat 3: LAMGOZZZZ (1085 in chips) 
Mahu2021: posts small blind 15
LAMGOZZZZ: posts big blind 30
*** HOLE CARDS ***
Dealt to Mahu2021 [5h 8h]
Mahu2021: calls 15
LAMGOZZZZ: checks 
*** FLOP *** [Kh Qh Ah]
LAMGOZZZZ: checks 
Mahu2021: bets 30
LAMGOZZZZ: folds 
Uncalled bet (30) returned to Mahu2021
Mahu2021 collected 60 from pot
Mahu2021: doesn't show hand 
*** SUMMARY ***
Total pot 60 | Rake 0 
Board [Kh Qh Ah]
Seat 2: Mahu2021 (button) (small blind) collected (60)
Seat 3: LAMGOZZZZ (big blind) folded on the Flop



PokerStars Hand #252843432973: Tournament #3809989524, $1.84+$0.16 USD Hold'em No Limit - Level II (15/30) - 2024/10/09 17:36:31 CET [2024/10/09 11:36:31 ET]
Table '3809989524 1' 3-max Seat #3 is the button
Seat 2: Mahu2021 (445 in chips) 
Seat 3: LAMGOZZZZ (1055 in chips) 
LAMGOZZZZ: posts small blind 15
Mahu2021: posts big blind 30
*** HOLE CARDS ***
Dealt to Mahu2021 [6s Kc]
LAMGOZZZZ: folds 
Uncalled bet (15) returned to Mahu2021
Mahu2021 collected 30 from pot
Mahu2021: doesn't show hand 
*** SUMMARY ***
Total pot 30 | Rake 0 
Seat 2: Mahu2021 (big blind) collected (30)
Seat 3: LAMGOZZZZ (button) (small blind) folded before Flop



PokerStars Hand #252843433822: Tournament #3809989524, $1.84+$0.16 USD Hold'em No Limit - Level II (15/30) - 2024/10/09 17:36:35 CET [2024/10/09 11:36:35 ET]
Table '3809989524 1' 3-max Seat #2 is the button
Seat 2: Mahu2021 (460 in chips) 
Seat 3: LAMGOZZZZ (1040 in chips) 
Mahu2021: posts small blind 15
LAMGOZZZZ: posts big blind 30
*** HOLE CARDS ***
Dealt to Mahu2021 [3c Qc]
Mahu2021: raises 30 to 60
LAMGOZZZZ: folds 
Uncalled bet (30) returned to Mahu2021
Mahu2021 collected 60 from pot
Mahu2021: doesn't show hand 
*** SUMMARY ***
Total pot 60 | Rake 0 
Seat 2: Mahu2021 (button) (small blind) collected (60)
Seat 3: LAMGOZZZZ (big blind) folded before Flop



PokerStars Hand #252843434777: Tournament #3809989524, $1.84+$0.16 USD Hold'em No Limit - Level II (15/30) - 2024/10/09 17:36:39 CET [2024/10/09 11:36:39 ET]
Table '3809989524 1' 3-max Seat #3 is the button
Seat 2: Mahu2021 (490 in chips) 
Seat 3: LAMGOZZZZ (1010 in chips) 
LAMGOZZZZ: posts small blind 15
Mahu2021: posts big blind 30
*** HOLE CARDS ***
Dealt to Mahu2021 [Qd 6h]
LAMGOZZZZ: raises 30 to 60
Mahu2021: calls 30
*** FLOP *** [Th Qs 3c]
Mahu2021: bets 60
LAMGOZZZZ: calls 60
*** TURN *** [Th Qs 3c] [2h]
Mahu2021: bets 60
LAMGOZZZZ: calls 60
*** RIVER *** [Th Qs 3c 2h] [6d]
Mahu2021: bets 310 and is all-in
LAMGOZZZZ: calls 310
*** SHOW DOWN ***
Mahu2021: shows [Qd 6h] (two pair, Queens and Sixes)
LAMGOZZZZ: shows [Ad Ac] (a pair of Aces)
Mahu2021 collected 980 from pot
*** SUMMARY ***
Total pot 980 | Rake 0 
Board [Th Qs 3c 2h 6d]
Seat 2: Mahu2021 (big blind) showed [Qd 6h] and won (980) with two pair, Queens and Sixes
Seat 3: LAMGOZZZZ (button) (small blind) showed [Ad Ac] and lost with a pair of Aces



PokerStars Hand #252843438138: Tournament #3809989524, $1.84+$0.16 USD Hold'em No Limit - Level II (15/30) - 2024/10/09 17:36:54 CET [2024/10/09 11:36:54 ET]
Table '3809989524 1' 3-max Seat #2 is the button
Seat 2: Mahu2021 (980 in chips) 
Seat 3: LAMGOZZZZ (520 in chips) 
Mahu2021: posts small blind 15
LAMGOZZZZ: posts big blind 30
*** HOLE CARDS ***
Dealt to Mahu2021 [Qc Tc]
Mahu2021: raises 30 to 60
LAMGOZZZZ: folds 
Uncalled bet (30) returned to Mahu2021
Mahu2021 collected 60 from pot
Mahu2021: doesn't show hand 
*** SUMMARY ***
Total pot 60 | Rake 0 
Seat 2: Mahu2021 (button) (small blind) collected (60)
Seat 3: LAMGOZZZZ (big blind) folded before Flop



PokerStars Hand #252843439103: Tournament #3809989524, $1.84+$0.16 USD Hold'em No Limit - Level II (15/30) - 2024/10/09 17:36:59 CET [2024/10/09 11:36:59 ET]
Table '3809989524 1' 3-max Seat #3 is the button
Seat 2: Mahu2021 (1010 in chips) 
Seat 3: LAMGOZZZZ (490 in chips) 
LAMGOZZZZ: posts small blind 15
Mahu2021: posts big blind 30
*** HOLE CARDS ***
Dealt to Mahu2021 [5s 3d]
LAMGOZZZZ: folds 
Uncalled bet (15) returned to Mahu2021
Mahu2021 collected 30 from pot
Mahu2021: doesn't show hand 
*** SUMMARY ***
Total pot 30 | Rake 0 
Seat 2: Mahu2021 (big blind) collected (30)
Seat 3: LAMGOZZZZ (button) (small blind) folded before Flop



PokerStars Hand #252843439941: Tournament #3809989524, $1.84+$0.16 USD Hold'em No Limit - Level II (15/30) - 2024/10/09 17:37:03 CET [2024/10/09 11:37:03 ET]
Table '3809989524 1' 3-max Seat #2 is the button
Seat 2: Mahu2021 (1025 in chips) 
Seat 3: LAMGOZZZZ (475 in chips) 
Mahu2021: posts small blind 15
LAMGOZZZZ: posts big blind 30
*** HOLE CARDS ***
Dealt to Mahu2021 [2d Kh]
Mahu2021: raises 30 to 60
LAMGOZZZZ: calls 30
*** FLOP *** [6c Qs 3h]
LAMGOZZZZ: bets 30
Mahu2021: folds 
Uncalled bet (30) returned to LAMGOZZZZ
LAMGOZZZZ collected 120 from pot
*** SUMMARY ***
Total pot 120 | Rake 0 
Board [6c Qs 3h]
Seat 2: Mahu2021 (button) (small blind) folded on the Flop
Seat 3: LAMGOZZZZ (big blind) collected (120)



PokerStars Hand #252843441990: Tournament #3809989524, $1.84+$0.16 USD Hold'em No Limit - Level II (15/30) - 2024/10/09 17:37:12 CET [2024/10/09 11:37:12 ET]
Table '3809989524 1' 3-max Seat #3 is the button
Seat 2: Mahu2021 (965 in chips) 
Seat 3: LAMGOZZZZ (535 in chips) 
LAMGOZZZZ: posts small blind 15
Mahu2021: posts big blind 30
*** HOLE CARDS ***
Dealt to Mahu2021 [2s As]
LAMGOZZZZ: folds 
Uncalled bet (15) returned to Mahu2021
Mahu2021 collected 30 from pot
Mahu2021: doesn't show hand 
*** SUMMARY ***
Total pot 30 | Rake 0 
Seat 2: Mahu2021 (big blind) collected (30)
Seat 3: LAMGOZZZZ (button) (small blind) folded before Flop



PokerStars Hand #252843442916: Tournament #3809989524, $1.84+$0.16 USD Hold'em No Limit - Level II (15/30) - 2024/10/09 17:37:16 CET [2024/10/09 11:37:16 ET]
Table '3809989524 1' 3-max Seat #2 is the button
Seat 2: Mahu2021 (980 in chips) 
Seat 3: LAMGOZZZZ (520 in chips) 
Mahu2021: posts small blind 15
LAMGOZZZZ: posts big blind 30
*** HOLE CARDS ***
Dealt to Mahu2021 [7s 9c]
Mahu2021: raises 30 to 60
LAMGOZZZZ: calls 30
*** FLOP *** [3d Kh 8c]
LAMGOZZZZ: checks 
Mahu2021: checks 
*** TURN *** [3d Kh 8c] [8d]
LAMGOZZZZ: bets 30
Mahu2021: calls 30
*** RIVER *** [3d Kh 8c 8d] [Jd]
LAMGOZZZZ: bets 180
Mahu2021: folds 
Uncalled bet (180) returned to LAMGOZZZZ
LAMGOZZZZ collected 180 from pot
*** SUMMARY ***
Total pot 180 | Rake 0 
Board [3d Kh 8c 8d Jd]
Seat 2: Mahu2021 (button) (small blind) folded on the River
Seat 3: LAMGOZZZZ (big blind) collected (180)



PokerStars Hand #252843445687: Tournament #3809989524, $1.84+$0.16 USD Hold'em No Limit - Level II (15/30) - 2024/10/09 17:37:29 CET [2024/10/09 11:37:29 ET]
Table '3809989524 1' 3-max Seat #3 is the button
Seat 2: Mahu2021 (890 in chips) 
Seat 3: LAMGOZZZZ (610 in chips) 
LAMGOZZZZ: posts small blind 15
Mahu2021: posts big blind 30
*** HOLE CARDS ***
Dealt to Mahu2021 [2s Kd]
LAMGOZZZZ: folds 
Uncalled bet (15) returned to Mahu2021
Mahu2021 collected 30 from pot
Mahu2021: doesn't show hand 
*** SUMMARY ***
Total pot 30 | Rake 0 
Seat 2: Mahu2021 (big blind) collected (30)
Seat 3: LAMGOZZZZ (button) (small blind) folded before Flop



PokerStars Hand #252843446522: Tournament #3809989524, $1.84+$0.16 USD Hold'em No Limit - Level II (15/30) - 2024/10/09 17:37:33 CET [2024/10/09 11:37:33 ET]
Table '3809989524 1' 3-max Seat #2 is the button
Seat 2: Mahu2021 (905 in chips) 
Seat 3: LAMGOZZZZ (595 in chips) 
Mahu2021: posts small blind 15
LAMGOZZZZ: posts big blind 30
*** HOLE CARDS ***
Dealt to Mahu2021 [Qh 5s]
Mahu2021: raises 30 to 60
LAMGOZZZZ: calls 30
*** FLOP *** [4s Js 7c]
LAMGOZZZZ: checks 
Mahu2021: checks 
*** TURN *** [4s Js 7c] [4d]
LAMGOZZZZ: bets 30
Mahu2021: calls 30
*** RIVER *** [4s Js 7c 4d] [3d]
LAMGOZZZZ: bets 180
Mahu2021: folds 
Uncalled bet (180) returned to LAMGOZZZZ
LAMGOZZZZ collected 180 from pot
*** SUMMARY ***
Total pot 180 | Rake 0 
Board [4s Js 7c 4d 3d]
Seat 2: Mahu2021 (button) (small blind) folded on the River
Seat 3: LAMGOZZZZ (big blind) collected (180)



PokerStars Hand #252843449374: Tournament #3809989524, $1.84+$0.16 USD Hold'em No Limit - Level II (15/30) - 2024/10/09 17:37:45 CET [2024/10/09 11:37:45 ET]
Table '3809989524 1' 3-max Seat #3 is the button
Seat 2: Mahu2021 (815 in chips) 
Seat 3: LAMGOZZZZ (685 in chips) 
LAMGOZZZZ: posts small blind 15
Mahu2021: posts big blind 30
*** HOLE CARDS ***
Dealt to Mahu2021 [5h Js]
LAMGOZZZZ: raises 30 to 60
Mahu2021: calls 30
*** FLOP *** [Kd Ks 4s]
Mahu2021: checks 
LAMGOZZZZ: bets 30
Mahu2021: calls 30
*** TURN *** [Kd Ks 4s] [6c]
Mahu2021: checks 
LAMGOZZZZ: bets 90
Mahu2021: folds 
Uncalled bet (90) returned to LAMGOZZZZ
LAMGOZZZZ collected 180 from pot
*** SUMMARY ***
Total pot 180 | Rake 0 
Board [Kd Ks 4s 6c]
Seat 2: Mahu2021 (big blind) folded on the Turn
Seat 3: LAMGOZZZZ (button) (small blind) collected (180)



PokerStars Hand #252843452070: Tournament #3809989524, $1.84+$0.16 USD Hold'em No Limit - Level II (15/30) - 2024/10/09 17:37:57 CET [2024/10/09 11:37:57 ET]
Table '3809989524 1' 3-max Seat #2 is the button
Seat 2: Mahu2021 (725 in chips) 
Seat 3: LAMGOZZZZ (775 in chips) 
Mahu2021: posts small blind 15
LAMGOZZZZ: posts big blind 30
*** HOLE CARDS ***
Dealt to Mahu2021 [Td 6h]
Mahu2021: calls 15
LAMGOZZZZ: checks 
*** FLOP *** [4h Ks Tc]
LAMGOZZZZ: checks 
Mahu2021: bets 30
LAMGOZZZZ: folds 
Uncalled bet (30) returned to Mahu2021
Mahu2021 collected 60 from pot
Mahu2021: doesn't show hand 
*** SUMMARY ***
Total pot 60 | Rake 0 
Board [4h Ks Tc]
Seat 2: Mahu2021 (button) (small blind) collected (60)
Seat 3: LAMGOZZZZ (big blind) folded on the Flop



PokerStars Hand #252843453900: Tournament #3809989524, $1.84+$0.16 USD Hold'em No Limit - Level II (15/30) - 2024/10/09 17:38:06 CET [2024/10/09 11:38:06 ET]
Table '3809989524 1' 3-max Seat #3 is the button
Seat 2: Mahu2021 (755 in chips) 
Seat 3: LAMGOZZZZ (745 in chips) 
LAMGOZZZZ: posts small blind 15
Mahu2021: posts big blind 30
*** HOLE CARDS ***
Dealt to Mahu2021 [3h 9d]
LAMGOZZZZ: raises 30 to 60
Mahu2021: folds 
Uncalled bet (30) returned to LAMGOZZZZ
LAMGOZZZZ collected 60 from pot
*** SUMMARY ***
Total pot 60 | Rake 0 
Seat 2: Mahu2021 (big blind) folded before Flop
Seat 3: LAMGOZZZZ (button) (small blind) collected (60)



PokerStars Hand #252843454933: Tournament #3809989524, $1.84+$0.16 USD Hold'em No Limit - Level II (15/30) - 2024/10/09 17:38:10 CET [2024/10/09 11:38:10 ET]
Table '3809989524 1' 3-max Seat #2 is the button
Seat 2: Mahu2021 (725 in chips) 
Seat 3: LAMGOZZZZ (775 in chips) 
Mahu2021: posts small blind 15
LAMGOZZZZ: posts big blind 30
*** HOLE CARDS ***
Dealt to Mahu2021 [2s Th]
Mahu2021: folds 
Uncalled bet (15) returned to LAMGOZZZZ
LAMGOZZZZ collected 30 from pot
*** SUMMARY ***
Total pot 30 | Rake 0 
Seat 2: Mahu2021 (button) (small blind) folded before Flop
Seat 3: LAMGOZZZZ (big blind) collected (30)



PokerStars Hand #252843455895: Tournament #3809989524, $1.84+$0.16 USD Hold'em No Limit - Level II (15/30) - 2024/10/09 17:38:15 CET [2024/10/09 11:38:15 ET]
Table '3809989524 1' 3-max Seat #3 is the button
Seat 2: Mahu2021 (710 in chips) 
Seat 3: LAMGOZZZZ (790 in chips) 
LAMGOZZZZ: posts small blind 15
Mahu2021: posts big blind 30
*** HOLE CARDS ***
Dealt to Mahu2021 [9d 8s]
LAMGOZZZZ: raises 30 to 60
Mahu2021: calls 30
*** FLOP *** [Td Qc 3s]
Mahu2021: checks 
LAMGOZZZZ: checks 
*** TURN *** [Td Qc 3s] [Tc]
Mahu2021: bets 30
LAMGOZZZZ: folds 
Uncalled bet (30) returned to Mahu2021
Mahu2021 collected 120 from pot
Mahu2021: doesn't show hand 
*** SUMMARY ***
Total pot 120 | Rake 0 
Board [Td Qc 3s Tc]
Seat 2: Mahu2021 (big blind) collected (120)
Seat 3: LAMGOZZZZ (button) (small blind) folded on the Turn



PokerStars Hand #252843457965: Tournament #3809989524, $1.84+$0.16 USD Hold'em No Limit - Level II (15/30) - 2024/10/09 17:38:24 CET [2024/10/09 11:38:24 ET]
Table '3809989524 1' 3-max Seat #2 is the button
Seat 2: Mahu2021 (770 in chips) 
Seat 3: LAMGOZZZZ (730 in chips) 
Mahu2021: posts small blind 15
LAMGOZZZZ: posts big blind 30
*** HOLE CARDS ***
Dealt to Mahu2021 [4h As]
Mahu2021: raises 30 to 60
LAMGOZZZZ: calls 30
*** FLOP *** [Ad Qh Th]
LAMGOZZZZ: checks 
Mahu2021: bets 60
LAMGOZZZZ: calls 60
*** TURN *** [Ad Qh Th] [9c]
LAMGOZZZZ: checks 
Mahu2021: bets 60
LAMGOZZZZ: calls 60
*** RIVER *** [Ad Qh Th 9c] [2c]
LAMGOZZZZ: bets 550 and is all-in
Mahu2021: calls 550
*** SHOW DOWN ***
LAMGOZZZZ: shows [Ts 9s] (two pair, Tens and Nines)
Mahu2021: shows [4h As] (a pair of Aces)
LAMGOZZZZ collected 1460 from pot
*** SUMMARY ***
Total pot 1460 | Rake 0 
Board [Ad Qh Th 9c 2c]
Seat 2: Mahu2021 (button) (small blind) showed [4h As] and lost with a pair of Aces
Seat 3: LAMGOZZZZ (big blind) showed [Ts 9s] and won (1460) with two pair, Tens and Nines



PokerStars Hand #252843462191: Tournament #3809989524, $1.84+$0.16 USD Hold'em No Limit - Level II (15/30) - 2024/10/09 17:38:43 CET [2024/10/09 11:38:43 ET]
Table '3809989524 1' 3-max Seat #3 is the button
Seat 2: Mahu2021 (40 in chips) 
Seat 3: LAMGOZZZZ (1460 in chips) 
LAMGOZZZZ: posts small blind 15
Mahu2021: posts big blind 30
*** HOLE CARDS ***
Dealt to Mahu2021 [2c Th]
LAMGOZZZZ: raises 30 to 60
Mahu2021: calls 10 and is all-in
Uncalled bet (20) returned to LAMGOZZZZ
*** FLOP *** [4d 7c Ah]
*** TURN *** [4d 7c Ah] [Tc]
*** RIVER *** [4d 7c Ah Tc] [9h]
*** SHOW DOWN ***
Mahu2021: shows [2c Th] (a pair of Tens)
LAMGOZZZZ: shows [5h Qc] (high card Ace)
Mahu2021 collected 80 from pot
*** SUMMARY ***
Total pot 80 | Rake 0 
Board [4d 7c Ah Tc 9h]
Seat 2: Mahu2021 (big blind) showed [2c Th] and won (80) with a pair of Tens
Seat 3: LAMGOZZZZ (button) (small blind) showed [5h Qc] and lost with high card Ace



PokerStars Hand #252843465299: Tournament #3809989524, $1.84+$0.16 USD Hold'em No Limit - Level III (20/40) - 2024/10/09 17:38:57 CET [2024/10/09 11:38:57 ET]
Table '3809989524 1' 3-max Seat #2 is the button
Seat 2: Mahu2021 (80 in chips) 
Seat 3: LAMGOZZZZ (1420 in chips) 
Mahu2021: posts small blind 20
LAMGOZZZZ: posts big blind 40
*** HOLE CARDS ***
Dealt to Mahu2021 [Tc 4c]
Mahu2021: raises 40 to 80 and is all-in
LAMGOZZZZ: calls 40
*** FLOP *** [Ts 4h Qh]
*** TURN *** [Ts 4h Qh] [As]
*** RIVER *** [Ts 4h Qh As] [Ad]
*** SHOW DOWN ***
LAMGOZZZZ: shows [4s Qd] (two pair, Aces and Queens)
Mahu2021: shows [Tc 4c] (two pair, Aces and Tens)
LAMGOZZZZ collected 160 from pot
Mahu2021 finished the tournament in 2nd place
LAMGOZZZZ wins the tournament and receives $6.00 - congratulations!
*** SUMMARY ***
Total pot 160 | Rake 0 
Board [Ts 4h Qh As Ad]
Seat 2: Mahu2021 (button) (small blind) showed [Tc 4c] and lost with two pair, Aces and Tens
Seat 3: LAMGOZZZZ (big blind) showed [4s Qd] and won (160) with two pair, Aces and Queens



