PokerStars Hand #248468391091: Tournament #3706150335, $1.84+$0.16 USD Hold'em No Limit - Level I (10/20) - 2024/01/24 16:54:52 CET [2024/01/24 10:54:52 ET]
Table '3706150335 1' 3-max Seat #1 is the button
Seat 1: ViihAlvesz (500 in chips) 
Seat 2: Naipado Nuts (500 in chips) 
Seat 3: Mahu2021 (500 in chips) 
Naipado Nuts: posts small blind 10
Mahu2021: posts big blind 20
*** HOLE CARDS ***
Dealt to Mahu2021 [8h Jc]
ViihAlvesz: folds 
Naipado Nuts: calls 10
Mahu2021: checks 
*** FLOP *** [7s Qd 8d]
Naipado Nuts: bets 20
Mahu2021: calls 20
*** TURN *** [7s Qd 8d] [Th]
Naipado Nuts: bets 54
Mahu2021: calls 54
*** RIVER *** [7s Qd 8d Th] [4d]
Naipado Nuts: bets 94
Mahu2021: folds 
Uncalled bet (94) returned to Naipado Nuts
Naipado Nuts collected 188 from pot
Naipado Nuts: doesn't show hand 
*** SUMMARY ***
Total pot 188 | Rake 0 
Board [7s Qd 8d Th 4d]
Seat 1: ViihAlvesz (button) folded before Flop (didn't bet)
Seat 2: Naipado Nuts (small blind) collected (188)
Seat 3: Mahu2021 (big blind) folded on the River



PokerStars Hand #248468395969: Tournament #3706150335, $1.84+$0.16 USD Hold'em No Limit - Level I (10/20) - 2024/01/24 16:55:12 CET [2024/01/24 10:55:12 ET]
Table '3706150335 1' 3-max Seat #2 is the button
Seat 1: ViihAlvesz (500 in chips) 
Seat 2: Naipado Nuts (594 in chips) 
Seat 3: Mahu2021 (406 in chips) 
Mahu2021: posts small blind 10
ViihAlvesz: posts big blind 20
*** HOLE CARDS ***
Dealt to Mahu2021 [Js 6d]
Naipado Nuts: calls 20
Mahu2021: folds 
ViihAlvesz: checks 
*** FLOP *** [6h 5c 8h]
ViihAlvesz: checks 
Naipado Nuts: bets 55
ViihAlvesz: calls 55
*** TURN *** [6h 5c 8h] [8s]
ViihAlvesz: checks 
Naipado Nuts: checks 
*** RIVER *** [6h 5c 8h 8s] [6c]
ViihAlvesz: checks 
Naipado Nuts: checks 
*** SHOW DOWN ***
ViihAlvesz: shows [5h 9s] (two pair, Eights and Sixes)
Naipado Nuts: shows [Tc Ts] (two pair, Tens and Eights)
Naipado Nuts collected 160 from pot
*** SUMMARY ***
Total pot 160 | Rake 0 
Board [6h 5c 8h 8s 6c]
Seat 1: ViihAlvesz (big blind) showed [5h 9s] and lost with two pair, Eights and Sixes
Seat 2: Naipado Nuts (button) showed [Tc Ts] and won (160) with two pair, Tens and Eights
Seat 3: Mahu2021 (small blind) folded before Flop



PokerStars Hand #248468401024: Tournament #3706150335, $1.84+$0.16 USD Hold'em No Limit - Level I (10/20) - 2024/01/24 16:55:37 CET [2024/01/24 10:55:37 ET]
Table '3706150335 1' 3-max Seat #3 is the button
Seat 1: ViihAlvesz (425 in chips) 
Seat 2: Naipado Nuts (679 in chips) 
Seat 3: Mahu2021 (396 in chips) 
ViihAlvesz: posts small blind 10
Naipado Nuts: posts big blind 20
*** HOLE CARDS ***
Dealt to Mahu2021 [3d Ks]
Mahu2021: folds 
ViihAlvesz: calls 10
Naipado Nuts: checks 
*** FLOP *** [Tc 6s Kh]
ViihAlvesz: bets 20
Naipado Nuts: calls 20
*** TURN *** [Tc 6s Kh] [3h]
ViihAlvesz: bets 20
Naipado Nuts: calls 20
*** RIVER *** [Tc 6s Kh 3h] [7h]
ViihAlvesz: bets 60
Naipado Nuts: calls 60
*** SHOW DOWN ***
ViihAlvesz: shows [7s 6d] (two pair, Sevens and Sixes)
Naipado Nuts: mucks hand 
ViihAlvesz collected 240 from pot
*** SUMMARY ***
Total pot 240 | Rake 0 
Board [Tc 6s Kh 3h 7h]
Seat 1: ViihAlvesz (small blind) showed [7s 6d] and won (240) with two pair, Sevens and Sixes
Seat 2: Naipado Nuts (big blind) mucked [5c Td]
Seat 3: Mahu2021 (button) folded before Flop (didn't bet)



PokerStars Hand #248468405126: Tournament #3706150335, $1.84+$0.16 USD Hold'em No Limit - Level I (10/20) - 2024/01/24 16:55:58 CET [2024/01/24 10:55:58 ET]
Table '3706150335 1' 3-max Seat #1 is the button
Seat 1: ViihAlvesz (545 in chips) 
Seat 2: Naipado Nuts (559 in chips) 
Seat 3: Mahu2021 (396 in chips) 
Naipado Nuts: posts small blind 10
Mahu2021: posts big blind 20
*** HOLE CARDS ***
Dealt to Mahu2021 [8h Qd]
ViihAlvesz: raises 20 to 40
Naipado Nuts: folds 
Mahu2021: calls 20
*** FLOP *** [Kd 4d 4c]
Mahu2021: checks 
ViihAlvesz: bets 20
Mahu2021: folds 
Uncalled bet (20) returned to ViihAlvesz
ViihAlvesz collected 90 from pot
*** SUMMARY ***
Total pot 90 | Rake 0 
Board [Kd 4d 4c]
Seat 1: ViihAlvesz (button) collected (90)
Seat 2: Naipado Nuts (small blind) folded before Flop
Seat 3: Mahu2021 (big blind) folded on the Flop



PokerStars Hand #248468408304: Tournament #3706150335, $1.84+$0.16 USD Hold'em No Limit - Level I (10/20) - 2024/01/24 16:56:13 CET [2024/01/24 10:56:13 ET]
Table '3706150335 1' 3-max Seat #2 is the button
Seat 1: ViihAlvesz (595 in chips) 
Seat 2: Naipado Nuts (549 in chips) 
Seat 3: Mahu2021 (356 in chips) 
Mahu2021: posts small blind 10
ViihAlvesz: posts big blind 20
*** HOLE CARDS ***
Dealt to Mahu2021 [Kh 6d]
Naipado Nuts: calls 20
Mahu2021: calls 10
ViihAlvesz: checks 
*** FLOP *** [5c Ac Kc]
Mahu2021: checks 
ViihAlvesz: checks 
Naipado Nuts: checks 
*** TURN *** [5c Ac Kc] [7d]
Mahu2021: bets 40
ViihAlvesz: folds 
Naipado Nuts: calls 40
*** RIVER *** [5c Ac Kc 7d] [7s]
Mahu2021: bets 296 and is all-in
Naipado Nuts: calls 296
*** SHOW DOWN ***
Mahu2021: shows [Kh 6d] (two pair, Kings and Sevens)
Naipado Nuts: shows [7h 4h] (three of a kind, Sevens)
Naipado Nuts collected 732 from pot
Mahu2021 finished the tournament in 3rd place
*** SUMMARY ***
Total pot 732 | Rake 0 
Board [5c Ac Kc 7d 7s]
Seat 1: ViihAlvesz (big blind) folded on the Turn
Seat 2: Naipado Nuts (button) showed [7h 4h] and won (732) with three of a kind, Sevens
Seat 3: Mahu2021 (small blind) showed [Kh 6d] and lost with two pair, Kings and Sevens



