PokerStars Hand #247552841113: Tournament #3683869868, $1.84+$0.16 USD Hold'em No Limit - Level I (10/20) - 2023/12/08 22:51:37 CET [2023/12/08 16:51:37 ET]
Table '3683869868 1' 3-max Seat #1 is the button
Seat 1: mrFiks777 (500 in chips) 
Seat 2: Mahu2021 (500 in chips) 
Seat 3: varde66 (500 in chips) is sitting out
Mahu2021: posts small blind 10
varde66: posts big blind 20
*** HOLE CARDS ***
Dealt to Mahu2021 [4h 9h]
mrFiks777: folds 
Mahu2021: calls 10
varde66: folds 
Mahu2021 collected 40 from pot
Mahu2021: doesn't show hand 
*** SUMMARY ***
Total pot 40 | Rake 0 
Seat 1: mrFiks777 (button) folded before Flop (didn't bet)
Seat 2: Mahu2021 (small blind) collected (40)
Seat 3: varde66 (big blind) folded before Flop



PokerStars Hand #247552842890: Tournament #3683869868, $1.84+$0.16 USD Hold'em No Limit - Level I (10/20) - 2023/12/08 22:51:42 CET [2023/12/08 16:51:42 ET]
Table '3683869868 1' 3-max Seat #2 is the button
Seat 1: mrFiks777 (500 in chips) 
Seat 2: Mahu2021 (520 in chips) 
Seat 3: varde66 (480 in chips) is sitting out
varde66: posts small blind 10
mrFiks777: posts big blind 20
*** HOLE CARDS ***
Dealt to Mahu2021 [2h Ad]
Mahu2021: calls 20
varde66: folds 
mrFiks777: checks 
*** FLOP *** [Ts As Ah]
mrFiks777: checks 
Mahu2021: bets 20
mrFiks777: calls 20
*** TURN *** [Ts As Ah] [7c]
mrFiks777: checks 
Mahu2021: checks 
*** RIVER *** [Ts As Ah 7c] [Ks]
mrFiks777: bets 50
Mahu2021: raises 430 to 480 and is all-in
mrFiks777: calls 410 and is all-in
Uncalled bet (20) returned to Mahu2021
*** SHOW DOWN ***
Mahu2021: shows [2h Ad] (three of a kind, Aces)
mrFiks777: shows [3s 7s] (a flush, Ace high)
mrFiks777 collected 1010 from pot
*** SUMMARY ***
Total pot 1010 | Rake 0 
Board [Ts As Ah 7c Ks]
Seat 1: mrFiks777 (big blind) showed [3s 7s] and won (1010) with a flush, Ace high
Seat 2: Mahu2021 (button) showed [2h Ad] and lost with three of a kind, Aces
Seat 3: varde66 (small blind) folded before Flop



PokerStars Hand #247552853228: Tournament #3683869868, $1.84+$0.16 USD Hold'em No Limit - Level I (10/20) - 2023/12/08 22:52:13 CET [2023/12/08 16:52:13 ET]
Table '3683869868 1' 3-max Seat #3 is the button
Seat 1: mrFiks777 (1010 in chips) 
Seat 2: Mahu2021 (20 in chips) 
Seat 3: varde66 (470 in chips) is sitting out
mrFiks777: posts small blind 10
Mahu2021: posts big blind 20 and is all-in
*** HOLE CARDS ***
Dealt to Mahu2021 [Ad 8c]
varde66: folds 
mrFiks777: calls 10
*** FLOP *** [4h 5s 2h]
*** TURN *** [4h 5s 2h] [6s]
*** RIVER *** [4h 5s 2h 6s] [2c]
*** SHOW DOWN ***
mrFiks777: shows [9c Kh] (a pair of Deuces)
Mahu2021: shows [Ad 8c] (a pair of Deuces - Ace kicker)
Mahu2021 collected 40 from pot
*** SUMMARY ***
Total pot 40 | Rake 0 
Board [4h 5s 2h 6s 2c]
Seat 1: mrFiks777 (small blind) showed [9c Kh] and lost with a pair of Deuces
Seat 2: Mahu2021 (big blind) showed [Ad 8c] and won (40) with a pair of Deuces
Seat 3: varde66 (button) folded before Flop (didn't bet)



PokerStars Hand #247552857192: Tournament #3683869868, $1.84+$0.16 USD Hold'em No Limit - Level I (10/20) - 2023/12/08 22:52:25 CET [2023/12/08 16:52:25 ET]
Table '3683869868 1' 3-max Seat #1 is the button
Seat 1: mrFiks777 (990 in chips) 
Seat 2: Mahu2021 (40 in chips) 
Seat 3: varde66 (470 in chips) is sitting out
Mahu2021: posts small blind 10
varde66: posts big blind 20
*** HOLE CARDS ***
Dealt to Mahu2021 [7s 4c]
mrFiks777: folds 
Mahu2021: folds 
Uncalled bet (10) returned to varde66
varde66 collected 20 from pot
varde66: doesn't show hand 
*** SUMMARY ***
Total pot 20 | Rake 0 
Seat 1: mrFiks777 (button) folded before Flop (didn't bet)
Seat 2: Mahu2021 (small blind) folded before Flop
Seat 3: varde66 (big blind) collected (20)



PokerStars Hand #247552858837: Tournament #3683869868, $1.84+$0.16 USD Hold'em No Limit - Level I (10/20) - 2023/12/08 22:52:30 CET [2023/12/08 16:52:30 ET]
Table '3683869868 1' 3-max Seat #2 is the button
Seat 1: mrFiks777 (990 in chips) 
Seat 2: Mahu2021 (30 in chips) 
Seat 3: varde66 (480 in chips) is sitting out
varde66: posts small blind 10
mrFiks777: posts big blind 20
*** HOLE CARDS ***
Dealt to Mahu2021 [2c Ah]
Mahu2021: raises 10 to 30 and is all-in
varde66: folds 
mrFiks777: calls 10
*** FLOP *** [9h 2h Js]
*** TURN *** [9h 2h Js] [Ac]
varde66 is disconnected 
*** RIVER *** [9h 2h Js Ac] [7h]
varde66 has returned
*** SHOW DOWN ***
mrFiks777: shows [2d 6s] (a pair of Deuces)
Mahu2021: shows [2c Ah] (two pair, Aces and Deuces)
Mahu2021 collected 70 from pot
*** SUMMARY ***
Total pot 70 | Rake 0 
Board [9h 2h Js Ac 7h]
Seat 1: mrFiks777 (big blind) showed [2d 6s] and lost with a pair of Deuces
Seat 2: Mahu2021 (button) showed [2c Ah] and won (70) with two pair, Aces and Deuces
Seat 3: varde66 (small blind) folded before Flop



PokerStars Hand #247552863902: Tournament #3683869868, $1.84+$0.16 USD Hold'em No Limit - Level I (10/20) - 2023/12/08 22:52:45 CET [2023/12/08 16:52:45 ET]
Table '3683869868 1' 3-max Seat #3 is the button
Seat 1: mrFiks777 (960 in chips) 
Seat 2: Mahu2021 (70 in chips) 
Seat 3: varde66 (470 in chips) 
mrFiks777: posts small blind 10
Mahu2021: posts big blind 20
*** HOLE CARDS ***
Dealt to Mahu2021 [Qh 8s]
varde66: folds 
mrFiks777: raises 40 to 60
Mahu2021: raises 10 to 70 and is all-in
mrFiks777: calls 10
*** FLOP *** [Td Kh Qs]
*** TURN *** [Td Kh Qs] [9c]
*** RIVER *** [Td Kh Qs 9c] [3d]
*** SHOW DOWN ***
mrFiks777: shows [9d Ad] (a pair of Nines)
Mahu2021: shows [Qh 8s] (a pair of Queens)
Mahu2021 collected 140 from pot
*** SUMMARY ***
Total pot 140 | Rake 0 
Board [Td Kh Qs 9c 3d]
Seat 1: mrFiks777 (small blind) showed [9d Ad] and lost with a pair of Nines
Seat 2: Mahu2021 (big blind) showed [Qh 8s] and won (140) with a pair of Queens
Seat 3: varde66 (button) folded before Flop (didn't bet)



PokerStars Hand #247552870879: Tournament #3683869868, $1.84+$0.16 USD Hold'em No Limit - Level I (10/20) - 2023/12/08 22:53:06 CET [2023/12/08 16:53:06 ET]
Table '3683869868 1' 3-max Seat #1 is the button
Seat 1: mrFiks777 (890 in chips) 
Seat 2: Mahu2021 (140 in chips) 
Seat 3: varde66 (470 in chips) 
Mahu2021: posts small blind 10
varde66: posts big blind 20
*** HOLE CARDS ***
Dealt to Mahu2021 [Jh Qh]
mrFiks777: folds 
Mahu2021: raises 40 to 60
varde66: raises 410 to 470 and is all-in
Mahu2021: calls 80 and is all-in
Uncalled bet (330) returned to varde66
*** FLOP *** [8s 6h 7d]
*** TURN *** [8s 6h 7d] [Kc]
*** RIVER *** [8s 6h 7d Kc] [Ad]
*** SHOW DOWN ***
Mahu2021: shows [Jh Qh] (high card Ace)
varde66: shows [Kh Qs] (a pair of Kings)
varde66 collected 280 from pot
Mahu2021 finished the tournament in 3rd place
*** SUMMARY ***
Total pot 280 | Rake 0 
Board [8s 6h 7d Kc Ad]
Seat 1: mrFiks777 (button) folded before Flop (didn't bet)
Seat 2: Mahu2021 (small blind) showed [Jh Qh] and lost with high card Ace
Seat 3: varde66 (big blind) showed [Kh Qs] and won (280) with a pair of Kings



