PokerStars Hand #249088102540: Tournament #3721101197, $1.84+$0.16 USD Hold'em No Limit - Level I (10/20) - 2024/02/25 18:44:01 CET [2024/02/25 12:44:01 ET]
Table '3721101197 1' 3-max Seat #1 is the button
Seat 1: Condorsurf (500 in chips) 
Seat 2: Mahu2021 (500 in chips) 
Seat 3: leoluz171 (500 in chips) 
Mahu2021: posts small blind 10
leoluz171: posts big blind 20
*** HOLE CARDS ***
Dealt to Mahu2021 [5c 7s]
Condorsurf: calls 20
Mahu2021: folds 
leoluz171: raises 20 to 40
Condorsurf: calls 20
*** FLOP *** [9c Ts Jd]
leoluz171: bets 80
Condorsurf: calls 80
*** TURN *** [9c Ts Jd] [Ad]
leoluz171: checks 
Condorsurf: bets 165
leoluz171: raises 215 to 380 and is all-in
Condorsurf: calls 215 and is all-in
*** RIVER *** [9c Ts Jd Ad] [Qd]
*** SHOW DOWN ***
leoluz171: shows [2c Kd] (a straight, Ten to Ace)
Condorsurf: shows [As Qc] (two pair, Aces and Queens)
leoluz171 collected 1010 from pot
Condorsurf finished the tournament in 3rd place
*** SUMMARY ***
Total pot 1010 | Rake 0 
Board [9c Ts Jd Ad Qd]
Seat 1: Condorsurf (button) showed [As Qc] and lost with two pair, Aces and Queens
Seat 2: Mahu2021 (small blind) folded before Flop
Seat 3: leoluz171 (big blind) showed [2c Kd] and won (1010) with a straight, Ten to Ace



PokerStars Hand #249088122656: Tournament #3721101197, $1.84+$0.16 USD Hold'em No Limit - Level I (10/20) - 2024/02/25 18:44:56 CET [2024/02/25 12:44:56 ET]
Table '3721101197 1' 3-max Seat #3 is the button
Seat 2: Mahu2021 (490 in chips) 
Seat 3: leoluz171 (1010 in chips) 
leoluz171: posts small blind 10
Mahu2021: posts big blind 20
*** HOLE CARDS ***
Dealt to Mahu2021 [Qd 3s]
leoluz171: calls 10
Mahu2021: checks 
*** FLOP *** [7h 7c 8d]
Mahu2021: checks 
leoluz171: checks 
*** TURN *** [7h 7c 8d] [4c]
Mahu2021: checks 
leoluz171: checks 
*** RIVER *** [7h 7c 8d 4c] [9c]
Mahu2021: checks 
leoluz171: checks 
*** SHOW DOWN ***
Mahu2021: shows [Qd 3s] (a pair of Sevens)
leoluz171: shows [Jc 5c] (a flush, Jack high)
leoluz171 collected 40 from pot
*** SUMMARY ***
Total pot 40 | Rake 0 
Board [7h 7c 8d 4c 9c]
Seat 2: Mahu2021 (big blind) showed [Qd 3s] and lost with a pair of Sevens
Seat 3: leoluz171 (button) (small blind) showed [Jc 5c] and won (40) with a flush, Jack high



PokerStars Hand #249088132183: Tournament #3721101197, $1.84+$0.16 USD Hold'em No Limit - Level I (10/20) - 2024/02/25 18:45:23 CET [2024/02/25 12:45:23 ET]
Table '3721101197 1' 3-max Seat #2 is the button
Seat 2: Mahu2021 (470 in chips) 
Seat 3: leoluz171 (1030 in chips) 
Mahu2021: posts small blind 10
leoluz171: posts big blind 20
*** HOLE CARDS ***
Dealt to Mahu2021 [Js 9h]
Mahu2021: raises 20 to 40
leoluz171: calls 20
*** FLOP *** [Ks Qc 7h]
leoluz171: checks 
Mahu2021: bets 40
leoluz171: folds 
Uncalled bet (40) returned to Mahu2021
Mahu2021 collected 80 from pot
Mahu2021: doesn't show hand 
*** SUMMARY ***
Total pot 80 | Rake 0 
Board [Ks Qc 7h]
Seat 2: Mahu2021 (button) (small blind) collected (80)
Seat 3: leoluz171 (big blind) folded on the Flop



PokerStars Hand #249088138342: Tournament #3721101197, $1.84+$0.16 USD Hold'em No Limit - Level I (10/20) - 2024/02/25 18:45:39 CET [2024/02/25 12:45:39 ET]
Table '3721101197 1' 3-max Seat #3 is the button
Seat 2: Mahu2021 (510 in chips) 
Seat 3: leoluz171 (990 in chips) 
leoluz171: posts small blind 10
Mahu2021: posts big blind 20
*** HOLE CARDS ***
Dealt to Mahu2021 [4s 5h]
leoluz171: folds 
Uncalled bet (10) returned to Mahu2021
Mahu2021 collected 20 from pot
Mahu2021: doesn't show hand 
*** SUMMARY ***
Total pot 20 | Rake 0 
Seat 2: Mahu2021 (big blind) collected (20)
Seat 3: leoluz171 (button) (small blind) folded before Flop



PokerStars Hand #249088140223: Tournament #3721101197, $1.84+$0.16 USD Hold'em No Limit - Level I (10/20) - 2024/02/25 18:45:45 CET [2024/02/25 12:45:45 ET]
Table '3721101197 1' 3-max Seat #2 is the button
Seat 2: Mahu2021 (520 in chips) 
Seat 3: leoluz171 (980 in chips) 
Mahu2021: posts small blind 10
leoluz171: posts big blind 20
*** HOLE CARDS ***
Dealt to Mahu2021 [Th Jh]
Mahu2021: raises 20 to 40
leoluz171: folds 
Uncalled bet (20) returned to Mahu2021
Mahu2021 collected 40 from pot
Mahu2021: doesn't show hand 
*** SUMMARY ***
Total pot 40 | Rake 0 
Seat 2: Mahu2021 (button) (small blind) collected (40)
Seat 3: leoluz171 (big blind) folded before Flop



PokerStars Hand #249088144303: Tournament #3721101197, $1.84+$0.16 USD Hold'em No Limit - Level I (10/20) - 2024/02/25 18:45:56 CET [2024/02/25 12:45:56 ET]
Table '3721101197 1' 3-max Seat #3 is the button
Seat 2: Mahu2021 (540 in chips) 
Seat 3: leoluz171 (960 in chips) 
leoluz171: posts small blind 10
Mahu2021: posts big blind 20
*** HOLE CARDS ***
Dealt to Mahu2021 [Js 2d]
leoluz171: raises 20 to 40
Mahu2021: folds 
Uncalled bet (20) returned to leoluz171
leoluz171 collected 40 from pot
leoluz171: doesn't show hand 
*** SUMMARY ***
Total pot 40 | Rake 0 
Seat 2: Mahu2021 (big blind) folded before Flop
Seat 3: leoluz171 (button) (small blind) collected (40)



PokerStars Hand #249088148528: Tournament #3721101197, $1.84+$0.16 USD Hold'em No Limit - Level II (15/30) - 2024/02/25 18:46:08 CET [2024/02/25 12:46:08 ET]
Table '3721101197 1' 3-max Seat #2 is the button
Seat 2: Mahu2021 (520 in chips) 
Seat 3: leoluz171 (980 in chips) 
Mahu2021: posts small blind 15
leoluz171: posts big blind 30
*** HOLE CARDS ***
Dealt to Mahu2021 [Ts 4s]
Mahu2021: calls 15
leoluz171: raises 30 to 60
Mahu2021: folds 
Uncalled bet (30) returned to leoluz171
leoluz171 collected 60 from pot
leoluz171: doesn't show hand 
*** SUMMARY ***
Total pot 60 | Rake 0 
Seat 2: Mahu2021 (button) (small blind) folded before Flop
Seat 3: leoluz171 (big blind) collected (60)



PokerStars Hand #249088152277: Tournament #3721101197, $1.84+$0.16 USD Hold'em No Limit - Level II (15/30) - 2024/02/25 18:46:18 CET [2024/02/25 12:46:18 ET]
Table '3721101197 1' 3-max Seat #3 is the button
Seat 2: Mahu2021 (490 in chips) 
Seat 3: leoluz171 (1010 in chips) 
leoluz171: posts small blind 15
Mahu2021: posts big blind 30
*** HOLE CARDS ***
Dealt to Mahu2021 [6h 8c]
leoluz171: raises 30 to 60
Mahu2021: folds 
Uncalled bet (30) returned to leoluz171
leoluz171 collected 60 from pot
leoluz171: doesn't show hand 
*** SUMMARY ***
Total pot 60 | Rake 0 
Seat 2: Mahu2021 (big blind) folded before Flop
Seat 3: leoluz171 (button) (small blind) collected (60)



PokerStars Hand #249088155876: Tournament #3721101197, $1.84+$0.16 USD Hold'em No Limit - Level II (15/30) - 2024/02/25 18:46:28 CET [2024/02/25 12:46:28 ET]
Table '3721101197 1' 3-max Seat #2 is the button
Seat 2: Mahu2021 (460 in chips) 
Seat 3: leoluz171 (1040 in chips) 
Mahu2021: posts small blind 15
leoluz171: posts big blind 30
*** HOLE CARDS ***
Dealt to Mahu2021 [7s 4h]
Mahu2021: folds 
Uncalled bet (15) returned to leoluz171
leoluz171 collected 30 from pot
leoluz171: doesn't show hand 
*** SUMMARY ***
Total pot 30 | Rake 0 
Seat 2: Mahu2021 (button) (small blind) folded before Flop
Seat 3: leoluz171 (big blind) collected (30)



PokerStars Hand #249088157473: Tournament #3721101197, $1.84+$0.16 USD Hold'em No Limit - Level II (15/30) - 2024/02/25 18:46:32 CET [2024/02/25 12:46:32 ET]
Table '3721101197 1' 3-max Seat #3 is the button
Seat 2: Mahu2021 (445 in chips) 
Seat 3: leoluz171 (1055 in chips) 
leoluz171: posts small blind 15
Mahu2021: posts big blind 30
*** HOLE CARDS ***
Dealt to Mahu2021 [Jd 4d]
leoluz171: folds 
Uncalled bet (15) returned to Mahu2021
Mahu2021 collected 30 from pot
Mahu2021: doesn't show hand 
*** SUMMARY ***
Total pot 30 | Rake 0 
Seat 2: Mahu2021 (big blind) collected (30)
Seat 3: leoluz171 (button) (small blind) folded before Flop



PokerStars Hand #249088159313: Tournament #3721101197, $1.84+$0.16 USD Hold'em No Limit - Level II (15/30) - 2024/02/25 18:46:37 CET [2024/02/25 12:46:37 ET]
Table '3721101197 1' 3-max Seat #2 is the button
Seat 2: Mahu2021 (460 in chips) 
Seat 3: leoluz171 (1040 in chips) 
Mahu2021: posts small blind 15
leoluz171: posts big blind 30
*** HOLE CARDS ***
Dealt to Mahu2021 [7h 6d]
Mahu2021: calls 15
leoluz171: checks 
*** FLOP *** [Jd Qc 5h]
leoluz171: checks 
Mahu2021: bets 30
leoluz171: calls 30
*** TURN *** [Jd Qc 5h] [Tc]
leoluz171: bets 60
Mahu2021: folds 
Uncalled bet (60) returned to leoluz171
leoluz171 collected 120 from pot
leoluz171: doesn't show hand 
*** SUMMARY ***
Total pot 120 | Rake 0 
Board [Jd Qc 5h Tc]
Seat 2: Mahu2021 (button) (small blind) folded on the Turn
Seat 3: leoluz171 (big blind) collected (120)



PokerStars Hand #249088166338: Tournament #3721101197, $1.84+$0.16 USD Hold'em No Limit - Level II (15/30) - 2024/02/25 18:46:57 CET [2024/02/25 12:46:57 ET]
Table '3721101197 1' 3-max Seat #3 is the button
Seat 2: Mahu2021 (400 in chips) 
Seat 3: leoluz171 (1100 in chips) 
leoluz171: posts small blind 15
Mahu2021: posts big blind 30
*** HOLE CARDS ***
Dealt to Mahu2021 [Jd 7d]
leoluz171: folds 
Uncalled bet (15) returned to Mahu2021
Mahu2021 collected 30 from pot
Mahu2021: doesn't show hand 
*** SUMMARY ***
Total pot 30 | Rake 0 
Seat 2: Mahu2021 (big blind) collected (30)
Seat 3: leoluz171 (button) (small blind) folded before Flop



PokerStars Hand #249088168606: Tournament #3721101197, $1.84+$0.16 USD Hold'em No Limit - Level II (15/30) - 2024/02/25 18:47:03 CET [2024/02/25 12:47:03 ET]
Table '3721101197 1' 3-max Seat #2 is the button
Seat 2: Mahu2021 (415 in chips) 
Seat 3: leoluz171 (1085 in chips) 
Mahu2021: posts small blind 15
leoluz171: posts big blind 30
*** HOLE CARDS ***
Dealt to Mahu2021 [2d As]
Mahu2021: calls 15
leoluz171: checks 
*** FLOP *** [Kd 4h Kc]
leoluz171: bets 60
Mahu2021: folds 
Uncalled bet (60) returned to leoluz171
leoluz171 collected 60 from pot
leoluz171: doesn't show hand 
*** SUMMARY ***
Total pot 60 | Rake 0 
Board [Kd 4h Kc]
Seat 2: Mahu2021 (button) (small blind) folded on the Flop
Seat 3: leoluz171 (big blind) collected (60)



PokerStars Hand #249088174098: Tournament #3721101197, $1.84+$0.16 USD Hold'em No Limit - Level II (15/30) - 2024/02/25 18:47:18 CET [2024/02/25 12:47:18 ET]
Table '3721101197 1' 3-max Seat #3 is the button
Seat 2: Mahu2021 (385 in chips) 
Seat 3: leoluz171 (1115 in chips) 
leoluz171: posts small blind 15
Mahu2021: posts big blind 30
*** HOLE CARDS ***
Dealt to Mahu2021 [2d Kc]
leoluz171: folds 
Uncalled bet (15) returned to Mahu2021
Mahu2021 collected 30 from pot
Mahu2021: doesn't show hand 
*** SUMMARY ***
Total pot 30 | Rake 0 
Seat 2: Mahu2021 (big blind) collected (30)
Seat 3: leoluz171 (button) (small blind) folded before Flop



PokerStars Hand #249088177267: Tournament #3721101197, $1.84+$0.16 USD Hold'em No Limit - Level II (15/30) - 2024/02/25 18:47:26 CET [2024/02/25 12:47:26 ET]
Table '3721101197 1' 3-max Seat #2 is the button
Seat 2: Mahu2021 (400 in chips) 
Seat 3: leoluz171 (1100 in chips) 
Mahu2021: posts small blind 15
leoluz171: posts big blind 30
*** HOLE CARDS ***
Dealt to Mahu2021 [6c 2c]
Mahu2021: folds 
Uncalled bet (15) returned to leoluz171
leoluz171 collected 30 from pot
leoluz171: doesn't show hand 
*** SUMMARY ***
Total pot 30 | Rake 0 
Seat 2: Mahu2021 (button) (small blind) folded before Flop
Seat 3: leoluz171 (big blind) collected (30)



PokerStars Hand #249088178961: Tournament #3721101197, $1.84+$0.16 USD Hold'em No Limit - Level II (15/30) - 2024/02/25 18:47:31 CET [2024/02/25 12:47:31 ET]
Table '3721101197 1' 3-max Seat #3 is the button
Seat 2: Mahu2021 (385 in chips) 
Seat 3: leoluz171 (1115 in chips) 
leoluz171: posts small blind 15
Mahu2021: posts big blind 30
*** HOLE CARDS ***
Dealt to Mahu2021 [3s Ah]
leoluz171: calls 15
Mahu2021: raises 355 to 385 and is all-in
leoluz171: folds 
Uncalled bet (355) returned to Mahu2021
Mahu2021 collected 60 from pot
Mahu2021: doesn't show hand 
*** SUMMARY ***
Total pot 60 | Rake 0 
Seat 2: Mahu2021 (big blind) collected (60)
Seat 3: leoluz171 (button) (small blind) folded before Flop



PokerStars Hand #249088182963: Tournament #3721101197, $1.84+$0.16 USD Hold'em No Limit - Level II (15/30) - 2024/02/25 18:47:42 CET [2024/02/25 12:47:42 ET]
Table '3721101197 1' 3-max Seat #2 is the button
Seat 2: Mahu2021 (415 in chips) 
Seat 3: leoluz171 (1085 in chips) 
Mahu2021: posts small blind 15
leoluz171: posts big blind 30
*** HOLE CARDS ***
Dealt to Mahu2021 [Qs Ad]
Mahu2021: raises 30 to 60
leoluz171: folds 
Uncalled bet (30) returned to Mahu2021
Mahu2021 collected 60 from pot
Mahu2021: doesn't show hand 
*** SUMMARY ***
Total pot 60 | Rake 0 
Seat 2: Mahu2021 (button) (small blind) collected (60)
Seat 3: leoluz171 (big blind) folded before Flop



PokerStars Hand #249088185314: Tournament #3721101197, $1.84+$0.16 USD Hold'em No Limit - Level II (15/30) - 2024/02/25 18:47:49 CET [2024/02/25 12:47:49 ET]
Table '3721101197 1' 3-max Seat #3 is the button
Seat 2: Mahu2021 (445 in chips) 
Seat 3: leoluz171 (1055 in chips) 
leoluz171: posts small blind 15
Mahu2021: posts big blind 30
*** HOLE CARDS ***
Dealt to Mahu2021 [9s Ad]
leoluz171: raises 30 to 60
Mahu2021: calls 30
*** FLOP *** [Kc 7s Ah]
Mahu2021: checks 
leoluz171: bets 60
Mahu2021: calls 60
*** TURN *** [Kc 7s Ah] [7h]
Mahu2021: checks 
leoluz171: bets 30
Mahu2021: calls 30
*** RIVER *** [Kc 7s Ah 7h] [Jd]
Mahu2021: checks 
leoluz171: bets 300
Mahu2021: calls 295 and is all-in
Uncalled bet (5) returned to leoluz171
*** SHOW DOWN ***
leoluz171: shows [Js Th] (two pair, Jacks and Sevens)
Mahu2021: shows [9s Ad] (two pair, Aces and Sevens)
Mahu2021 collected 890 from pot
*** SUMMARY ***
Total pot 890 | Rake 0 
Board [Kc 7s Ah 7h Jd]
Seat 2: Mahu2021 (big blind) showed [9s Ad] and won (890) with two pair, Aces and Sevens
Seat 3: leoluz171 (button) (small blind) showed [Js Th] and lost with two pair, Jacks and Sevens



PokerStars Hand #249088196499: Tournament #3721101197, $1.84+$0.16 USD Hold'em No Limit - Level III (20/40) - 2024/02/25 18:48:19 CET [2024/02/25 12:48:19 ET]
Table '3721101197 1' 3-max Seat #2 is the button
Seat 2: Mahu2021 (890 in chips) 
Seat 3: leoluz171 (610 in chips) 
Mahu2021: posts small blind 20
leoluz171: posts big blind 40
*** HOLE CARDS ***
Dealt to Mahu2021 [4h Qh]
Mahu2021: calls 20
leoluz171: checks 
*** FLOP *** [2s 3h 6h]
leoluz171: checks 
Mahu2021: bets 80
leoluz171: folds 
Uncalled bet (80) returned to Mahu2021
Mahu2021 collected 80 from pot
Mahu2021: doesn't show hand 
*** SUMMARY ***
Total pot 80 | Rake 0 
Board [2s 3h 6h]
Seat 2: Mahu2021 (button) (small blind) collected (80)
Seat 3: leoluz171 (big blind) folded on the Flop



PokerStars Hand #249088203869: Tournament #3721101197, $1.84+$0.16 USD Hold'em No Limit - Level III (20/40) - 2024/02/25 18:48:40 CET [2024/02/25 12:48:40 ET]
Table '3721101197 1' 3-max Seat #3 is the button
Seat 2: Mahu2021 (930 in chips) 
Seat 3: leoluz171 (570 in chips) 
leoluz171: posts small blind 20
Mahu2021: posts big blind 40
*** HOLE CARDS ***
Dealt to Mahu2021 [7d 6h]
leoluz171: folds 
Uncalled bet (20) returned to Mahu2021
Mahu2021 collected 40 from pot
Mahu2021: doesn't show hand 
*** SUMMARY ***
Total pot 40 | Rake 0 
Seat 2: Mahu2021 (big blind) collected (40)
Seat 3: leoluz171 (button) (small blind) folded before Flop



PokerStars Hand #249088206700: Tournament #3721101197, $1.84+$0.16 USD Hold'em No Limit - Level III (20/40) - 2024/02/25 18:48:48 CET [2024/02/25 12:48:48 ET]
Table '3721101197 1' 3-max Seat #2 is the button
Seat 2: Mahu2021 (950 in chips) 
Seat 3: leoluz171 (550 in chips) 
Mahu2021: posts small blind 20
leoluz171: posts big blind 40
*** HOLE CARDS ***
Dealt to Mahu2021 [8h 9c]
Mahu2021: calls 20
leoluz171: raises 510 to 550 and is all-in
Mahu2021: folds 
Uncalled bet (510) returned to leoluz171
leoluz171 collected 80 from pot
leoluz171: doesn't show hand 
*** SUMMARY ***
Total pot 80 | Rake 0 
Seat 2: Mahu2021 (button) (small blind) folded before Flop
Seat 3: leoluz171 (big blind) collected (80)



PokerStars Hand #249088210365: Tournament #3721101197, $1.84+$0.16 USD Hold'em No Limit - Level III (20/40) - 2024/02/25 18:48:58 CET [2024/02/25 12:48:58 ET]
Table '3721101197 1' 3-max Seat #3 is the button
Seat 2: Mahu2021 (910 in chips) 
Seat 3: leoluz171 (590 in chips) 
leoluz171: posts small blind 20
Mahu2021: posts big blind 40
*** HOLE CARDS ***
Dealt to Mahu2021 [7s 5d]
leoluz171: folds 
Uncalled bet (20) returned to Mahu2021
Mahu2021 collected 40 from pot
Mahu2021: doesn't show hand 
*** SUMMARY ***
Total pot 40 | Rake 0 
Seat 2: Mahu2021 (big blind) collected (40)
Seat 3: leoluz171 (button) (small blind) folded before Flop



PokerStars Hand #249088212862: Tournament #3721101197, $1.84+$0.16 USD Hold'em No Limit - Level III (20/40) - 2024/02/25 18:49:04 CET [2024/02/25 12:49:04 ET]
Table '3721101197 1' 3-max Seat #2 is the button
Seat 2: Mahu2021 (930 in chips) 
Seat 3: leoluz171 (570 in chips) 
Mahu2021: posts small blind 20
leoluz171: posts big blind 40
*** HOLE CARDS ***
Dealt to Mahu2021 [3h 4d]
Mahu2021: calls 20
leoluz171: raises 530 to 570 and is all-in
Mahu2021: folds 
Uncalled bet (530) returned to leoluz171
leoluz171 collected 80 from pot
leoluz171: doesn't show hand 
*** SUMMARY ***
Total pot 80 | Rake 0 
Seat 2: Mahu2021 (button) (small blind) folded before Flop
Seat 3: leoluz171 (big blind) collected (80)



PokerStars Hand #249088216056: Tournament #3721101197, $1.84+$0.16 USD Hold'em No Limit - Level III (20/40) - 2024/02/25 18:49:13 CET [2024/02/25 12:49:13 ET]
Table '3721101197 1' 3-max Seat #3 is the button
Seat 2: Mahu2021 (890 in chips) 
Seat 3: leoluz171 (610 in chips) 
leoluz171: posts small blind 20
Mahu2021: posts big blind 40
*** HOLE CARDS ***
Dealt to Mahu2021 [6d Ts]
leoluz171: folds 
Uncalled bet (20) returned to Mahu2021
Mahu2021 collected 40 from pot
Mahu2021: doesn't show hand 
*** SUMMARY ***
Total pot 40 | Rake 0 
Seat 2: Mahu2021 (big blind) collected (40)
Seat 3: leoluz171 (button) (small blind) folded before Flop



PokerStars Hand #249088219345: Tournament #3721101197, $1.84+$0.16 USD Hold'em No Limit - Level III (20/40) - 2024/02/25 18:49:22 CET [2024/02/25 12:49:22 ET]
Table '3721101197 1' 3-max Seat #2 is the button
Seat 2: Mahu2021 (910 in chips) 
Seat 3: leoluz171 (590 in chips) 
Mahu2021: posts small blind 20
leoluz171: posts big blind 40
*** HOLE CARDS ***
Dealt to Mahu2021 [2h Qs]
Mahu2021: folds 
Uncalled bet (20) returned to leoluz171
leoluz171 collected 40 from pot
leoluz171: doesn't show hand 
*** SUMMARY ***
Total pot 40 | Rake 0 
Seat 2: Mahu2021 (button) (small blind) folded before Flop
Seat 3: leoluz171 (big blind) collected (40)



PokerStars Hand #249088221032: Tournament #3721101197, $1.84+$0.16 USD Hold'em No Limit - Level III (20/40) - 2024/02/25 18:49:27 CET [2024/02/25 12:49:27 ET]
Table '3721101197 1' 3-max Seat #3 is the button
Seat 2: Mahu2021 (890 in chips) 
Seat 3: leoluz171 (610 in chips) 
leoluz171: posts small blind 20
Mahu2021: posts big blind 40
*** HOLE CARDS ***
Dealt to Mahu2021 [3c As]
leoluz171: calls 20
Mahu2021: checks 
*** FLOP *** [4c 6c 4d]
Mahu2021: checks 
leoluz171: bets 570 and is all-in
Mahu2021: folds 
Uncalled bet (570) returned to leoluz171
leoluz171 collected 80 from pot
leoluz171: doesn't show hand 
*** SUMMARY ***
Total pot 80 | Rake 0 
Board [4c 6c 4d]
Seat 2: Mahu2021 (big blind) folded on the Flop
Seat 3: leoluz171 (button) (small blind) collected (80)



PokerStars Hand #249088226454: Tournament #3721101197, $1.84+$0.16 USD Hold'em No Limit - Level III (20/40) - 2024/02/25 18:49:42 CET [2024/02/25 12:49:42 ET]
Table '3721101197 1' 3-max Seat #2 is the button
Seat 2: Mahu2021 (850 in chips) 
Seat 3: leoluz171 (650 in chips) 
Mahu2021: posts small blind 20
leoluz171: posts big blind 40
*** HOLE CARDS ***
Dealt to Mahu2021 [Qh Jc]
Mahu2021: calls 20
leoluz171: checks 
*** FLOP *** [9c Qc 7h]
leoluz171: bets 610 and is all-in
Mahu2021: calls 610
*** TURN *** [9c Qc 7h] [2s]
*** RIVER *** [9c Qc 7h 2s] [3c]
*** SHOW DOWN ***
leoluz171: shows [9d 5c] (a pair of Nines)
Mahu2021: shows [Qh Jc] (a pair of Queens)
Mahu2021 collected 1300 from pot
leoluz171 finished the tournament in 2nd place
Mahu2021 wins the tournament and receives $4.00 - congratulations!
*** SUMMARY ***
Total pot 1300 | Rake 0 
Board [9c Qc 7h 2s 3c]
Seat 2: Mahu2021 (button) (small blind) showed [Qh Jc] and won (1300) with a pair of Queens
Seat 3: leoluz171 (big blind) showed [9d 5c] and lost with a pair of Nines



