PokerStars Hand #249082486458: Tournament #3720973966, $1.84+$0.16 USD Hold'em No Limit - Level I (10/20) - 2024/02/25 12:40:29 CET [2024/02/25 6:40:29 ET]
Table '3720973966 1' 3-max Seat #1 is the button
Seat 1: ezequieldilo (500 in chips) 
Seat 2: Mahu2021 (500 in chips) 
Seat 3: Khojoyan (500 in chips) 
Mahu2021: posts small blind 10
Khojoyan: posts big blind 20
*** HOLE CARDS ***
Dealt to Mahu2021 [Tc 5s]
ezequieldilo: folds 
Mahu2021: folds 
Uncalled bet (10) returned to Khojoyan
Khojoyan collected 20 from pot
Khojoyan: doesn't show hand 
*** SUMMARY ***
Total pot 20 | Rake 0 
Seat 1: ezequieldilo (button) folded before Flop (didn't bet)
Seat 2: Mahu2021 (small blind) folded before Flop
Seat 3: Khojoyan (big blind) collected (20)



PokerStars Hand #249082487712: Tournament #3720973966, $1.84+$0.16 USD Hold'em No Limit - Level I (10/20) - 2024/02/25 12:40:36 CET [2024/02/25 6:40:36 ET]
Table '3720973966 1' 3-max Seat #2 is the button
Seat 1: ezequieldilo (500 in chips) 
Seat 2: Mahu2021 (490 in chips) 
Seat 3: Khojoyan (510 in chips) 
Khojoyan: posts small blind 10
ezequieldilo: posts big blind 20
*** HOLE CARDS ***
Dealt to Mahu2021 [4h 9h]
Mahu2021: folds 
Khojoyan: raises 40 to 60
ezequieldilo: folds 
Uncalled bet (40) returned to Khojoyan
Khojoyan collected 40 from pot
Khojoyan: doesn't show hand 
*** SUMMARY ***
Total pot 40 | Rake 0 
Seat 1: ezequieldilo (big blind) folded before Flop
Seat 2: Mahu2021 (button) folded before Flop (didn't bet)
Seat 3: Khojoyan (small blind) collected (40)



PokerStars Hand #249082489921: Tournament #3720973966, $1.84+$0.16 USD Hold'em No Limit - Level I (10/20) - 2024/02/25 12:40:48 CET [2024/02/25 6:40:48 ET]
Table '3720973966 1' 3-max Seat #3 is the button
Seat 1: ezequieldilo (480 in chips) 
Seat 2: Mahu2021 (490 in chips) 
Seat 3: Khojoyan (530 in chips) 
ezequieldilo: posts small blind 10
Mahu2021: posts big blind 20
*** HOLE CARDS ***
Dealt to Mahu2021 [Jc Tc]
Khojoyan: raises 40 to 60
ezequieldilo: folds 
Mahu2021: calls 40
*** FLOP *** [3c 2d 6c]
Mahu2021: checks 
Khojoyan: checks 
*** TURN *** [3c 2d 6c] [Td]
Mahu2021: bets 130
Khojoyan: folds 
Uncalled bet (130) returned to Mahu2021
Mahu2021 collected 130 from pot
Mahu2021: doesn't show hand 
*** SUMMARY ***
Total pot 130 | Rake 0 
Board [3c 2d 6c Td]
Seat 1: ezequieldilo (small blind) folded before Flop
Seat 2: Mahu2021 (big blind) collected (130)
Seat 3: Khojoyan (button) folded on the Turn



PokerStars Hand #249082493990: Tournament #3720973966, $1.84+$0.16 USD Hold'em No Limit - Level I (10/20) - 2024/02/25 12:41:11 CET [2024/02/25 6:41:11 ET]
Table '3720973966 1' 3-max Seat #1 is the button
Seat 1: ezequieldilo (470 in chips) 
Seat 2: Mahu2021 (560 in chips) 
Seat 3: Khojoyan (470 in chips) 
Mahu2021: posts small blind 10
Khojoyan: posts big blind 20
*** HOLE CARDS ***
Dealt to Mahu2021 [Th Qd]
ezequieldilo: calls 20
Mahu2021: calls 10
Khojoyan: raises 450 to 470 and is all-in
ezequieldilo: folds 
Mahu2021: folds 
Uncalled bet (450) returned to Khojoyan
Khojoyan collected 60 from pot
Khojoyan: doesn't show hand 
*** SUMMARY ***
Total pot 60 | Rake 0 
Seat 1: ezequieldilo (button) folded before Flop
Seat 2: Mahu2021 (small blind) folded before Flop
Seat 3: Khojoyan (big blind) collected (60)



PokerStars Hand #249082497635: Tournament #3720973966, $1.84+$0.16 USD Hold'em No Limit - Level I (10/20) - 2024/02/25 12:41:31 CET [2024/02/25 6:41:31 ET]
Table '3720973966 1' 3-max Seat #2 is the button
Seat 1: ezequieldilo (450 in chips) 
Seat 2: Mahu2021 (540 in chips) 
Seat 3: Khojoyan (510 in chips) 
Khojoyan: posts small blind 10
ezequieldilo: posts big blind 20
*** HOLE CARDS ***
Dealt to Mahu2021 [8s 9d]
Mahu2021: folds 
Khojoyan: raises 40 to 60
ezequieldilo: calls 40
*** FLOP *** [3s Jh 6d]
Khojoyan: checks 
ezequieldilo: checks 
*** TURN *** [3s Jh 6d] [Qh]
Khojoyan: bets 66
ezequieldilo: calls 66
*** RIVER *** [3s Jh 6d Qh] [Kh]
Khojoyan: bets 80
ezequieldilo: calls 80
*** SHOW DOWN ***
Khojoyan: shows [Td Ah] (a straight, Ten to Ace)
ezequieldilo: mucks hand 
Khojoyan collected 412 from pot
*** SUMMARY ***
Total pot 412 | Rake 0 
Board [3s Jh 6d Qh Kh]
Seat 1: ezequieldilo (big blind) mucked [Kc Tc]
Seat 2: Mahu2021 (button) folded before Flop (didn't bet)
Seat 3: Khojoyan (small blind) showed [Td Ah] and won (412) with a straight, Ten to Ace



PokerStars Hand #249082504114: Tournament #3720973966, $1.84+$0.16 USD Hold'em No Limit - Level I (10/20) - 2024/02/25 12:42:07 CET [2024/02/25 6:42:07 ET]
Table '3720973966 1' 3-max Seat #3 is the button
Seat 1: ezequieldilo (244 in chips) 
Seat 2: Mahu2021 (540 in chips) 
Seat 3: Khojoyan (716 in chips) 
ezequieldilo: posts small blind 10
Mahu2021: posts big blind 20
*** HOLE CARDS ***
Dealt to Mahu2021 [Kh 5h]
Khojoyan: folds 
ezequieldilo: calls 10
Mahu2021: checks 
*** FLOP *** [Js Qd 4h]
ezequieldilo: checks 
Mahu2021: bets 40
ezequieldilo: folds 
Uncalled bet (40) returned to Mahu2021
Mahu2021 collected 40 from pot
Mahu2021: doesn't show hand 
*** SUMMARY ***
Total pot 40 | Rake 0 
Board [Js Qd 4h]
Seat 1: ezequieldilo (small blind) folded on the Flop
Seat 2: Mahu2021 (big blind) collected (40)
Seat 3: Khojoyan (button) folded before Flop (didn't bet)



PokerStars Hand #249082507521: Tournament #3720973966, $1.84+$0.16 USD Hold'em No Limit - Level I (10/20) - 2024/02/25 12:42:26 CET [2024/02/25 6:42:26 ET]
Table '3720973966 1' 3-max Seat #1 is the button
Seat 1: ezequieldilo (224 in chips) 
Seat 2: Mahu2021 (560 in chips) 
Seat 3: Khojoyan (716 in chips) 
Mahu2021: posts small blind 10
Khojoyan: posts big blind 20
*** HOLE CARDS ***
Dealt to Mahu2021 [8h 8d]
ezequieldilo: calls 20
Mahu2021: raises 540 to 560 and is all-in
Khojoyan: folds 
ezequieldilo: folds 
Uncalled bet (540) returned to Mahu2021
Mahu2021 collected 60 from pot
Mahu2021: doesn't show hand 
*** SUMMARY ***
Total pot 60 | Rake 0 
Seat 1: ezequieldilo (button) folded before Flop
Seat 2: Mahu2021 (small blind) collected (60)
Seat 3: Khojoyan (big blind) folded before Flop



PokerStars Hand #249082510270: Tournament #3720973966, $1.84+$0.16 USD Hold'em No Limit - Level I (10/20) - 2024/02/25 12:42:42 CET [2024/02/25 6:42:42 ET]
Table '3720973966 1' 3-max Seat #2 is the button
Seat 1: ezequieldilo (204 in chips) 
Seat 2: Mahu2021 (600 in chips) 
Seat 3: Khojoyan (696 in chips) 
Khojoyan: posts small blind 10
ezequieldilo: posts big blind 20
*** HOLE CARDS ***
Dealt to Mahu2021 [8c 6h]
Mahu2021: folds 
Khojoyan: folds 
Uncalled bet (10) returned to ezequieldilo
ezequieldilo collected 20 from pot
ezequieldilo: doesn't show hand 
*** SUMMARY ***
Total pot 20 | Rake 0 
Seat 1: ezequieldilo (big blind) collected (20)
Seat 2: Mahu2021 (button) folded before Flop (didn't bet)
Seat 3: Khojoyan (small blind) folded before Flop



PokerStars Hand #249082512054: Tournament #3720973966, $1.84+$0.16 USD Hold'em No Limit - Level I (10/20) - 2024/02/25 12:42:52 CET [2024/02/25 6:42:52 ET]
Table '3720973966 1' 3-max Seat #3 is the button
Seat 1: ezequieldilo (214 in chips) 
Seat 2: Mahu2021 (600 in chips) 
Seat 3: Khojoyan (686 in chips) 
ezequieldilo: posts small blind 10
Mahu2021: posts big blind 20
*** HOLE CARDS ***
Dealt to Mahu2021 [3h 5d]
Khojoyan: folds 
ezequieldilo: folds 
Uncalled bet (10) returned to Mahu2021
Mahu2021 collected 20 from pot
Mahu2021: doesn't show hand 
*** SUMMARY ***
Total pot 20 | Rake 0 
Seat 1: ezequieldilo (small blind) folded before Flop
Seat 2: Mahu2021 (big blind) collected (20)
Seat 3: Khojoyan (button) folded before Flop (didn't bet)



PokerStars Hand #249082513114: Tournament #3720973966, $1.84+$0.16 USD Hold'em No Limit - Level I (10/20) - 2024/02/25 12:42:57 CET [2024/02/25 6:42:57 ET]
Table '3720973966 1' 3-max Seat #1 is the button
Seat 1: ezequieldilo (204 in chips) 
Seat 2: Mahu2021 (610 in chips) 
Seat 3: Khojoyan (686 in chips) 
Mahu2021: posts small blind 10
Khojoyan: posts big blind 20
*** HOLE CARDS ***
Dealt to Mahu2021 [9h 3c]
ezequieldilo: folds 
Mahu2021: folds 
Uncalled bet (10) returned to Khojoyan
Khojoyan collected 20 from pot
Khojoyan: doesn't show hand 
*** SUMMARY ***
Total pot 20 | Rake 0 
Seat 1: ezequieldilo (button) folded before Flop (didn't bet)
Seat 2: Mahu2021 (small blind) folded before Flop
Seat 3: Khojoyan (big blind) collected (20)



PokerStars Hand #249082514045: Tournament #3720973966, $1.84+$0.16 USD Hold'em No Limit - Level I (10/20) - 2024/02/25 12:43:02 CET [2024/02/25 6:43:02 ET]
Table '3720973966 1' 3-max Seat #2 is the button
Seat 1: ezequieldilo (204 in chips) 
Seat 2: Mahu2021 (600 in chips) 
Seat 3: Khojoyan (696 in chips) 
Khojoyan: posts small blind 10
ezequieldilo: posts big blind 20
*** HOLE CARDS ***
Dealt to Mahu2021 [Th 2c]
Mahu2021: folds 
Khojoyan: calls 10
ezequieldilo: checks 
*** FLOP *** [8c 4h 8s]
Khojoyan: bets 20
ezequieldilo: calls 20
*** TURN *** [8c 4h 8s] [3h]
Khojoyan: checks 
ezequieldilo: checks 
*** RIVER *** [8c 4h 8s 3h] [9c]
Khojoyan: bets 44
ezequieldilo: folds 
Uncalled bet (44) returned to Khojoyan
Khojoyan collected 80 from pot
Khojoyan: doesn't show hand 
*** SUMMARY ***
Total pot 80 | Rake 0 
Board [8c 4h 8s 3h 9c]
Seat 1: ezequieldilo (big blind) folded on the River
Seat 2: Mahu2021 (button) folded before Flop (didn't bet)
Seat 3: Khojoyan (small blind) collected (80)



PokerStars Hand #249082518118: Tournament #3720973966, $1.84+$0.16 USD Hold'em No Limit - Level I (10/20) - 2024/02/25 12:43:25 CET [2024/02/25 6:43:25 ET]
Table '3720973966 1' 3-max Seat #3 is the button
Seat 1: ezequieldilo (164 in chips) 
Seat 2: Mahu2021 (600 in chips) 
Seat 3: Khojoyan (736 in chips) 
ezequieldilo: posts small blind 10
Mahu2021: posts big blind 20
*** HOLE CARDS ***
Dealt to Mahu2021 [5c Jd]
Khojoyan: folds 
ezequieldilo: calls 10
Mahu2021: checks 
*** FLOP *** [5s 2c Td]
ezequieldilo: checks 
Mahu2021: bets 40
ezequieldilo: folds 
Uncalled bet (40) returned to Mahu2021
Mahu2021 collected 40 from pot
Mahu2021: doesn't show hand 
*** SUMMARY ***
Total pot 40 | Rake 0 
Board [5s 2c Td]
Seat 1: ezequieldilo (small blind) folded on the Flop
Seat 2: Mahu2021 (big blind) collected (40)
Seat 3: Khojoyan (button) folded before Flop (didn't bet)



PokerStars Hand #249082530328: Tournament #3720973966, $1.84+$0.16 USD Hold'em No Limit - Level II (15/30) - 2024/02/25 12:44:32 CET [2024/02/25 6:44:32 ET]
Table '3720973966 1' 3-max Seat #1 is the button
Seat 1: ezequieldilo (144 in chips) 
Seat 2: Mahu2021 (620 in chips) 
Seat 3: Khojoyan (736 in chips) 
Mahu2021: posts small blind 15
Khojoyan: posts big blind 30
*** HOLE CARDS ***
Dealt to Mahu2021 [Qh 5c]
ezequieldilo: calls 30
Mahu2021: folds 
Khojoyan: checks 
*** FLOP *** [7d 9c Js]
Khojoyan: bets 30
ezequieldilo: folds 
Uncalled bet (30) returned to Khojoyan
Khojoyan collected 75 from pot
Khojoyan: doesn't show hand 
*** SUMMARY ***
Total pot 75 | Rake 0 
Board [7d 9c Js]
Seat 1: ezequieldilo (button) folded on the Flop
Seat 2: Mahu2021 (small blind) folded before Flop
Seat 3: Khojoyan (big blind) collected (75)



PokerStars Hand #249082533023: Tournament #3720973966, $1.84+$0.16 USD Hold'em No Limit - Level II (15/30) - 2024/02/25 12:44:47 CET [2024/02/25 6:44:47 ET]
Table '3720973966 1' 3-max Seat #2 is the button
Seat 1: ezequieldilo (114 in chips) 
Seat 2: Mahu2021 (605 in chips) 
Seat 3: Khojoyan (781 in chips) 
Khojoyan: posts small blind 15
ezequieldilo: posts big blind 30
*** HOLE CARDS ***
Dealt to Mahu2021 [9c As]
Mahu2021: raises 30 to 60
Khojoyan: folds 
ezequieldilo: folds 
Uncalled bet (30) returned to Mahu2021
Mahu2021 collected 75 from pot
Mahu2021: doesn't show hand 
*** SUMMARY ***
Total pot 75 | Rake 0 
Seat 1: ezequieldilo (big blind) folded before Flop
Seat 2: Mahu2021 (button) collected (75)
Seat 3: Khojoyan (small blind) folded before Flop



PokerStars Hand #249082534770: Tournament #3720973966, $1.84+$0.16 USD Hold'em No Limit - Level II (15/30) - 2024/02/25 12:44:56 CET [2024/02/25 6:44:56 ET]
Table '3720973966 1' 3-max Seat #3 is the button
Seat 1: ezequieldilo (84 in chips) 
Seat 2: Mahu2021 (650 in chips) 
Seat 3: Khojoyan (766 in chips) 
ezequieldilo: posts small blind 15
Mahu2021: posts big blind 30
*** HOLE CARDS ***
Dealt to Mahu2021 [3c 6d]
Khojoyan: folds 
ezequieldilo: calls 15
Mahu2021: checks 
*** FLOP *** [2d 8c 3d]
ezequieldilo: bets 30
Mahu2021: raises 30 to 60
ezequieldilo: calls 24 and is all-in
Uncalled bet (6) returned to Mahu2021
*** TURN *** [2d 8c 3d] [Ks]
*** RIVER *** [2d 8c 3d Ks] [4c]
*** SHOW DOWN ***
ezequieldilo: shows [8h 5c] (a pair of Eights)
Mahu2021: shows [3c 6d] (a pair of Threes)
ezequieldilo collected 168 from pot
*** SUMMARY ***
Total pot 168 | Rake 0 
Board [2d 8c 3d Ks 4c]
Seat 1: ezequieldilo (small blind) showed [8h 5c] and won (168) with a pair of Eights
Seat 2: Mahu2021 (big blind) showed [3c 6d] and lost with a pair of Threes
Seat 3: Khojoyan (button) folded before Flop (didn't bet)



PokerStars Hand #249082538365: Tournament #3720973966, $1.84+$0.16 USD Hold'em No Limit - Level II (15/30) - 2024/02/25 12:45:16 CET [2024/02/25 6:45:16 ET]
Table '3720973966 1' 3-max Seat #1 is the button
Seat 1: ezequieldilo (168 in chips) 
Seat 2: Mahu2021 (566 in chips) 
Seat 3: Khojoyan (766 in chips) 
Mahu2021: posts small blind 15
Khojoyan: posts big blind 30
*** HOLE CARDS ***
Dealt to Mahu2021 [8h Jd]
ezequieldilo: raises 30 to 60
Mahu2021: folds 
Khojoyan: raises 706 to 766 and is all-in
ezequieldilo: calls 108 and is all-in
Uncalled bet (598) returned to Khojoyan
*** FLOP *** [9s 3s Qs]
*** TURN *** [9s 3s Qs] [Qh]
*** RIVER *** [9s 3s Qs Qh] [7c]
*** SHOW DOWN ***
Khojoyan: shows [8s Kh] (a pair of Queens)
ezequieldilo: shows [As Kd] (a pair of Queens - Ace kicker)
ezequieldilo collected 351 from pot
*** SUMMARY ***
Total pot 351 | Rake 0 
Board [9s 3s Qs Qh 7c]
Seat 1: ezequieldilo (button) showed [As Kd] and won (351) with a pair of Queens
Seat 2: Mahu2021 (small blind) folded before Flop
Seat 3: Khojoyan (big blind) showed [8s Kh] and lost with a pair of Queens



PokerStars Hand #249082541771: Tournament #3720973966, $1.84+$0.16 USD Hold'em No Limit - Level II (15/30) - 2024/02/25 12:45:34 CET [2024/02/25 6:45:34 ET]
Table '3720973966 1' 3-max Seat #2 is the button
Seat 1: ezequieldilo (351 in chips) 
Seat 2: Mahu2021 (551 in chips) 
Seat 3: Khojoyan (598 in chips) 
Khojoyan: posts small blind 15
ezequieldilo: posts big blind 30
*** HOLE CARDS ***
Dealt to Mahu2021 [5d 7h]
Mahu2021: folds 
Khojoyan: folds 
Uncalled bet (15) returned to ezequieldilo
ezequieldilo collected 30 from pot
ezequieldilo: doesn't show hand 
*** SUMMARY ***
Total pot 30 | Rake 0 
Seat 1: ezequieldilo (big blind) collected (30)
Seat 2: Mahu2021 (button) folded before Flop (didn't bet)
Seat 3: Khojoyan (small blind) folded before Flop



PokerStars Hand #249082542641: Tournament #3720973966, $1.84+$0.16 USD Hold'em No Limit - Level II (15/30) - 2024/02/25 12:45:39 CET [2024/02/25 6:45:39 ET]
Table '3720973966 1' 3-max Seat #3 is the button
Seat 1: ezequieldilo (366 in chips) 
Seat 2: Mahu2021 (551 in chips) 
Seat 3: Khojoyan (583 in chips) 
ezequieldilo: posts small blind 15
Mahu2021: posts big blind 30
*** HOLE CARDS ***
Dealt to Mahu2021 [Kd 5c]
Khojoyan: folds 
ezequieldilo: calls 15
Mahu2021: checks 
*** FLOP *** [8s 3c 6c]
ezequieldilo: checks 
Mahu2021: checks 
*** TURN *** [8s 3c 6c] [2s]
ezequieldilo: bets 45
Mahu2021: folds 
Uncalled bet (45) returned to ezequieldilo
ezequieldilo collected 60 from pot
ezequieldilo: doesn't show hand 
*** SUMMARY ***
Total pot 60 | Rake 0 
Board [8s 3c 6c 2s]
Seat 1: ezequieldilo (small blind) collected (60)
Seat 2: Mahu2021 (big blind) folded on the Turn
Seat 3: Khojoyan (button) folded before Flop (didn't bet)



PokerStars Hand #249082547410: Tournament #3720973966, $1.84+$0.16 USD Hold'em No Limit - Level II (15/30) - 2024/02/25 12:46:05 CET [2024/02/25 6:46:05 ET]
Table '3720973966 1' 3-max Seat #1 is the button
Seat 1: ezequieldilo (396 in chips) 
Seat 2: Mahu2021 (521 in chips) 
Seat 3: Khojoyan (583 in chips) 
Mahu2021: posts small blind 15
Khojoyan: posts big blind 30
*** HOLE CARDS ***
Dealt to Mahu2021 [2c 5d]
ezequieldilo: folds 
Mahu2021: folds 
Uncalled bet (15) returned to Khojoyan
Khojoyan collected 30 from pot
Khojoyan: doesn't show hand 
*** SUMMARY ***
Total pot 30 | Rake 0 
Seat 1: ezequieldilo (button) folded before Flop (didn't bet)
Seat 2: Mahu2021 (small blind) folded before Flop
Seat 3: Khojoyan (big blind) collected (30)



PokerStars Hand #249082548694: Tournament #3720973966, $1.84+$0.16 USD Hold'em No Limit - Level II (15/30) - 2024/02/25 12:46:12 CET [2024/02/25 6:46:12 ET]
Table '3720973966 1' 3-max Seat #2 is the button
Seat 1: ezequieldilo (396 in chips) 
Seat 2: Mahu2021 (506 in chips) 
Seat 3: Khojoyan (598 in chips) 
Khojoyan: posts small blind 15
ezequieldilo: posts big blind 30
*** HOLE CARDS ***
Dealt to Mahu2021 [3d Jd]
Mahu2021: folds 
Khojoyan: raises 60 to 90
ezequieldilo: calls 60
*** FLOP *** [9s 4h 8h]
Khojoyan: bets 59
ezequieldilo: folds 
Uncalled bet (59) returned to Khojoyan
Khojoyan collected 180 from pot
Khojoyan: doesn't show hand 
*** SUMMARY ***
Total pot 180 | Rake 0 
Board [9s 4h 8h]
Seat 1: ezequieldilo (big blind) folded on the Flop
Seat 2: Mahu2021 (button) folded before Flop (didn't bet)
Seat 3: Khojoyan (small blind) collected (180)



PokerStars Hand #249082552775: Tournament #3720973966, $1.84+$0.16 USD Hold'em No Limit - Level III (20/40) - 2024/02/25 12:46:34 CET [2024/02/25 6:46:34 ET]
Table '3720973966 1' 3-max Seat #3 is the button
Seat 1: ezequieldilo (306 in chips) 
Seat 2: Mahu2021 (506 in chips) 
Seat 3: Khojoyan (688 in chips) 
ezequieldilo: posts small blind 20
Mahu2021: posts big blind 40
*** HOLE CARDS ***
Dealt to Mahu2021 [7d Jc]
Khojoyan: folds 
ezequieldilo: folds 
Uncalled bet (20) returned to Mahu2021
Mahu2021 collected 40 from pot
Mahu2021: doesn't show hand 
*** SUMMARY ***
Total pot 40 | Rake 0 
Seat 1: ezequieldilo (small blind) folded before Flop
Seat 2: Mahu2021 (big blind) collected (40)
Seat 3: Khojoyan (button) folded before Flop (didn't bet)



PokerStars Hand #249082555023: Tournament #3720973966, $1.84+$0.16 USD Hold'em No Limit - Level III (20/40) - 2024/02/25 12:46:47 CET [2024/02/25 6:46:47 ET]
Table '3720973966 1' 3-max Seat #1 is the button
Seat 1: ezequieldilo (286 in chips) 
Seat 2: Mahu2021 (526 in chips) 
Seat 3: Khojoyan (688 in chips) 
Mahu2021: posts small blind 20
Khojoyan: posts big blind 40
*** HOLE CARDS ***
Dealt to Mahu2021 [4c 5c]
ezequieldilo: folds 
Mahu2021: raises 40 to 80
Khojoyan: raises 608 to 688 and is all-in
Mahu2021: folds 
Uncalled bet (608) returned to Khojoyan
Khojoyan collected 160 from pot
Khojoyan: doesn't show hand 
*** SUMMARY ***
Total pot 160 | Rake 0 
Seat 1: ezequieldilo (button) folded before Flop (didn't bet)
Seat 2: Mahu2021 (small blind) folded before Flop
Seat 3: Khojoyan (big blind) collected (160)



PokerStars Hand #249082557217: Tournament #3720973966, $1.84+$0.16 USD Hold'em No Limit - Level III (20/40) - 2024/02/25 12:46:59 CET [2024/02/25 6:46:59 ET]
Table '3720973966 1' 3-max Seat #2 is the button
Seat 1: ezequieldilo (286 in chips) 
Seat 2: Mahu2021 (446 in chips) 
Seat 3: Khojoyan (768 in chips) 
Khojoyan: posts small blind 20
ezequieldilo: posts big blind 40
*** HOLE CARDS ***
Dealt to Mahu2021 [Ah 7c]
Mahu2021: raises 40 to 80
Khojoyan: folds 
ezequieldilo: folds 
Uncalled bet (40) returned to Mahu2021
Mahu2021 collected 100 from pot
Mahu2021: doesn't show hand 
*** SUMMARY ***
Total pot 100 | Rake 0 
Seat 1: ezequieldilo (big blind) folded before Flop
Seat 2: Mahu2021 (button) collected (100)
Seat 3: Khojoyan (small blind) folded before Flop



PokerStars Hand #249082559146: Tournament #3720973966, $1.84+$0.16 USD Hold'em No Limit - Level III (20/40) - 2024/02/25 12:47:10 CET [2024/02/25 6:47:10 ET]
Table '3720973966 1' 3-max Seat #3 is the button
Seat 1: ezequieldilo (246 in chips) 
Seat 2: Mahu2021 (506 in chips) 
Seat 3: Khojoyan (748 in chips) 
ezequieldilo: posts small blind 20
Mahu2021: posts big blind 40
*** HOLE CARDS ***
Dealt to Mahu2021 [4c Qd]
Khojoyan: raises 40 to 80
ezequieldilo: raises 166 to 246 and is all-in
Mahu2021: folds 
Khojoyan: calls 166
*** FLOP *** [Js 5c Jh]
*** TURN *** [Js 5c Jh] [3c]
*** RIVER *** [Js 5c Jh 3c] [Tc]
*** SHOW DOWN ***
ezequieldilo: shows [Ad 9c] (a pair of Jacks)
Khojoyan: shows [4d As] (a pair of Jacks - lower kicker)
ezequieldilo collected 532 from pot
*** SUMMARY ***
Total pot 532 | Rake 0 
Board [Js 5c Jh 3c Tc]
Seat 1: ezequieldilo (small blind) showed [Ad 9c] and won (532) with a pair of Jacks
Seat 2: Mahu2021 (big blind) folded before Flop
Seat 3: Khojoyan (button) showed [4d As] and lost with a pair of Jacks



PokerStars Hand #249082563617: Tournament #3720973966, $1.84+$0.16 USD Hold'em No Limit - Level III (20/40) - 2024/02/25 12:47:35 CET [2024/02/25 6:47:35 ET]
Table '3720973966 1' 3-max Seat #1 is the button
Seat 1: ezequieldilo (532 in chips) 
Seat 2: Mahu2021 (466 in chips) 
Seat 3: Khojoyan (502 in chips) 
Mahu2021: posts small blind 20
Khojoyan: posts big blind 40
*** HOLE CARDS ***
Dealt to Mahu2021 [8s 5d]
ezequieldilo: calls 40
Mahu2021: folds 
Khojoyan: checks 
*** FLOP *** [Ks Qc 7d]
Khojoyan: checks 
ezequieldilo: bets 60
Khojoyan: folds 
Uncalled bet (60) returned to ezequieldilo
ezequieldilo collected 100 from pot
ezequieldilo: doesn't show hand 
*** SUMMARY ***
Total pot 100 | Rake 0 
Board [Ks Qc 7d]
Seat 1: ezequieldilo (button) collected (100)
Seat 2: Mahu2021 (small blind) folded before Flop
Seat 3: Khojoyan (big blind) folded on the Flop



PokerStars Hand #249082568106: Tournament #3720973966, $1.84+$0.16 USD Hold'em No Limit - Level III (20/40) - 2024/02/25 12:48:00 CET [2024/02/25 6:48:00 ET]
Table '3720973966 1' 3-max Seat #2 is the button
Seat 1: ezequieldilo (592 in chips) 
Seat 2: Mahu2021 (446 in chips) 
Seat 3: Khojoyan (462 in chips) 
Khojoyan: posts small blind 20
ezequieldilo: posts big blind 40
*** HOLE CARDS ***
Dealt to Mahu2021 [2c Qc]
Mahu2021: folds 
Khojoyan: folds 
Uncalled bet (20) returned to ezequieldilo
ezequieldilo collected 40 from pot
ezequieldilo: doesn't show hand 
*** SUMMARY ***
Total pot 40 | Rake 0 
Seat 1: ezequieldilo (big blind) collected (40)
Seat 2: Mahu2021 (button) folded before Flop (didn't bet)
Seat 3: Khojoyan (small blind) folded before Flop



PokerStars Hand #249082569290: Tournament #3720973966, $1.84+$0.16 USD Hold'em No Limit - Level III (20/40) - 2024/02/25 12:48:07 CET [2024/02/25 6:48:07 ET]
Table '3720973966 1' 3-max Seat #3 is the button
Seat 1: ezequieldilo (612 in chips) 
Seat 2: Mahu2021 (446 in chips) 
Seat 3: Khojoyan (442 in chips) 
ezequieldilo: posts small blind 20
Mahu2021: posts big blind 40
*** HOLE CARDS ***
Dealt to Mahu2021 [4d 3h]
Khojoyan: raises 80 to 120
ezequieldilo: folds 
Mahu2021: folds 
Uncalled bet (80) returned to Khojoyan
Khojoyan collected 100 from pot
Khojoyan: doesn't show hand 
*** SUMMARY ***
Total pot 100 | Rake 0 
Seat 1: ezequieldilo (small blind) folded before Flop
Seat 2: Mahu2021 (big blind) folded before Flop
Seat 3: Khojoyan (button) collected (100)



PokerStars Hand #249082571658: Tournament #3720973966, $1.84+$0.16 USD Hold'em No Limit - Level III (20/40) - 2024/02/25 12:48:20 CET [2024/02/25 6:48:20 ET]
Table '3720973966 1' 3-max Seat #1 is the button
Seat 1: ezequieldilo (592 in chips) 
Seat 2: Mahu2021 (406 in chips) 
Seat 3: Khojoyan (502 in chips) 
Mahu2021: posts small blind 20
Khojoyan: posts big blind 40
*** HOLE CARDS ***
Dealt to Mahu2021 [8c Ac]
ezequieldilo: folds 
Mahu2021: raises 366 to 406 and is all-in
Khojoyan: folds 
Uncalled bet (366) returned to Mahu2021
Mahu2021 collected 80 from pot
Mahu2021: doesn't show hand 
*** SUMMARY ***
Total pot 80 | Rake 0 
Seat 1: ezequieldilo (button) folded before Flop (didn't bet)
Seat 2: Mahu2021 (small blind) collected (80)
Seat 3: Khojoyan (big blind) folded before Flop



PokerStars Hand #249082573503: Tournament #3720973966, $1.84+$0.16 USD Hold'em No Limit - Level III (20/40) - 2024/02/25 12:48:30 CET [2024/02/25 6:48:30 ET]
Table '3720973966 1' 3-max Seat #2 is the button
Seat 1: ezequieldilo (592 in chips) 
Seat 2: Mahu2021 (446 in chips) 
Seat 3: Khojoyan (462 in chips) 
Khojoyan: posts small blind 20
ezequieldilo: posts big blind 40
*** HOLE CARDS ***
Dealt to Mahu2021 [Ac Kc]
Mahu2021: raises 40 to 80
Khojoyan: raises 382 to 462 and is all-in
ezequieldilo: folds 
Mahu2021: calls 366 and is all-in
Uncalled bet (16) returned to Khojoyan
*** FLOP *** [Th 3s Qc]
*** TURN *** [Th 3s Qc] [Kh]
*** RIVER *** [Th 3s Qc Kh] [Tc]
*** SHOW DOWN ***
Khojoyan: shows [8c 8d] (two pair, Tens and Eights)
Mahu2021: shows [Ac Kc] (two pair, Kings and Tens)
Mahu2021 collected 932 from pot
*** SUMMARY ***
Total pot 932 | Rake 0 
Board [Th 3s Qc Kh Tc]
Seat 1: ezequieldilo (big blind) folded before Flop
Seat 2: Mahu2021 (button) showed [Ac Kc] and won (932) with two pair, Kings and Tens
Seat 3: Khojoyan (small blind) showed [8c 8d] and lost with two pair, Tens and Eights



PokerStars Hand #249082576239: Tournament #3720973966, $1.84+$0.16 USD Hold'em No Limit - Level III (20/40) - 2024/02/25 12:48:46 CET [2024/02/25 6:48:46 ET]
Table '3720973966 1' 3-max Seat #3 is the button
Seat 1: ezequieldilo (552 in chips) 
Seat 2: Mahu2021 (932 in chips) 
Seat 3: Khojoyan (16 in chips) 
ezequieldilo: posts small blind 20
Mahu2021: posts big blind 40
*** HOLE CARDS ***
Dealt to Mahu2021 [8s Qc]
Khojoyan: calls 16 and is all-in
ezequieldilo: calls 20
Mahu2021: checks 
*** FLOP *** [Kd 5c 2c]
ezequieldilo: checks 
Mahu2021: checks 
*** TURN *** [Kd 5c 2c] [2s]
ezequieldilo: checks 
Mahu2021: checks 
*** RIVER *** [Kd 5c 2c 2s] [Kc]
ezequieldilo: checks 
Mahu2021: checks 
*** SHOW DOWN ***
ezequieldilo: shows [Qs 8h] (two pair, Kings and Deuces)
Mahu2021: shows [8s Qc] (two pair, Kings and Deuces)
ezequieldilo collected 24 from side pot
Mahu2021 collected 24 from side pot
Khojoyan: shows [Jc Kh] (a full house, Kings full of Deuces)
Khojoyan collected 48 from main pot
*** SUMMARY ***
Total pot 96 Main pot 48. Side pot 48. | Rake 0 
Board [Kd 5c 2c 2s Kc]
Seat 1: ezequieldilo (small blind) showed [Qs 8h] and won (24) with two pair, Kings and Deuces
Seat 2: Mahu2021 (big blind) showed [8s Qc] and won (24) with two pair, Kings and Deuces
Seat 3: Khojoyan (button) showed [Jc Kh] and won (48) with a full house, Kings full of Deuces



PokerStars Hand #249082579710: Tournament #3720973966, $1.84+$0.16 USD Hold'em No Limit - Level III (20/40) - 2024/02/25 12:49:05 CET [2024/02/25 6:49:05 ET]
Table '3720973966 1' 3-max Seat #1 is the button
Seat 1: ezequieldilo (536 in chips) 
Seat 2: Mahu2021 (916 in chips) 
Seat 3: Khojoyan (48 in chips) 
Mahu2021: posts small blind 20
Khojoyan: posts big blind 40
*** HOLE CARDS ***
Dealt to Mahu2021 [As Ah]
ezequieldilo: calls 40
Mahu2021: raises 876 to 916 and is all-in
Khojoyan: calls 8 and is all-in
ezequieldilo: folds 
Uncalled bet (868) returned to Mahu2021
*** FLOP *** [9d 6d 4s]
*** TURN *** [9d 6d 4s] [3s]
*** RIVER *** [9d 6d 4s 3s] [5d]
*** SHOW DOWN ***
Mahu2021: shows [As Ah] (a pair of Aces)
Khojoyan: shows [Qd Jc] (high card Queen)
Mahu2021 collected 136 from pot
Khojoyan finished the tournament in 3rd place
*** SUMMARY ***
Total pot 136 | Rake 0 
Board [9d 6d 4s 3s 5d]
Seat 1: ezequieldilo (button) folded before Flop
Seat 2: Mahu2021 (small blind) showed [As Ah] and won (136) with a pair of Aces
Seat 3: Khojoyan (big blind) showed [Qd Jc] and lost with high card Queen



PokerStars Hand #249082583162: Tournament #3720973966, $1.84+$0.16 USD Hold'em No Limit - Level III (20/40) - 2024/02/25 12:49:25 CET [2024/02/25 6:49:25 ET]
Table '3720973966 1' 3-max Seat #2 is the button
Seat 1: ezequieldilo (496 in chips) 
Seat 2: Mahu2021 (1004 in chips) 
Mahu2021: posts small blind 20
ezequieldilo: posts big blind 40
*** HOLE CARDS ***
Dealt to Mahu2021 [7c 9h]
Mahu2021: raises 40 to 80
ezequieldilo: calls 40
*** FLOP *** [5d Kc Jc]
ezequieldilo: checks 
Mahu2021: bets 80
ezequieldilo: folds 
Uncalled bet (80) returned to Mahu2021
Mahu2021 collected 160 from pot
Mahu2021: doesn't show hand 
*** SUMMARY ***
Total pot 160 | Rake 0 
Board [5d Kc Jc]
Seat 1: ezequieldilo (big blind) folded on the Flop
Seat 2: Mahu2021 (button) (small blind) collected (160)



PokerStars Hand #249082586598: Tournament #3720973966, $1.84+$0.16 USD Hold'em No Limit - Level IV (30/60) - 2024/02/25 12:49:43 CET [2024/02/25 6:49:43 ET]
Table '3720973966 1' 3-max Seat #1 is the button
Seat 1: ezequieldilo (416 in chips) 
Seat 2: Mahu2021 (1084 in chips) 
ezequieldilo: posts small blind 30
Mahu2021: posts big blind 60
*** HOLE CARDS ***
Dealt to Mahu2021 [6c 2c]
ezequieldilo: folds 
Uncalled bet (30) returned to Mahu2021
Mahu2021 collected 60 from pot
Mahu2021: doesn't show hand 
*** SUMMARY ***
Total pot 60 | Rake 0 
Seat 1: ezequieldilo (button) (small blind) folded before Flop
Seat 2: Mahu2021 (big blind) collected (60)



PokerStars Hand #249082587862: Tournament #3720973966, $1.84+$0.16 USD Hold'em No Limit - Level IV (30/60) - 2024/02/25 12:49:50 CET [2024/02/25 6:49:50 ET]
Table '3720973966 1' 3-max Seat #2 is the button
Seat 1: ezequieldilo (386 in chips) 
Seat 2: Mahu2021 (1114 in chips) 
Mahu2021: posts small blind 30
ezequieldilo: posts big blind 60
*** HOLE CARDS ***
Dealt to Mahu2021 [3d 3c]
Mahu2021: raises 1054 to 1114 and is all-in
ezequieldilo: folds 
Uncalled bet (1054) returned to Mahu2021
Mahu2021 collected 120 from pot
Mahu2021: doesn't show hand 
*** SUMMARY ***
Total pot 120 | Rake 0 
Seat 1: ezequieldilo (big blind) folded before Flop
Seat 2: Mahu2021 (button) (small blind) collected (120)



PokerStars Hand #249082589932: Tournament #3720973966, $1.84+$0.16 USD Hold'em No Limit - Level IV (30/60) - 2024/02/25 12:50:02 CET [2024/02/25 6:50:02 ET]
Table '3720973966 1' 3-max Seat #1 is the button
Seat 1: ezequieldilo (326 in chips) 
Seat 2: Mahu2021 (1174 in chips) 
ezequieldilo: posts small blind 30
Mahu2021: posts big blind 60
*** HOLE CARDS ***
Dealt to Mahu2021 [9d 6s]
ezequieldilo: calls 30
Mahu2021: checks 
*** FLOP *** [4d 7s Qh]
Mahu2021: checks 
ezequieldilo: bets 266 and is all-in
Mahu2021: folds 
Uncalled bet (266) returned to ezequieldilo
ezequieldilo collected 120 from pot
ezequieldilo: doesn't show hand 
*** SUMMARY ***
Total pot 120 | Rake 0 
Board [4d 7s Qh]
Seat 1: ezequieldilo (button) (small blind) collected (120)
Seat 2: Mahu2021 (big blind) folded on the Flop



PokerStars Hand #249082593930: Tournament #3720973966, $1.84+$0.16 USD Hold'em No Limit - Level IV (30/60) - 2024/02/25 12:50:24 CET [2024/02/25 6:50:24 ET]
Table '3720973966 1' 3-max Seat #2 is the button
Seat 1: ezequieldilo (386 in chips) 
Seat 2: Mahu2021 (1114 in chips) 
Mahu2021: posts small blind 30
ezequieldilo: posts big blind 60
*** HOLE CARDS ***
Dealt to Mahu2021 [6d 9s]
Mahu2021: folds 
Uncalled bet (30) returned to ezequieldilo
ezequieldilo collected 60 from pot
ezequieldilo: doesn't show hand 
*** SUMMARY ***
Total pot 60 | Rake 0 
Seat 1: ezequieldilo (big blind) collected (60)
Seat 2: Mahu2021 (button) (small blind) folded before Flop



PokerStars Hand #249082594827: Tournament #3720973966, $1.84+$0.16 USD Hold'em No Limit - Level IV (30/60) - 2024/02/25 12:50:28 CET [2024/02/25 6:50:28 ET]
Table '3720973966 1' 3-max Seat #1 is the button
Seat 1: ezequieldilo (416 in chips) 
Seat 2: Mahu2021 (1084 in chips) 
ezequieldilo: posts small blind 30
Mahu2021: posts big blind 60
*** HOLE CARDS ***
Dealt to Mahu2021 [Kd 5s]
ezequieldilo: raises 120 to 180
Mahu2021: folds 
Uncalled bet (120) returned to ezequieldilo
ezequieldilo collected 120 from pot
ezequieldilo: doesn't show hand 
*** SUMMARY ***
Total pot 120 | Rake 0 
Seat 1: ezequieldilo (button) (small blind) collected (120)
Seat 2: Mahu2021 (big blind) folded before Flop



PokerStars Hand #249082597052: Tournament #3720973966, $1.84+$0.16 USD Hold'em No Limit - Level IV (30/60) - 2024/02/25 12:50:41 CET [2024/02/25 6:50:41 ET]
Table '3720973966 1' 3-max Seat #2 is the button
Seat 1: ezequieldilo (476 in chips) 
Seat 2: Mahu2021 (1024 in chips) 
Mahu2021: posts small blind 30
ezequieldilo: posts big blind 60
*** HOLE CARDS ***
Dealt to Mahu2021 [7c 8s]
Mahu2021: raises 60 to 120
ezequieldilo: raises 356 to 476 and is all-in
Mahu2021: folds 
Uncalled bet (356) returned to ezequieldilo
ezequieldilo collected 240 from pot
ezequieldilo: doesn't show hand 
*** SUMMARY ***
Total pot 240 | Rake 0 
Seat 1: ezequieldilo (big blind) collected (240)
Seat 2: Mahu2021 (button) (small blind) folded before Flop



PokerStars Hand #249082599001: Tournament #3720973966, $1.84+$0.16 USD Hold'em No Limit - Level IV (30/60) - 2024/02/25 12:50:51 CET [2024/02/25 6:50:51 ET]
Table '3720973966 1' 3-max Seat #1 is the button
Seat 1: ezequieldilo (596 in chips) 
Seat 2: Mahu2021 (904 in chips) 
ezequieldilo: posts small blind 30
Mahu2021: posts big blind 60
*** HOLE CARDS ***
Dealt to Mahu2021 [6c 6d]
ezequieldilo: folds 
Uncalled bet (30) returned to Mahu2021
Mahu2021 collected 60 from pot
Mahu2021: doesn't show hand 
*** SUMMARY ***
Total pot 60 | Rake 0 
Seat 1: ezequieldilo (button) (small blind) folded before Flop
Seat 2: Mahu2021 (big blind) collected (60)



PokerStars Hand #249082599982: Tournament #3720973966, $1.84+$0.16 USD Hold'em No Limit - Level IV (30/60) - 2024/02/25 12:50:57 CET [2024/02/25 6:50:57 ET]
Table '3720973966 1' 3-max Seat #2 is the button
Seat 1: ezequieldilo (566 in chips) 
Seat 2: Mahu2021 (934 in chips) 
Mahu2021: posts small blind 30
ezequieldilo: posts big blind 60
*** HOLE CARDS ***
Dealt to Mahu2021 [6s 3c]
Mahu2021: folds 
Uncalled bet (30) returned to ezequieldilo
ezequieldilo collected 60 from pot
ezequieldilo: doesn't show hand 
*** SUMMARY ***
Total pot 60 | Rake 0 
Seat 1: ezequieldilo (big blind) collected (60)
Seat 2: Mahu2021 (button) (small blind) folded before Flop



PokerStars Hand #249082600785: Tournament #3720973966, $1.84+$0.16 USD Hold'em No Limit - Level IV (30/60) - 2024/02/25 12:51:01 CET [2024/02/25 6:51:01 ET]
Table '3720973966 1' 3-max Seat #1 is the button
Seat 1: ezequieldilo (596 in chips) 
Seat 2: Mahu2021 (904 in chips) 
ezequieldilo: posts small blind 30
Mahu2021: posts big blind 60
*** HOLE CARDS ***
Dealt to Mahu2021 [2h 7d]
ezequieldilo: raises 536 to 596 and is all-in
Mahu2021: folds 
Uncalled bet (536) returned to ezequieldilo
ezequieldilo collected 120 from pot
ezequieldilo: doesn't show hand 
*** SUMMARY ***
Total pot 120 | Rake 0 
Seat 1: ezequieldilo (button) (small blind) collected (120)
Seat 2: Mahu2021 (big blind) folded before Flop



PokerStars Hand #249082602271: Tournament #3720973966, $1.84+$0.16 USD Hold'em No Limit - Level IV (30/60) - 2024/02/25 12:51:10 CET [2024/02/25 6:51:10 ET]
Table '3720973966 1' 3-max Seat #2 is the button
Seat 1: ezequieldilo (656 in chips) 
Seat 2: Mahu2021 (844 in chips) 
Mahu2021: posts small blind 30
ezequieldilo: posts big blind 60
*** HOLE CARDS ***
Dealt to Mahu2021 [Jh Tc]
Mahu2021: raises 60 to 120
ezequieldilo: raises 536 to 656 and is all-in
Mahu2021: folds 
Uncalled bet (536) returned to ezequieldilo
ezequieldilo collected 240 from pot
ezequieldilo: doesn't show hand 
*** SUMMARY ***
Total pot 240 | Rake 0 
Seat 1: ezequieldilo (big blind) collected (240)
Seat 2: Mahu2021 (button) (small blind) folded before Flop



PokerStars Hand #249082604510: Tournament #3720973966, $1.84+$0.16 USD Hold'em No Limit - Level IV (30/60) - 2024/02/25 12:51:22 CET [2024/02/25 6:51:22 ET]
Table '3720973966 1' 3-max Seat #1 is the button
Seat 1: ezequieldilo (776 in chips) 
Seat 2: Mahu2021 (724 in chips) 
ezequieldilo: posts small blind 30
Mahu2021: posts big blind 60
*** HOLE CARDS ***
Dealt to Mahu2021 [8c Kc]
ezequieldilo: raises 716 to 776 and is all-in
Mahu2021: calls 664 and is all-in
Uncalled bet (52) returned to ezequieldilo
*** FLOP *** [6h Tc 2d]
*** TURN *** [6h Tc 2d] [Ks]
*** RIVER *** [6h Tc 2d Ks] [8h]
*** SHOW DOWN ***
Mahu2021: shows [8c Kc] (two pair, Kings and Eights)
ezequieldilo: shows [4s 4h] (a pair of Fours)
Mahu2021 collected 1448 from pot
*** SUMMARY ***
Total pot 1448 | Rake 0 
Board [6h Tc 2d Ks 8h]
Seat 1: ezequieldilo (button) (small blind) showed [4s 4h] and lost with a pair of Fours
Seat 2: Mahu2021 (big blind) showed [8c Kc] and won (1448) with two pair, Kings and Eights



PokerStars Hand #249082607606: Tournament #3720973966, $1.84+$0.16 USD Hold'em No Limit - Level IV (30/60) - 2024/02/25 12:51:40 CET [2024/02/25 6:51:40 ET]
Table '3720973966 1' 3-max Seat #2 is the button
Seat 1: ezequieldilo (52 in chips) 
Seat 2: Mahu2021 (1448 in chips) 
Mahu2021: posts small blind 30
ezequieldilo: posts big blind 52 and is all-in
*** HOLE CARDS ***
Dealt to Mahu2021 [9s 9d]
Mahu2021: calls 22
*** FLOP *** [5s 6d 6s]
*** TURN *** [5s 6d 6s] [Td]
*** RIVER *** [5s 6d 6s Td] [2s]
*** SHOW DOWN ***
ezequieldilo: shows [Qc 5h] (two pair, Sixes and Fives)
Mahu2021: shows [9s 9d] (two pair, Nines and Sixes)
Mahu2021 collected 104 from pot
ezequieldilo finished the tournament in 2nd place
Mahu2021 wins the tournament and receives $8.00 - congratulations!
*** SUMMARY ***
Total pot 104 | Rake 0 
Board [5s 6d 6s Td 2s]
Seat 1: ezequieldilo (big blind) showed [Qc 5h] and lost with two pair, Sixes and Fives
Seat 2: Mahu2021 (button) (small blind) showed [9s 9d] and won (104) with two pair, Nines and Sixes



