PokerStars Hand #248161419382: Tournament #3698358137, $1.84+$0.16 USD Hold'em No Limit - Level I (10/20) - 2024/01/09 12:34:11 CET [2024/01/09 6:34:11 ET]
Table '3698358137 1' 3-max Seat #1 is the button
Seat 1: StyleSheetsBR (500 in chips) 
Seat 2: Mahu2021 (500 in chips) 
Seat 3: I. Thainan (500 in chips) 
Mahu2021: posts small blind 10
I. Thainan: posts big blind 20
*** HOLE CARDS ***
Dealt to Mahu2021 [4h 9d]
StyleSheetsBR: raises 20 to 40
Mahu2021: folds 
I. Thainan: folds 
Uncalled bet (20) returned to StyleSheetsBR
StyleSheetsBR collected 50 from pot
StyleSheetsBR: doesn't show hand 
*** SUMMARY ***
Total pot 50 | Rake 0 
Seat 1: StyleSheetsBR (button) collected (50)
Seat 2: Mahu2021 (small blind) folded before Flop
Seat 3: I. Thainan (big blind) folded before Flop



PokerStars Hand #248161420253: Tournament #3698358137, $1.84+$0.16 USD Hold'em No Limit - Level I (10/20) - 2024/01/09 12:34:17 CET [2024/01/09 6:34:17 ET]
Table '3698358137 1' 3-max Seat #2 is the button
Seat 1: StyleSheetsBR (530 in chips) 
Seat 2: Mahu2021 (490 in chips) 
Seat 3: I. Thainan (480 in chips) 
I. Thainan: posts small blind 10
StyleSheetsBR: posts big blind 20
*** HOLE CARDS ***
Dealt to Mahu2021 [8c 3c]
Mahu2021: folds 
I. Thainan: raises 30 to 50
StyleSheetsBR: folds 
Uncalled bet (30) returned to I. Thainan
I. Thainan collected 40 from pot
*** SUMMARY ***
Total pot 40 | Rake 0 
Seat 1: StyleSheetsBR (big blind) folded before Flop
Seat 2: Mahu2021 (button) folded before Flop (didn't bet)
Seat 3: I. Thainan (small blind) collected (40)



PokerStars Hand #248161422591: Tournament #3698358137, $1.84+$0.16 USD Hold'em No Limit - Level I (10/20) - 2024/01/09 12:34:33 CET [2024/01/09 6:34:33 ET]
Table '3698358137 1' 3-max Seat #3 is the button
Seat 1: StyleSheetsBR (510 in chips) 
Seat 2: Mahu2021 (490 in chips) 
Seat 3: I. Thainan (500 in chips) 
StyleSheetsBR: posts small blind 10
Mahu2021: posts big blind 20
*** HOLE CARDS ***
Dealt to Mahu2021 [Qc Ac]
I. Thainan: folds 
StyleSheetsBR: folds 
Uncalled bet (10) returned to Mahu2021
Mahu2021 collected 20 from pot
Mahu2021: doesn't show hand 
*** SUMMARY ***
Total pot 20 | Rake 0 
Seat 1: StyleSheetsBR (small blind) folded before Flop
Seat 2: Mahu2021 (big blind) collected (20)
Seat 3: I. Thainan (button) folded before Flop (didn't bet)



PokerStars Hand #248161423654: Tournament #3698358137, $1.84+$0.16 USD Hold'em No Limit - Level I (10/20) - 2024/01/09 12:34:40 CET [2024/01/09 6:34:40 ET]
Table '3698358137 1' 3-max Seat #1 is the button
Seat 1: StyleSheetsBR (500 in chips) 
Seat 2: Mahu2021 (500 in chips) 
Seat 3: I. Thainan (500 in chips) 
Mahu2021: posts small blind 10
I. Thainan: posts big blind 20
*** HOLE CARDS ***
Dealt to Mahu2021 [7c 3d]
StyleSheetsBR: folds 
Mahu2021: folds 
Uncalled bet (10) returned to I. Thainan
I. Thainan collected 20 from pot
*** SUMMARY ***
Total pot 20 | Rake 0 
Seat 1: StyleSheetsBR (button) folded before Flop (didn't bet)
Seat 2: Mahu2021 (small blind) folded before Flop
Seat 3: I. Thainan (big blind) collected (20)



PokerStars Hand #248161424653: Tournament #3698358137, $1.84+$0.16 USD Hold'em No Limit - Level I (10/20) - 2024/01/09 12:34:46 CET [2024/01/09 6:34:46 ET]
Table '3698358137 1' 3-max Seat #2 is the button
Seat 1: StyleSheetsBR (500 in chips) 
Seat 2: Mahu2021 (490 in chips) 
Seat 3: I. Thainan (510 in chips) 
I. Thainan: posts small blind 10
StyleSheetsBR: posts big blind 20
*** HOLE CARDS ***
Dealt to Mahu2021 [4c 8d]
Mahu2021: folds 
I. Thainan: folds 
Uncalled bet (10) returned to StyleSheetsBR
StyleSheetsBR collected 20 from pot
StyleSheetsBR: doesn't show hand 
*** SUMMARY ***
Total pot 20 | Rake 0 
Seat 1: StyleSheetsBR (big blind) collected (20)
Seat 2: Mahu2021 (button) folded before Flop (didn't bet)
Seat 3: I. Thainan (small blind) folded before Flop



PokerStars Hand #248161425948: Tournament #3698358137, $1.84+$0.16 USD Hold'em No Limit - Level I (10/20) - 2024/01/09 12:34:55 CET [2024/01/09 6:34:55 ET]
Table '3698358137 1' 3-max Seat #3 is the button
Seat 1: StyleSheetsBR (510 in chips) 
Seat 2: Mahu2021 (490 in chips) 
Seat 3: I. Thainan (500 in chips) 
StyleSheetsBR: posts small blind 10
Mahu2021: posts big blind 20
*** HOLE CARDS ***
Dealt to Mahu2021 [Td 4s]
I. Thainan: raises 20 to 40
StyleSheetsBR: folds 
Mahu2021: folds 
Uncalled bet (20) returned to I. Thainan
I. Thainan collected 50 from pot
*** SUMMARY ***
Total pot 50 | Rake 0 
Seat 1: StyleSheetsBR (small blind) folded before Flop
Seat 2: Mahu2021 (big blind) folded before Flop
Seat 3: I. Thainan (button) collected (50)



PokerStars Hand #248161427675: Tournament #3698358137, $1.84+$0.16 USD Hold'em No Limit - Level I (10/20) - 2024/01/09 12:35:06 CET [2024/01/09 6:35:06 ET]
Table '3698358137 1' 3-max Seat #1 is the button
Seat 1: StyleSheetsBR (500 in chips) 
Seat 2: Mahu2021 (470 in chips) 
Seat 3: I. Thainan (530 in chips) 
Mahu2021: posts small blind 10
I. Thainan: posts big blind 20
*** HOLE CARDS ***
Dealt to Mahu2021 [2c Jh]
StyleSheetsBR: raises 20 to 40
Mahu2021: folds 
I. Thainan: folds 
Uncalled bet (20) returned to StyleSheetsBR
StyleSheetsBR collected 50 from pot
StyleSheetsBR: doesn't show hand 
*** SUMMARY ***
Total pot 50 | Rake 0 
Seat 1: StyleSheetsBR (button) collected (50)
Seat 2: Mahu2021 (small blind) folded before Flop
Seat 3: I. Thainan (big blind) folded before Flop



PokerStars Hand #248161429224: Tournament #3698358137, $1.84+$0.16 USD Hold'em No Limit - Level I (10/20) - 2024/01/09 12:35:17 CET [2024/01/09 6:35:17 ET]
Table '3698358137 1' 3-max Seat #2 is the button
Seat 1: StyleSheetsBR (530 in chips) 
Seat 2: Mahu2021 (460 in chips) 
Seat 3: I. Thainan (510 in chips) 
I. Thainan: posts small blind 10
StyleSheetsBR: posts big blind 20
*** HOLE CARDS ***
Dealt to Mahu2021 [4s 2c]
Mahu2021: folds 
I. Thainan: raises 30 to 50
StyleSheetsBR: folds 
Uncalled bet (30) returned to I. Thainan
I. Thainan collected 40 from pot
*** SUMMARY ***
Total pot 40 | Rake 0 
Seat 1: StyleSheetsBR (big blind) folded before Flop
Seat 2: Mahu2021 (button) folded before Flop (didn't bet)
Seat 3: I. Thainan (small blind) collected (40)



PokerStars Hand #248161431271: Tournament #3698358137, $1.84+$0.16 USD Hold'em No Limit - Level I (10/20) - 2024/01/09 12:35:30 CET [2024/01/09 6:35:30 ET]
Table '3698358137 1' 3-max Seat #3 is the button
Seat 1: StyleSheetsBR (510 in chips) 
Seat 2: Mahu2021 (460 in chips) 
Seat 3: I. Thainan (530 in chips) 
StyleSheetsBR: posts small blind 10
Mahu2021: posts big blind 20
*** HOLE CARDS ***
Dealt to Mahu2021 [2s 3c]
I. Thainan: raises 20 to 40
StyleSheetsBR: folds 
Mahu2021: calls 20
*** FLOP *** [4s 9c Th]
Mahu2021: checks 
I. Thainan: bets 36
Mahu2021: folds 
Uncalled bet (36) returned to I. Thainan
I. Thainan collected 90 from pot
*** SUMMARY ***
Total pot 90 | Rake 0 
Board [4s 9c Th]
Seat 1: StyleSheetsBR (small blind) folded before Flop
Seat 2: Mahu2021 (big blind) folded on the Flop
Seat 3: I. Thainan (button) collected (90)



PokerStars Hand #248161434313: Tournament #3698358137, $1.84+$0.16 USD Hold'em No Limit - Level I (10/20) - 2024/01/09 12:35:50 CET [2024/01/09 6:35:50 ET]
Table '3698358137 1' 3-max Seat #1 is the button
Seat 1: StyleSheetsBR (500 in chips) 
Seat 2: Mahu2021 (420 in chips) 
Seat 3: I. Thainan (580 in chips) 
Mahu2021: posts small blind 10
I. Thainan: posts big blind 20
*** HOLE CARDS ***
Dealt to Mahu2021 [Ks 2s]
StyleSheetsBR: raises 20 to 40
Mahu2021: calls 30
I. Thainan: calls 20
*** FLOP *** [Ah 6s 3s]
Mahu2021: checks 
I. Thainan: checks 
StyleSheetsBR: checks 
*** TURN *** [Ah 6s 3s] [Td]
Mahu2021: checks 
I. Thainan: bets 48
StyleSheetsBR: calls 48
Mahu2021: calls 48
*** RIVER *** [Ah 6s 3s Td] [Ac]
Mahu2021: checks 
I. Thainan: bets 106
Mahu2021 has returned
StyleSheetsBR: calls 106
Mahu2021: folds 
*** SHOW DOWN ***
I. Thainan: shows [Qs Th] (two pair, Aces and Tens)
StyleSheetsBR: shows [Tc Qd] (two pair, Aces and Tens)
I. Thainan collected 238 from pot
StyleSheetsBR collected 238 from pot
*** SUMMARY ***
Total pot 476 | Rake 0 
Board [Ah 6s 3s Td Ac]
Seat 1: StyleSheetsBR (button) showed [Tc Qd] and won (238) with two pair, Aces and Tens
Seat 2: Mahu2021 (small blind) folded on the River
Seat 3: I. Thainan (big blind) showed [Qs Th] and won (238) with two pair, Aces and Tens



PokerStars Hand #248161440632: Tournament #3698358137, $1.84+$0.16 USD Hold'em No Limit - Level I (10/20) - 2024/01/09 12:36:32 CET [2024/01/09 6:36:32 ET]
Table '3698358137 1' 3-max Seat #2 is the button
Seat 1: StyleSheetsBR (544 in chips) 
Seat 2: Mahu2021 (332 in chips) 
Seat 3: I. Thainan (624 in chips) 
I. Thainan: posts small blind 10
StyleSheetsBR: posts big blind 20
*** HOLE CARDS ***
Dealt to Mahu2021 [7h Qh]
Mahu2021: calls 20
I. Thainan: folds 
StyleSheetsBR: raises 524 to 544 and is all-in
Mahu2021: folds 
Uncalled bet (524) returned to StyleSheetsBR
StyleSheetsBR collected 50 from pot
StyleSheetsBR: doesn't show hand 
*** SUMMARY ***
Total pot 50 | Rake 0 
Seat 1: StyleSheetsBR (big blind) collected (50)
Seat 2: Mahu2021 (button) folded before Flop
Seat 3: I. Thainan (small blind) folded before Flop



PokerStars Hand #248161442512: Tournament #3698358137, $1.84+$0.16 USD Hold'em No Limit - Level I (10/20) - 2024/01/09 12:36:45 CET [2024/01/09 6:36:45 ET]
Table '3698358137 1' 3-max Seat #3 is the button
Seat 1: StyleSheetsBR (574 in chips) 
Seat 2: Mahu2021 (312 in chips) 
Seat 3: I. Thainan (614 in chips) 
StyleSheetsBR: posts small blind 10
Mahu2021: posts big blind 20
*** HOLE CARDS ***
Dealt to Mahu2021 [7d 4d]
I. Thainan: folds 
StyleSheetsBR: folds 
Uncalled bet (10) returned to Mahu2021
Mahu2021 collected 20 from pot
Mahu2021: doesn't show hand 
*** SUMMARY ***
Total pot 20 | Rake 0 
Seat 1: StyleSheetsBR (small blind) folded before Flop
Seat 2: Mahu2021 (big blind) collected (20)
Seat 3: I. Thainan (button) folded before Flop (didn't bet)



PokerStars Hand #248161444562: Tournament #3698358137, $1.84+$0.16 USD Hold'em No Limit - Level I (10/20) - 2024/01/09 12:36:58 CET [2024/01/09 6:36:58 ET]
Table '3698358137 1' 3-max Seat #1 is the button
Seat 1: StyleSheetsBR (564 in chips) 
Seat 2: Mahu2021 (322 in chips) 
Seat 3: I. Thainan (614 in chips) 
Mahu2021: posts small blind 10
I. Thainan: posts big blind 20
*** HOLE CARDS ***
Dealt to Mahu2021 [Ah 9s]
StyleSheetsBR: raises 20 to 40
Mahu2021: calls 30
I. Thainan: calls 20
*** FLOP *** [5s 6s 2c]
Mahu2021: checks 
I. Thainan: checks 
StyleSheetsBR: checks 
*** TURN *** [5s 6s 2c] [8h]
Mahu2021: checks 
I. Thainan: checks 
StyleSheetsBR: checks 
*** RIVER *** [5s 6s 2c 8h] [6h]
Mahu2021: checks 
I. Thainan: checks 
StyleSheetsBR: checks 
*** SHOW DOWN ***
Mahu2021: shows [Ah 9s] (a pair of Sixes)
I. Thainan: shows [Qc 5h] (two pair, Sixes and Fives)
StyleSheetsBR: mucks hand 
I. Thainan collected 120 from pot
*** SUMMARY ***
Total pot 120 | Rake 0 
Board [5s 6s 2c 8h 6h]
Seat 1: StyleSheetsBR (button) mucked [Kd 7d]
Seat 2: Mahu2021 (small blind) showed [Ah 9s] and lost with a pair of Sixes
Seat 3: I. Thainan (big blind) showed [Qc 5h] and won (120) with two pair, Sixes and Fives



PokerStars Hand #248161452186: Tournament #3698358137, $1.84+$0.16 USD Hold'em No Limit - Level II (15/30) - 2024/01/09 12:37:48 CET [2024/01/09 6:37:48 ET]
Table '3698358137 1' 3-max Seat #2 is the button
Seat 1: StyleSheetsBR (524 in chips) 
Seat 2: Mahu2021 (282 in chips) 
Seat 3: I. Thainan (694 in chips) 
I. Thainan: posts small blind 15
StyleSheetsBR: posts big blind 30
*** HOLE CARDS ***
Dealt to Mahu2021 [3c 9c]
Mahu2021: folds 
I. Thainan: raises 30 to 60
StyleSheetsBR: calls 30
*** FLOP *** [9h 3h 8d]
I. Thainan: bets 40
StyleSheetsBR: folds 
Uncalled bet (40) returned to I. Thainan
I. Thainan collected 120 from pot
*** SUMMARY ***
Total pot 120 | Rake 0 
Board [9h 3h 8d]
Seat 1: StyleSheetsBR (big blind) folded on the Flop
Seat 2: Mahu2021 (button) folded before Flop (didn't bet)
Seat 3: I. Thainan (small blind) collected (120)



PokerStars Hand #248161458799: Tournament #3698358137, $1.84+$0.16 USD Hold'em No Limit - Level II (15/30) - 2024/01/09 12:38:31 CET [2024/01/09 6:38:31 ET]
Table '3698358137 1' 3-max Seat #3 is the button
Seat 1: StyleSheetsBR (464 in chips) 
Seat 2: Mahu2021 (282 in chips) 
Seat 3: I. Thainan (754 in chips) 
StyleSheetsBR: posts small blind 15
Mahu2021: posts big blind 30
*** HOLE CARDS ***
Dealt to Mahu2021 [7s Qc]
I. Thainan: folds 
StyleSheetsBR: raises 434 to 464 and is all-in
Mahu2021: folds 
Uncalled bet (434) returned to StyleSheetsBR
StyleSheetsBR collected 60 from pot
StyleSheetsBR: doesn't show hand 
*** SUMMARY ***
Total pot 60 | Rake 0 
Seat 1: StyleSheetsBR (small blind) collected (60)
Seat 2: Mahu2021 (big blind) folded before Flop
Seat 3: I. Thainan (button) folded before Flop (didn't bet)



PokerStars Hand #248161461042: Tournament #3698358137, $1.84+$0.16 USD Hold'em No Limit - Level II (15/30) - 2024/01/09 12:38:45 CET [2024/01/09 6:38:45 ET]
Table '3698358137 1' 3-max Seat #1 is the button
Seat 1: StyleSheetsBR (494 in chips) 
Seat 2: Mahu2021 (252 in chips) 
Seat 3: I. Thainan (754 in chips) 
Mahu2021: posts small blind 15
I. Thainan: posts big blind 30
*** HOLE CARDS ***
Dealt to Mahu2021 [Kh 2c]
StyleSheetsBR: folds 
Mahu2021: folds 
Uncalled bet (15) returned to I. Thainan
I. Thainan collected 30 from pot
*** SUMMARY ***
Total pot 30 | Rake 0 
Seat 1: StyleSheetsBR (button) folded before Flop (didn't bet)
Seat 2: Mahu2021 (small blind) folded before Flop
Seat 3: I. Thainan (big blind) collected (30)



PokerStars Hand #248161462562: Tournament #3698358137, $1.84+$0.16 USD Hold'em No Limit - Level II (15/30) - 2024/01/09 12:38:54 CET [2024/01/09 6:38:54 ET]
Table '3698358137 1' 3-max Seat #2 is the button
Seat 1: StyleSheetsBR (494 in chips) 
Seat 2: Mahu2021 (237 in chips) 
Seat 3: I. Thainan (769 in chips) 
I. Thainan: posts small blind 15
StyleSheetsBR: posts big blind 30
*** HOLE CARDS ***
Dealt to Mahu2021 [9c 8s]
Mahu2021: calls 30
I. Thainan: folds 
StyleSheetsBR: raises 464 to 494 and is all-in
Mahu2021: folds 
Uncalled bet (464) returned to StyleSheetsBR
StyleSheetsBR collected 75 from pot
StyleSheetsBR: doesn't show hand 
*** SUMMARY ***
Total pot 75 | Rake 0 
Seat 1: StyleSheetsBR (big blind) collected (75)
Seat 2: Mahu2021 (button) folded before Flop
Seat 3: I. Thainan (small blind) folded before Flop



PokerStars Hand #248161465286: Tournament #3698358137, $1.84+$0.16 USD Hold'em No Limit - Level II (15/30) - 2024/01/09 12:39:11 CET [2024/01/09 6:39:11 ET]
Table '3698358137 1' 3-max Seat #3 is the button
Seat 1: StyleSheetsBR (539 in chips) 
Seat 2: Mahu2021 (207 in chips) 
Seat 3: I. Thainan (754 in chips) 
StyleSheetsBR: posts small blind 15
Mahu2021: posts big blind 30
*** HOLE CARDS ***
Dealt to Mahu2021 [2d Ac]
I. Thainan: folds 
StyleSheetsBR: raises 509 to 539 and is all-in
Mahu2021: calls 177 and is all-in
Uncalled bet (332) returned to StyleSheetsBR
*** FLOP *** [Qs 2c Ts]
*** TURN *** [Qs 2c Ts] [Td]
*** RIVER *** [Qs 2c Ts Td] [8c]
*** SHOW DOWN ***
StyleSheetsBR: shows [6s 7s] (a pair of Tens)
Mahu2021: shows [2d Ac] (two pair, Tens and Deuces)
Mahu2021 collected 414 from pot
*** SUMMARY ***
Total pot 414 | Rake 0 
Board [Qs 2c Ts Td 8c]
Seat 1: StyleSheetsBR (small blind) showed [6s 7s] and lost with a pair of Tens
Seat 2: Mahu2021 (big blind) showed [2d Ac] and won (414) with two pair, Tens and Deuces
Seat 3: I. Thainan (button) folded before Flop (didn't bet)



PokerStars Hand #248161467751: Tournament #3698358137, $1.84+$0.16 USD Hold'em No Limit - Level II (15/30) - 2024/01/09 12:39:26 CET [2024/01/09 6:39:26 ET]
Table '3698358137 1' 3-max Seat #1 is the button
Seat 1: StyleSheetsBR (332 in chips) 
Seat 2: Mahu2021 (414 in chips) 
Seat 3: I. Thainan (754 in chips) 
Mahu2021: posts small blind 15
I. Thainan: posts big blind 30
*** HOLE CARDS ***
Dealt to Mahu2021 [8s 2h]
StyleSheetsBR: raises 302 to 332 and is all-in
Mahu2021: folds 
I. Thainan: folds 
Uncalled bet (302) returned to StyleSheetsBR
StyleSheetsBR collected 75 from pot
StyleSheetsBR: doesn't show hand 
*** SUMMARY ***
Total pot 75 | Rake 0 
Seat 1: StyleSheetsBR (button) collected (75)
Seat 2: Mahu2021 (small blind) folded before Flop
Seat 3: I. Thainan (big blind) folded before Flop



PokerStars Hand #248161469070: Tournament #3698358137, $1.84+$0.16 USD Hold'em No Limit - Level II (15/30) - 2024/01/09 12:39:34 CET [2024/01/09 6:39:34 ET]
Table '3698358137 1' 3-max Seat #2 is the button
Seat 1: StyleSheetsBR (377 in chips) 
Seat 2: Mahu2021 (399 in chips) 
Seat 3: I. Thainan (724 in chips) 
I. Thainan: posts small blind 15
StyleSheetsBR: posts big blind 30
*** HOLE CARDS ***
Dealt to Mahu2021 [2s 6c]
Mahu2021: folds 
I. Thainan: raises 30 to 60
StyleSheetsBR: raises 317 to 377 and is all-in
I. Thainan: folds 
Uncalled bet (317) returned to StyleSheetsBR
StyleSheetsBR collected 120 from pot
StyleSheetsBR: doesn't show hand 
*** SUMMARY ***
Total pot 120 | Rake 0 
Seat 1: StyleSheetsBR (big blind) collected (120)
Seat 2: Mahu2021 (button) folded before Flop (didn't bet)
Seat 3: I. Thainan (small blind) folded before Flop



PokerStars Hand #248161470708: Tournament #3698358137, $1.84+$0.16 USD Hold'em No Limit - Level II (15/30) - 2024/01/09 12:39:44 CET [2024/01/09 6:39:44 ET]
Table '3698358137 1' 3-max Seat #3 is the button
Seat 1: StyleSheetsBR (437 in chips) 
Seat 2: Mahu2021 (399 in chips) 
Seat 3: I. Thainan (664 in chips) 
StyleSheetsBR: posts small blind 15
Mahu2021: posts big blind 30
*** HOLE CARDS ***
Dealt to Mahu2021 [Ad 3d]
I. Thainan: raises 634 to 664 and is all-in
StyleSheetsBR: folds 
Mahu2021: folds 
Uncalled bet (634) returned to I. Thainan
I. Thainan collected 75 from pot
*** SUMMARY ***
Total pot 75 | Rake 0 
Seat 1: StyleSheetsBR (small blind) folded before Flop
Seat 2: Mahu2021 (big blind) folded before Flop
Seat 3: I. Thainan (button) collected (75)



PokerStars Hand #248161472413: Tournament #3698358137, $1.84+$0.16 USD Hold'em No Limit - Level II (15/30) - 2024/01/09 12:39:54 CET [2024/01/09 6:39:54 ET]
Table '3698358137 1' 3-max Seat #1 is the button
Seat 1: StyleSheetsBR (422 in chips) 
Seat 2: Mahu2021 (369 in chips) 
Seat 3: I. Thainan (709 in chips) 
Mahu2021: posts small blind 15
I. Thainan: posts big blind 30
*** HOLE CARDS ***
Dealt to Mahu2021 [Kd 5d]
StyleSheetsBR: folds 
Mahu2021: calls 15
I. Thainan: checks 
*** FLOP *** [6d Kh 7h]
Mahu2021: bets 30
I. Thainan: calls 30
*** TURN *** [6d Kh 7h] [Ac]
Mahu2021: checks 
I. Thainan: bets 48
Mahu2021: calls 48
*** RIVER *** [6d Kh 7h Ac] [Ts]
Mahu2021: checks 
I. Thainan: bets 601 and is all-in
Mahu2021: folds 
Uncalled bet (601) returned to I. Thainan
I. Thainan collected 216 from pot
I. Thainan: doesn't show hand 
*** SUMMARY ***
Total pot 216 | Rake 0 
Board [6d Kh 7h Ac Ts]
Seat 1: StyleSheetsBR (button) folded before Flop (didn't bet)
Seat 2: Mahu2021 (small blind) folded on the River
Seat 3: I. Thainan (big blind) collected (216)



PokerStars Hand #248161477652: Tournament #3698358137, $1.84+$0.16 USD Hold'em No Limit - Level III (20/40) - 2024/01/09 12:40:25 CET [2024/01/09 6:40:25 ET]
Table '3698358137 1' 3-max Seat #2 is the button
Seat 1: StyleSheetsBR (422 in chips) 
Seat 2: Mahu2021 (261 in chips) 
Seat 3: I. Thainan (817 in chips) 
I. Thainan: posts small blind 20
StyleSheetsBR: posts big blind 40
*** HOLE CARDS ***
Dealt to Mahu2021 [Kd As]
Mahu2021: raises 221 to 261 and is all-in
I. Thainan: folds 
StyleSheetsBR: folds 
Uncalled bet (221) returned to Mahu2021
Mahu2021 collected 100 from pot
Mahu2021: doesn't show hand 
*** SUMMARY ***
Total pot 100 | Rake 0 
Seat 1: StyleSheetsBR (big blind) folded before Flop
Seat 2: Mahu2021 (button) collected (100)
Seat 3: I. Thainan (small blind) folded before Flop



PokerStars Hand #248161479079: Tournament #3698358137, $1.84+$0.16 USD Hold'em No Limit - Level III (20/40) - 2024/01/09 12:40:33 CET [2024/01/09 6:40:33 ET]
Table '3698358137 1' 3-max Seat #3 is the button
Seat 1: StyleSheetsBR (382 in chips) 
Seat 2: Mahu2021 (321 in chips) 
Seat 3: I. Thainan (797 in chips) 
StyleSheetsBR: posts small blind 20
Mahu2021: posts big blind 40
*** HOLE CARDS ***
Dealt to Mahu2021 [7c 9c]
I. Thainan: folds 
StyleSheetsBR: raises 342 to 382 and is all-in
Mahu2021: folds 
Uncalled bet (342) returned to StyleSheetsBR
StyleSheetsBR collected 80 from pot
StyleSheetsBR: doesn't show hand 
*** SUMMARY ***
Total pot 80 | Rake 0 
Seat 1: StyleSheetsBR (small blind) collected (80)
Seat 2: Mahu2021 (big blind) folded before Flop
Seat 3: I. Thainan (button) folded before Flop (didn't bet)



PokerStars Hand #248161481011: Tournament #3698358137, $1.84+$0.16 USD Hold'em No Limit - Level III (20/40) - 2024/01/09 12:40:44 CET [2024/01/09 6:40:44 ET]
Table '3698358137 1' 3-max Seat #1 is the button
Seat 1: StyleSheetsBR (422 in chips) 
Seat 2: Mahu2021 (281 in chips) 
Seat 3: I. Thainan (797 in chips) 
Mahu2021: posts small blind 20
I. Thainan: posts big blind 40
*** HOLE CARDS ***
Dealt to Mahu2021 [3h Jc]
StyleSheetsBR: folds 
Mahu2021: folds 
Uncalled bet (20) returned to I. Thainan
I. Thainan collected 40 from pot
*** SUMMARY ***
Total pot 40 | Rake 0 
Seat 1: StyleSheetsBR (button) folded before Flop (didn't bet)
Seat 2: Mahu2021 (small blind) folded before Flop
Seat 3: I. Thainan (big blind) collected (40)



PokerStars Hand #248161481850: Tournament #3698358137, $1.84+$0.16 USD Hold'em No Limit - Level III (20/40) - 2024/01/09 12:40:49 CET [2024/01/09 6:40:49 ET]
Table '3698358137 1' 3-max Seat #2 is the button
Seat 1: StyleSheetsBR (422 in chips) 
Seat 2: Mahu2021 (261 in chips) 
Seat 3: I. Thainan (817 in chips) 
I. Thainan: posts small blind 20
StyleSheetsBR: posts big blind 40
*** HOLE CARDS ***
Dealt to Mahu2021 [Ad 4c]
Mahu2021: folds 
I. Thainan: calls 20
StyleSheetsBR: raises 382 to 422 and is all-in
I. Thainan: folds 
Uncalled bet (382) returned to StyleSheetsBR
StyleSheetsBR collected 80 from pot
StyleSheetsBR: doesn't show hand 
*** SUMMARY ***
Total pot 80 | Rake 0 
Seat 1: StyleSheetsBR (big blind) collected (80)
Seat 2: Mahu2021 (button) folded before Flop (didn't bet)
Seat 3: I. Thainan (small blind) folded before Flop



PokerStars Hand #248161484779: Tournament #3698358137, $1.84+$0.16 USD Hold'em No Limit - Level III (20/40) - 2024/01/09 12:41:06 CET [2024/01/09 6:41:06 ET]
Table '3698358137 1' 3-max Seat #3 is the button
Seat 1: StyleSheetsBR (462 in chips) 
Seat 2: Mahu2021 (261 in chips) 
Seat 3: I. Thainan (777 in chips) 
StyleSheetsBR: posts small blind 20
Mahu2021: posts big blind 40
*** HOLE CARDS ***
Dealt to Mahu2021 [8h Qs]
I. Thainan: folds 
StyleSheetsBR: raises 422 to 462 and is all-in
Mahu2021: calls 221 and is all-in
Uncalled bet (201) returned to StyleSheetsBR
*** FLOP *** [8c 4h 6c]
*** TURN *** [8c 4h 6c] [9c]
*** RIVER *** [8c 4h 6c 9c] [Ad]
*** SHOW DOWN ***
StyleSheetsBR: shows [6d 4d] (two pair, Sixes and Fours)
Mahu2021: shows [8h Qs] (a pair of Eights)
StyleSheetsBR collected 522 from pot
Mahu2021 finished the tournament in 3rd place
*** SUMMARY ***
Total pot 522 | Rake 0 
Board [8c 4h 6c 9c Ad]
Seat 1: StyleSheetsBR (small blind) showed [6d 4d] and won (522) with two pair, Sixes and Fours
Seat 2: Mahu2021 (big blind) showed [8h Qs] and lost with a pair of Eights
Seat 3: I. Thainan (button) folded before Flop (didn't bet)



