PokerStars Hand #248555191610: Tournament #3708156231, $1.84+$0.16 USD Hold'em No Limit - Level I (10/20) - 2024/01/28 23:38:11 CET [2024/01/28 17:38:11 ET]
Table '3708156231 1' 3-max Seat #1 is the button
Seat 1: Mahu2021 (500 in chips) 
Seat 2: lujcasp (500 in chips) 
Seat 3: poppymp (500 in chips) 
lujcasp: posts small blind 10
poppymp: posts big blind 20
*** HOLE CARDS ***
Dealt to Mahu2021 [As Ad]
Mahu2021: raises 480 to 500 and is all-in
lujcasp: folds 
poppymp: folds 
Uncalled bet (480) returned to Mahu2021
Mahu2021 collected 50 from pot
Mahu2021: doesn't show hand 
*** SUMMARY ***
Total pot 50 | Rake 0 
Seat 1: Mahu2021 (button) collected (50)
Seat 2: lujcasp (small blind) folded before Flop
Seat 3: poppymp (big blind) folded before Flop



PokerStars Hand #248555195023: Tournament #3708156231, $1.84+$0.16 USD Hold'em No Limit - Level I (10/20) - 2024/01/28 23:38:20 CET [2024/01/28 17:38:20 ET]
Table '3708156231 1' 3-max Seat #2 is the button
Seat 1: Mahu2021 (530 in chips) 
Seat 2: lujcasp (490 in chips) 
Seat 3: poppymp (480 in chips) 
poppymp: posts small blind 10
Mahu2021: posts big blind 20
*** HOLE CARDS ***
Dealt to Mahu2021 [6h As]
lujcasp: raises 470 to 490 and is all-in
poppymp: calls 470 and is all-in
Mahu2021: folds 
Uncalled bet (10) returned to lujcasp
*** FLOP *** [5d 3s Ks]
*** TURN *** [5d 3s Ks] [9d]
*** RIVER *** [5d 3s Ks 9d] [6d]
*** SHOW DOWN ***
poppymp: shows [Ac 4c] (high card Ace)
lujcasp: shows [4d 4s] (a pair of Fours)
lujcasp collected 980 from pot
poppymp finished the tournament in 3rd place
*** SUMMARY ***
Total pot 980 | Rake 0 
Board [5d 3s Ks 9d 6d]
Seat 1: Mahu2021 (big blind) folded before Flop
Seat 2: lujcasp (button) showed [4d 4s] and won (980) with a pair of Fours
Seat 3: poppymp (small blind) showed [Ac 4c] and lost with high card Ace



PokerStars Hand #248555201770: Tournament #3708156231, $1.84+$0.16 USD Hold'em No Limit - Level I (10/20) - 2024/01/28 23:38:37 CET [2024/01/28 17:38:37 ET]
Table '3708156231 1' 3-max Seat #1 is the button
Seat 1: Mahu2021 (510 in chips) 
Seat 2: lujcasp (990 in chips) 
Mahu2021: posts small blind 10
lujcasp: posts big blind 20
*** HOLE CARDS ***
Dealt to Mahu2021 [6c 7c]
Mahu2021: calls 10
lujcasp: raises 40 to 60
Mahu2021: calls 40
*** FLOP *** [8h 2h Tc]
lujcasp: bets 40
Mahu2021: calls 40
*** TURN *** [8h 2h Tc] [3s]
lujcasp: bets 100
Mahu2021: folds 
Uncalled bet (100) returned to lujcasp
lujcasp collected 200 from pot
lujcasp: doesn't show hand 
*** SUMMARY ***
Total pot 200 | Rake 0 
Board [8h 2h Tc 3s]
Seat 1: Mahu2021 (button) (small blind) folded on the Turn
Seat 2: lujcasp (big blind) collected (200)



PokerStars Hand #248555213633: Tournament #3708156231, $1.84+$0.16 USD Hold'em No Limit - Level I (10/20) - 2024/01/28 23:39:07 CET [2024/01/28 17:39:07 ET]
Table '3708156231 1' 3-max Seat #2 is the button
Seat 1: Mahu2021 (410 in chips) 
Seat 2: lujcasp (1090 in chips) 
lujcasp: posts small blind 10
Mahu2021: posts big blind 20
*** HOLE CARDS ***
Dealt to Mahu2021 [4d 6d]
lujcasp: raises 20 to 40
Mahu2021: calls 20
*** FLOP *** [Jh 6h Jd]
Mahu2021: checks 
lujcasp: bets 30
Mahu2021: raises 340 to 370 and is all-in
lujcasp: folds 
Uncalled bet (340) returned to Mahu2021
Mahu2021 collected 140 from pot
Mahu2021: doesn't show hand 
*** SUMMARY ***
Total pot 140 | Rake 0 
Board [Jh 6h Jd]
Seat 1: Mahu2021 (big blind) collected (140)
Seat 2: lujcasp (button) (small blind) folded on the Flop



PokerStars Hand #248555221736: Tournament #3708156231, $1.84+$0.16 USD Hold'em No Limit - Level I (10/20) - 2024/01/28 23:39:28 CET [2024/01/28 17:39:28 ET]
Table '3708156231 1' 3-max Seat #1 is the button
Seat 1: Mahu2021 (480 in chips) 
Seat 2: lujcasp (1020 in chips) 
Mahu2021: posts small blind 10
lujcasp: posts big blind 20
*** HOLE CARDS ***
Dealt to Mahu2021 [Kc 3d]
Mahu2021: raises 20 to 40
lujcasp: raises 980 to 1020 and is all-in
Mahu2021: folds 
Uncalled bet (980) returned to lujcasp
lujcasp collected 80 from pot
lujcasp: doesn't show hand 
*** SUMMARY ***
Total pot 80 | Rake 0 
Seat 1: Mahu2021 (button) (small blind) folded before Flop
Seat 2: lujcasp (big blind) collected (80)



PokerStars Hand #248555226199: Tournament #3708156231, $1.84+$0.16 USD Hold'em No Limit - Level I (10/20) - 2024/01/28 23:39:39 CET [2024/01/28 17:39:39 ET]
Table '3708156231 1' 3-max Seat #2 is the button
Seat 1: Mahu2021 (440 in chips) 
Seat 2: lujcasp (1060 in chips) 
lujcasp: posts small blind 10
Mahu2021: posts big blind 20
*** HOLE CARDS ***
Dealt to Mahu2021 [3s 2c]
lujcasp: raises 20 to 40
Mahu2021: folds 
Uncalled bet (20) returned to lujcasp
lujcasp collected 40 from pot
lujcasp: doesn't show hand 
*** SUMMARY ***
Total pot 40 | Rake 0 
Seat 1: Mahu2021 (big blind) folded before Flop
Seat 2: lujcasp (button) (small blind) collected (40)



PokerStars Hand #248555228044: Tournament #3708156231, $1.84+$0.16 USD Hold'em No Limit - Level I (10/20) - 2024/01/28 23:39:44 CET [2024/01/28 17:39:44 ET]
Table '3708156231 1' 3-max Seat #1 is the button
Seat 1: Mahu2021 (420 in chips) 
Seat 2: lujcasp (1080 in chips) 
Mahu2021: posts small blind 10
lujcasp: posts big blind 20
*** HOLE CARDS ***
Dealt to Mahu2021 [Qd Qh]
Mahu2021: raises 20 to 40
lujcasp: calls 20
*** FLOP *** [Th 8h 3d]
lujcasp: checks 
Mahu2021: bets 80
lujcasp: folds 
Uncalled bet (80) returned to Mahu2021
Mahu2021 collected 80 from pot
Mahu2021: doesn't show hand 
*** SUMMARY ***
Total pot 80 | Rake 0 
Board [Th 8h 3d]
Seat 1: Mahu2021 (button) (small blind) collected (80)
Seat 2: lujcasp (big blind) folded on the Flop



PokerStars Hand #248555238414: Tournament #3708156231, $1.84+$0.16 USD Hold'em No Limit - Level I (10/20) - 2024/01/28 23:40:10 CET [2024/01/28 17:40:10 ET]
Table '3708156231 1' 3-max Seat #2 is the button
Seat 1: Mahu2021 (460 in chips) 
Seat 2: lujcasp (1040 in chips) 
lujcasp: posts small blind 10
Mahu2021: posts big blind 20
*** HOLE CARDS ***
Dealt to Mahu2021 [8d 3s]
lujcasp: calls 10
Mahu2021: checks 
*** FLOP *** [7c Ad 2s]
Mahu2021: checks 
lujcasp: bets 20
Mahu2021: folds 
Uncalled bet (20) returned to lujcasp
lujcasp collected 40 from pot
lujcasp: doesn't show hand 
*** SUMMARY ***
Total pot 40 | Rake 0 
Board [7c Ad 2s]
Seat 1: Mahu2021 (big blind) folded on the Flop
Seat 2: lujcasp (button) (small blind) collected (40)



PokerStars Hand #248555243984: Tournament #3708156231, $1.84+$0.16 USD Hold'em No Limit - Level II (15/30) - 2024/01/28 23:40:24 CET [2024/01/28 17:40:24 ET]
Table '3708156231 1' 3-max Seat #1 is the button
Seat 1: Mahu2021 (440 in chips) 
Seat 2: lujcasp (1060 in chips) 
Mahu2021: posts small blind 15
lujcasp: posts big blind 30
*** HOLE CARDS ***
Dealt to Mahu2021 [Tc 2c]
Mahu2021: folds 
Uncalled bet (15) returned to lujcasp
lujcasp collected 30 from pot
lujcasp: doesn't show hand 
*** SUMMARY ***
Total pot 30 | Rake 0 
Seat 1: Mahu2021 (button) (small blind) folded before Flop
Seat 2: lujcasp (big blind) collected (30)



PokerStars Hand #248555245627: Tournament #3708156231, $1.84+$0.16 USD Hold'em No Limit - Level II (15/30) - 2024/01/28 23:40:29 CET [2024/01/28 17:40:29 ET]
Table '3708156231 1' 3-max Seat #2 is the button
Seat 1: Mahu2021 (425 in chips) 
Seat 2: lujcasp (1075 in chips) 
lujcasp: posts small blind 15
Mahu2021: posts big blind 30
*** HOLE CARDS ***
Dealt to Mahu2021 [Jc Jd]
lujcasp: raises 30 to 60
Mahu2021: raises 365 to 425 and is all-in
lujcasp: folds 
Uncalled bet (365) returned to Mahu2021
Mahu2021 collected 120 from pot
Mahu2021: doesn't show hand 
*** SUMMARY ***
Total pot 120 | Rake 0 
Seat 1: Mahu2021 (big blind) collected (120)
Seat 2: lujcasp (button) (small blind) folded before Flop



PokerStars Hand #248555252750: Tournament #3708156231, $1.84+$0.16 USD Hold'em No Limit - Level II (15/30) - 2024/01/28 23:40:47 CET [2024/01/28 17:40:47 ET]
Table '3708156231 1' 3-max Seat #1 is the button
Seat 1: Mahu2021 (485 in chips) 
Seat 2: lujcasp (1015 in chips) 
Mahu2021: posts small blind 15
lujcasp: posts big blind 30
*** HOLE CARDS ***
Dealt to Mahu2021 [2h 8h]
Mahu2021: folds 
Uncalled bet (15) returned to lujcasp
lujcasp collected 30 from pot
lujcasp: doesn't show hand 
*** SUMMARY ***
Total pot 30 | Rake 0 
Seat 1: Mahu2021 (button) (small blind) folded before Flop
Seat 2: lujcasp (big blind) collected (30)



PokerStars Hand #248555254487: Tournament #3708156231, $1.84+$0.16 USD Hold'em No Limit - Level II (15/30) - 2024/01/28 23:40:51 CET [2024/01/28 17:40:51 ET]
Table '3708156231 1' 3-max Seat #2 is the button
Seat 1: Mahu2021 (470 in chips) 
Seat 2: lujcasp (1030 in chips) 
lujcasp: posts small blind 15
Mahu2021: posts big blind 30
*** HOLE CARDS ***
Dealt to Mahu2021 [Kh As]
lujcasp: raises 30 to 60
Mahu2021: raises 90 to 150
lujcasp: raises 880 to 1030 and is all-in
Mahu2021: calls 320 and is all-in
Uncalled bet (560) returned to lujcasp
*** FLOP *** [6h Ac 7h]
*** TURN *** [6h Ac 7h] [5s]
*** RIVER *** [6h Ac 7h 5s] [Jd]
*** SHOW DOWN ***
Mahu2021: shows [Kh As] (a pair of Aces)
lujcasp: shows [Qh Qc] (a pair of Queens)
Mahu2021 collected 940 from pot
*** SUMMARY ***
Total pot 940 | Rake 0 
Board [6h Ac 7h 5s Jd]
Seat 1: Mahu2021 (big blind) showed [Kh As] and won (940) with a pair of Aces
Seat 2: lujcasp (button) (small blind) showed [Qh Qc] and lost with a pair of Queens



PokerStars Hand #248555261890: Tournament #3708156231, $1.84+$0.16 USD Hold'em No Limit - Level II (15/30) - 2024/01/28 23:41:10 CET [2024/01/28 17:41:10 ET]
Table '3708156231 1' 3-max Seat #1 is the button
Seat 1: Mahu2021 (940 in chips) 
Seat 2: lujcasp (560 in chips) 
Mahu2021: posts small blind 15
lujcasp: posts big blind 30
*** HOLE CARDS ***
Dealt to Mahu2021 [3c 8h]
Mahu2021: folds 
Uncalled bet (15) returned to lujcasp
lujcasp collected 30 from pot
lujcasp: doesn't show hand 
*** SUMMARY ***
Total pot 30 | Rake 0 
Seat 1: Mahu2021 (button) (small blind) folded before Flop
Seat 2: lujcasp (big blind) collected (30)



PokerStars Hand #248555263620: Tournament #3708156231, $1.84+$0.16 USD Hold'em No Limit - Level II (15/30) - 2024/01/28 23:41:14 CET [2024/01/28 17:41:14 ET]
Table '3708156231 1' 3-max Seat #2 is the button
Seat 1: Mahu2021 (925 in chips) 
Seat 2: lujcasp (575 in chips) 
lujcasp: posts small blind 15
Mahu2021: posts big blind 30
*** HOLE CARDS ***
Dealt to Mahu2021 [2c 4c]
lujcasp: raises 30 to 60
Mahu2021: calls 30
*** FLOP *** [8s 5d 6s]
Mahu2021: checks 
lujcasp: bets 51
Mahu2021: calls 51
*** TURN *** [8s 5d 6s] [Tc]
Mahu2021: checks 
lujcasp: bets 111
Mahu2021: calls 111
*** RIVER *** [8s 5d 6s Tc] [Qc]
Mahu2021: checks 
lujcasp: bets 353 and is all-in
Mahu2021: folds 
Uncalled bet (353) returned to lujcasp
lujcasp collected 444 from pot
lujcasp: doesn't show hand 
*** SUMMARY ***
Total pot 444 | Rake 0 
Board [8s 5d 6s Tc Qc]
Seat 1: Mahu2021 (big blind) folded on the River
Seat 2: lujcasp (button) (small blind) collected (444)



PokerStars Hand #248555283318: Tournament #3708156231, $1.84+$0.16 USD Hold'em No Limit - Level II (15/30) - 2024/01/28 23:42:05 CET [2024/01/28 17:42:05 ET]
Table '3708156231 1' 3-max Seat #1 is the button
Seat 1: Mahu2021 (703 in chips) 
Seat 2: lujcasp (797 in chips) 
Mahu2021: posts small blind 15
lujcasp: posts big blind 30
*** HOLE CARDS ***
Dealt to Mahu2021 [Th 7h]
Mahu2021: calls 15
lujcasp: raises 60 to 90
Mahu2021: calls 60
*** FLOP *** [4d Jc 2c]
lujcasp: checks 
Mahu2021: checks 
*** TURN *** [4d Jc 2c] [3c]
lujcasp: checks 
Mahu2021: bets 60
lujcasp: calls 60
*** RIVER *** [4d Jc 2c 3c] [3s]
lujcasp: checks 
Mahu2021: bets 300
lujcasp: calls 300
*** SHOW DOWN ***
Mahu2021: shows [Th 7h] (a pair of Threes)
lujcasp: shows [As Ts] (a pair of Threes - Ace kicker)
lujcasp collected 900 from pot
*** SUMMARY ***
Total pot 900 | Rake 0 
Board [4d Jc 2c 3c 3s]
Seat 1: Mahu2021 (button) (small blind) showed [Th 7h] and lost with a pair of Threes
Seat 2: lujcasp (big blind) showed [As Ts] and won (900) with a pair of Threes



PokerStars Hand #248555309911: Tournament #3708156231, $1.84+$0.16 USD Hold'em No Limit - Level III (20/40) - 2024/01/28 23:43:13 CET [2024/01/28 17:43:13 ET]
Table '3708156231 1' 3-max Seat #2 is the button
Seat 1: Mahu2021 (253 in chips) 
Seat 2: lujcasp (1247 in chips) 
lujcasp: posts small blind 20
Mahu2021: posts big blind 40
*** HOLE CARDS ***
Dealt to Mahu2021 [8c Jd]
lujcasp: folds 
Uncalled bet (20) returned to Mahu2021
Mahu2021 collected 40 from pot
Mahu2021: doesn't show hand 
*** SUMMARY ***
Total pot 40 | Rake 0 
Seat 1: Mahu2021 (big blind) collected (40)
Seat 2: lujcasp (button) (small blind) folded before Flop



PokerStars Hand #248555313412: Tournament #3708156231, $1.84+$0.16 USD Hold'em No Limit - Level III (20/40) - 2024/01/28 23:43:22 CET [2024/01/28 17:43:22 ET]
Table '3708156231 1' 3-max Seat #1 is the button
Seat 1: Mahu2021 (273 in chips) 
Seat 2: lujcasp (1227 in chips) 
Mahu2021: posts small blind 20
lujcasp: posts big blind 40
*** HOLE CARDS ***
Dealt to Mahu2021 [Js Ah]
Mahu2021: raises 40 to 80
lujcasp: raises 1147 to 1227 and is all-in
Mahu2021: calls 193 and is all-in
Uncalled bet (954) returned to lujcasp
*** FLOP *** [7d Qc 9d]
*** TURN *** [7d Qc 9d] [6h]
*** RIVER *** [7d Qc 9d 6h] [7c]
*** SHOW DOWN ***
lujcasp: shows [Ks Tc] (a pair of Sevens)
Mahu2021: shows [Js Ah] (a pair of Sevens - Ace kicker)
Mahu2021 collected 546 from pot
*** SUMMARY ***
Total pot 546 | Rake 0 
Board [7d Qc 9d 6h 7c]
Seat 1: Mahu2021 (button) (small blind) showed [Js Ah] and won (546) with a pair of Sevens
Seat 2: lujcasp (big blind) showed [Ks Tc] and lost with a pair of Sevens



PokerStars Hand #248555318702: Tournament #3708156231, $1.84+$0.16 USD Hold'em No Limit - Level III (20/40) - 2024/01/28 23:43:36 CET [2024/01/28 17:43:36 ET]
Table '3708156231 1' 3-max Seat #2 is the button
Seat 1: Mahu2021 (546 in chips) 
Seat 2: lujcasp (954 in chips) 
lujcasp: posts small blind 20
Mahu2021: posts big blind 40
*** HOLE CARDS ***
Dealt to Mahu2021 [3c 7h]
lujcasp: calls 20
Mahu2021: checks 
*** FLOP *** [Qs 6d Ks]
Mahu2021: checks 
lujcasp: bets 40
Mahu2021: folds 
Uncalled bet (40) returned to lujcasp
lujcasp collected 80 from pot
lujcasp: doesn't show hand 
*** SUMMARY ***
Total pot 80 | Rake 0 
Board [Qs 6d Ks]
Seat 1: Mahu2021 (big blind) folded on the Flop
Seat 2: lujcasp (button) (small blind) collected (80)



PokerStars Hand #248555326655: Tournament #3708156231, $1.84+$0.16 USD Hold'em No Limit - Level III (20/40) - 2024/01/28 23:43:57 CET [2024/01/28 17:43:57 ET]
Table '3708156231 1' 3-max Seat #1 is the button
Seat 1: Mahu2021 (506 in chips) 
Seat 2: lujcasp (994 in chips) 
Mahu2021: posts small blind 20
lujcasp: posts big blind 40
*** HOLE CARDS ***
Dealt to Mahu2021 [Th 4s]
Mahu2021: folds 
Uncalled bet (20) returned to lujcasp
lujcasp collected 40 from pot
lujcasp: doesn't show hand 
*** SUMMARY ***
Total pot 40 | Rake 0 
Seat 1: Mahu2021 (button) (small blind) folded before Flop
Seat 2: lujcasp (big blind) collected (40)



PokerStars Hand #248555328247: Tournament #3708156231, $1.84+$0.16 USD Hold'em No Limit - Level III (20/40) - 2024/01/28 23:44:01 CET [2024/01/28 17:44:01 ET]
Table '3708156231 1' 3-max Seat #2 is the button
Seat 1: Mahu2021 (486 in chips) 
Seat 2: lujcasp (1014 in chips) 
lujcasp: posts small blind 20
Mahu2021: posts big blind 40
*** HOLE CARDS ***
Dealt to Mahu2021 [Kh 6h]
lujcasp: raises 40 to 80
Mahu2021: calls 40
*** FLOP *** [Jd 6c 3h]
Mahu2021: checks 
lujcasp: bets 80
Mahu2021: raises 326 to 406 and is all-in
lujcasp: folds 
Uncalled bet (326) returned to Mahu2021
Mahu2021 collected 320 from pot
Mahu2021: doesn't show hand 
*** SUMMARY ***
Total pot 320 | Rake 0 
Board [Jd 6c 3h]
Seat 1: Mahu2021 (big blind) collected (320)
Seat 2: lujcasp (button) (small blind) folded on the Flop



PokerStars Hand #248555339973: Tournament #3708156231, $1.84+$0.16 USD Hold'em No Limit - Level IV (30/60) - 2024/01/28 23:44:31 CET [2024/01/28 17:44:31 ET]
Table '3708156231 1' 3-max Seat #1 is the button
Seat 1: Mahu2021 (646 in chips) 
Seat 2: lujcasp (854 in chips) 
Mahu2021: posts small blind 30
lujcasp: posts big blind 60
*** HOLE CARDS ***
Dealt to Mahu2021 [4s 2d]
Mahu2021: folds 
Uncalled bet (30) returned to lujcasp
lujcasp collected 60 from pot
lujcasp: doesn't show hand 
*** SUMMARY ***
Total pot 60 | Rake 0 
Seat 1: Mahu2021 (button) (small blind) folded before Flop
Seat 2: lujcasp (big blind) collected (60)



PokerStars Hand #248555341876: Tournament #3708156231, $1.84+$0.16 USD Hold'em No Limit - Level IV (30/60) - 2024/01/28 23:44:36 CET [2024/01/28 17:44:36 ET]
Table '3708156231 1' 3-max Seat #2 is the button
Seat 1: Mahu2021 (616 in chips) 
Seat 2: lujcasp (884 in chips) 
lujcasp: posts small blind 30
Mahu2021: posts big blind 60
*** HOLE CARDS ***
Dealt to Mahu2021 [6h Kd]
lujcasp: calls 30
Mahu2021: checks 
*** FLOP *** [2c As Ts]
Mahu2021: checks 
lujcasp: bets 60
Mahu2021: raises 120 to 180
lujcasp: folds 
Uncalled bet (120) returned to Mahu2021
Mahu2021 collected 240 from pot
Mahu2021: doesn't show hand 
*** SUMMARY ***
Total pot 240 | Rake 0 
Board [2c As Ts]
Seat 1: Mahu2021 (big blind) collected (240)
Seat 2: lujcasp (button) (small blind) folded on the Flop



PokerStars Hand #248555350579: Tournament #3708156231, $1.84+$0.16 USD Hold'em No Limit - Level IV (30/60) - 2024/01/28 23:44:58 CET [2024/01/28 17:44:58 ET]
Table '3708156231 1' 3-max Seat #1 is the button
Seat 1: Mahu2021 (736 in chips) 
Seat 2: lujcasp (764 in chips) 
Mahu2021: posts small blind 30
lujcasp: posts big blind 60
*** HOLE CARDS ***
Dealt to Mahu2021 [Th Ts]
Mahu2021: raises 676 to 736 and is all-in
lujcasp: calls 676
*** FLOP *** [5h 7s 7c]
*** TURN *** [5h 7s 7c] [Qd]
*** RIVER *** [5h 7s 7c Qd] [Jc]
*** SHOW DOWN ***
lujcasp: shows [3c 3d] (two pair, Sevens and Threes)
Mahu2021: shows [Th Ts] (two pair, Tens and Sevens)
Mahu2021 collected 1472 from pot
*** SUMMARY ***
Total pot 1472 | Rake 0 
Board [5h 7s 7c Qd Jc]
Seat 1: Mahu2021 (button) (small blind) showed [Th Ts] and won (1472) with two pair, Tens and Sevens
Seat 2: lujcasp (big blind) showed [3c 3d] and lost with two pair, Sevens and Threes



PokerStars Hand #248555357295: Tournament #3708156231, $1.84+$0.16 USD Hold'em No Limit - Level IV (30/60) - 2024/01/28 23:45:16 CET [2024/01/28 17:45:16 ET]
Table '3708156231 1' 3-max Seat #2 is the button
Seat 1: Mahu2021 (1472 in chips) 
Seat 2: lujcasp (28 in chips) 
lujcasp: posts small blind 28 and is all-in
Mahu2021: posts big blind 60
*** HOLE CARDS ***
Dealt to Mahu2021 [8d As]
Uncalled bet (32) returned to Mahu2021
*** FLOP *** [7s 3c Qd]
*** TURN *** [7s 3c Qd] [Ad]
*** RIVER *** [7s 3c Qd Ad] [6d]
*** SHOW DOWN ***
Mahu2021: shows [8d As] (a pair of Aces)
lujcasp: shows [4d Tc] (high card Ace)
Mahu2021 collected 56 from pot
lujcasp finished the tournament in 2nd place
Mahu2021 wins the tournament and receives $4.00 - congratulations!
*** SUMMARY ***
Total pot 56 | Rake 0 
Board [7s 3c Qd Ad 6d]
Seat 1: Mahu2021 (big blind) showed [8d As] and won (56) with a pair of Aces
Seat 2: lujcasp (button) (small blind) showed [4d Tc] and lost with high card Ace



