PokerStars Hand #246608966376: Tournament #3660760778, $0.92+$0.08 USD Hold'em No Limit - Level I (10/20) - 2023/10/18 21:48:56 CET [2023/10/18 15:48:56 ET]
Table '3660760778 1' 3-max Seat #1 is the button
Seat 1: Allonautilus (500 in chips) 
Seat 2: Mahu2021 (500 in chips) 
Seat 3: <zaebok>602 (500 in chips) 
Mahu2021: posts small blind 10
<zaebok>602: posts big blind 20
*** HOLE CARDS ***
Dealt to Mahu2021 [Qc 2d]
Allonautilus: folds 
Mahu2021: folds 
Uncalled bet (10) returned to <zaebok>602
<zaebok>602 collected 20 from pot
*** SUMMARY ***
Total pot 20 | Rake 0 
Seat 1: Allonautilus (button) folded before Flop (didn't bet)
Seat 2: Mahu2021 (small blind) folded before Flop
Seat 3: <zaebok>602 (big blind) collected (20)



PokerStars Hand #246608968086: Tournament #3660760778, $0.92+$0.08 USD Hold'em No Limit - Level I (10/20) - 2023/10/18 21:49:01 CET [2023/10/18 15:49:01 ET]
Table '3660760778 1' 3-max Seat #2 is the button
Seat 1: Allonautilus (500 in chips) 
Seat 2: Mahu2021 (490 in chips) 
Seat 3: <zaebok>602 (510 in chips) 
<zaebok>602: posts small blind 10
Allonautilus: posts big blind 20
*** HOLE CARDS ***
Dealt to Mahu2021 [Js 4s]
Mahu2021: calls 20
<zaebok>602: calls 10
Allonautilus: checks 
*** FLOP *** [Th Jh 4c]
<zaebok>602: checks 
Allonautilus: checks 
Mahu2021: bets 60
<zaebok>602: folds 
Allonautilus: folds 
Uncalled bet (60) returned to Mahu2021
Mahu2021 collected 60 from pot
Mahu2021: doesn't show hand 
*** SUMMARY ***
Total pot 60 | Rake 0 
Board [Th Jh 4c]
Seat 1: Allonautilus (big blind) folded on the Flop
Seat 2: Mahu2021 (button) collected (60)
Seat 3: <zaebok>602 (small blind) folded on the Flop



PokerStars Hand #246608977546: Tournament #3660760778, $0.92+$0.08 USD Hold'em No Limit - Level I (10/20) - 2023/10/18 21:49:25 CET [2023/10/18 15:49:25 ET]
Table '3660760778 1' 3-max Seat #3 is the button
Seat 1: Allonautilus (480 in chips) 
Seat 2: Mahu2021 (530 in chips) 
Seat 3: <zaebok>602 (490 in chips) 
Allonautilus: posts small blind 10
Mahu2021: posts big blind 20
*** HOLE CARDS ***
Dealt to Mahu2021 [8c 6c]
<zaebok>602: folds 
Allonautilus: raises 20 to 40
Mahu2021: calls 20
*** FLOP *** [3h 2c As]
Allonautilus: bets 30
Mahu2021: folds 
Uncalled bet (30) returned to Allonautilus
Allonautilus collected 80 from pot
Allonautilus: doesn't show hand 
*** SUMMARY ***
Total pot 80 | Rake 0 
Board [3h 2c As]
Seat 1: Allonautilus (small blind) collected (80)
Seat 2: Mahu2021 (big blind) folded on the Flop
Seat 3: <zaebok>602 (button) folded before Flop (didn't bet)



PokerStars Hand #246608982322: Tournament #3660760778, $0.92+$0.08 USD Hold'em No Limit - Level I (10/20) - 2023/10/18 21:49:38 CET [2023/10/18 15:49:38 ET]
Table '3660760778 1' 3-max Seat #1 is the button
Seat 1: Allonautilus (520 in chips) 
Seat 2: Mahu2021 (490 in chips) 
Seat 3: <zaebok>602 (490 in chips) 
Mahu2021: posts small blind 10
<zaebok>602: posts big blind 20
*** HOLE CARDS ***
Dealt to Mahu2021 [Ah 8d]
Allonautilus: raises 20 to 40
Mahu2021: calls 30
<zaebok>602: folds 
*** FLOP *** [Kc 4s 9s]
Mahu2021: checks 
Allonautilus: bets 33
Mahu2021: folds 
Uncalled bet (33) returned to Allonautilus
Allonautilus collected 100 from pot
Allonautilus: doesn't show hand 
*** SUMMARY ***
Total pot 100 | Rake 0 
Board [Kc 4s 9s]
Seat 1: Allonautilus (button) collected (100)
Seat 2: Mahu2021 (small blind) folded on the Flop
Seat 3: <zaebok>602 (big blind) folded before Flop



PokerStars Hand #246608987524: Tournament #3660760778, $0.92+$0.08 USD Hold'em No Limit - Level I (10/20) - 2023/10/18 21:49:52 CET [2023/10/18 15:49:52 ET]
Table '3660760778 1' 3-max Seat #2 is the button
Seat 1: Allonautilus (580 in chips) 
Seat 2: Mahu2021 (450 in chips) 
Seat 3: <zaebok>602 (470 in chips) 
<zaebok>602: posts small blind 10
Allonautilus: posts big blind 20
*** HOLE CARDS ***
Dealt to Mahu2021 [As 2c]
Mahu2021: calls 20
<zaebok>602: calls 10
Allonautilus: checks 
*** FLOP *** [7s 3h Js]
<zaebok>602: checks 
Allonautilus: checks 
Mahu2021: checks 
*** TURN *** [7s 3h Js] [7c]
<zaebok>602: checks 
Allonautilus: checks 
Mahu2021: checks 
*** RIVER *** [7s 3h Js 7c] [8d]
<zaebok>602: checks 
Allonautilus: bets 30
Mahu2021: folds 
<zaebok>602: folds 
Uncalled bet (30) returned to Allonautilus
Allonautilus collected 60 from pot
Allonautilus: doesn't show hand 
*** SUMMARY ***
Total pot 60 | Rake 0 
Board [7s 3h Js 7c 8d]
Seat 1: Allonautilus (big blind) collected (60)
Seat 2: Mahu2021 (button) folded on the River
Seat 3: <zaebok>602 (small blind) folded on the River



PokerStars Hand #246608998578: Tournament #3660760778, $0.92+$0.08 USD Hold'em No Limit - Level I (10/20) - 2023/10/18 21:50:21 CET [2023/10/18 15:50:21 ET]
Table '3660760778 1' 3-max Seat #3 is the button
Seat 1: Allonautilus (620 in chips) 
Seat 2: Mahu2021 (430 in chips) 
Seat 3: <zaebok>602 (450 in chips) 
Allonautilus: posts small blind 10
Mahu2021: posts big blind 20
*** HOLE CARDS ***
Dealt to Mahu2021 [Ts Jd]
<zaebok>602: folds 
Allonautilus: folds 
Uncalled bet (10) returned to Mahu2021
Mahu2021 collected 20 from pot
Mahu2021: doesn't show hand 
*** SUMMARY ***
Total pot 20 | Rake 0 
Seat 1: Allonautilus (small blind) folded before Flop
Seat 2: Mahu2021 (big blind) collected (20)
Seat 3: <zaebok>602 (button) folded before Flop (didn't bet)



PokerStars Hand #246609000712: Tournament #3660760778, $0.92+$0.08 USD Hold'em No Limit - Level I (10/20) - 2023/10/18 21:50:27 CET [2023/10/18 15:50:27 ET]
Table '3660760778 1' 3-max Seat #1 is the button
Seat 1: Allonautilus (610 in chips) 
Seat 2: Mahu2021 (440 in chips) 
Seat 3: <zaebok>602 (450 in chips) 
Mahu2021: posts small blind 10
<zaebok>602: posts big blind 20
*** HOLE CARDS ***
Dealt to Mahu2021 [2s 3s]
Allonautilus: raises 20 to 40
Mahu2021: calls 30
<zaebok>602: calls 20
*** FLOP *** [Qh Ks 5c]
Mahu2021: checks 
<zaebok>602: checks 
Allonautilus: bets 40
Mahu2021: folds 
<zaebok>602: folds 
Uncalled bet (40) returned to Allonautilus
Allonautilus collected 120 from pot
Allonautilus: doesn't show hand 
*** SUMMARY ***
Total pot 120 | Rake 0 
Board [Qh Ks 5c]
Seat 1: Allonautilus (button) collected (120)
Seat 2: Mahu2021 (small blind) folded on the Flop
Seat 3: <zaebok>602 (big blind) folded on the Flop



PokerStars Hand #246609006628: Tournament #3660760778, $0.92+$0.08 USD Hold'em No Limit - Level I (10/20) - 2023/10/18 21:50:43 CET [2023/10/18 15:50:43 ET]
Table '3660760778 1' 3-max Seat #2 is the button
Seat 1: Allonautilus (690 in chips) 
Seat 2: Mahu2021 (400 in chips) 
Seat 3: <zaebok>602 (410 in chips) 
<zaebok>602: posts small blind 10
Allonautilus: posts big blind 20
*** HOLE CARDS ***
Dealt to Mahu2021 [Kc 9c]
Mahu2021: raises 20 to 40
<zaebok>602: folds 
Allonautilus: calls 20
*** FLOP *** [Ah 4h 7c]
Allonautilus: checks 
Mahu2021: checks 
*** TURN *** [Ah 4h 7c] [Tc]
Allonautilus: checks 
Mahu2021: bets 90
Allonautilus: folds 
Uncalled bet (90) returned to Mahu2021
Mahu2021 collected 90 from pot
Mahu2021: doesn't show hand 
*** SUMMARY ***
Total pot 90 | Rake 0 
Board [Ah 4h 7c Tc]
Seat 1: Allonautilus (big blind) folded on the Turn
Seat 2: Mahu2021 (button) collected (90)
Seat 3: <zaebok>602 (small blind) folded before Flop



PokerStars Hand #246609014537: Tournament #3660760778, $0.92+$0.08 USD Hold'em No Limit - Level I (10/20) - 2023/10/18 21:51:04 CET [2023/10/18 15:51:04 ET]
Table '3660760778 1' 3-max Seat #3 is the button
Seat 1: Allonautilus (650 in chips) 
Seat 2: Mahu2021 (450 in chips) 
Seat 3: <zaebok>602 (400 in chips) 
Allonautilus: posts small blind 10
Mahu2021: posts big blind 20
*** HOLE CARDS ***
Dealt to Mahu2021 [Tc 8h]
<zaebok>602: raises 20 to 40
Allonautilus: raises 610 to 650 and is all-in
Mahu2021: folds 
<zaebok>602: calls 360 and is all-in
Uncalled bet (250) returned to Allonautilus
*** FLOP *** [Qh Qs 4s]
*** TURN *** [Qh Qs 4s] [Kh]
*** RIVER *** [Qh Qs 4s Kh] [Ah]
*** SHOW DOWN ***
Allonautilus: shows [Js Jh] (two pair, Queens and Jacks)
<zaebok>602: shows [5d 5c] (two pair, Queens and Fives)
Allonautilus collected 820 from pot
<zaebok>602 finished the tournament in 3rd place
*** SUMMARY ***
Total pot 820 | Rake 0 
Board [Qh Qs 4s Kh Ah]
Seat 1: Allonautilus (small blind) showed [Js Jh] and won (820) with two pair, Queens and Jacks
Seat 2: Mahu2021 (big blind) folded before Flop
Seat 3: <zaebok>602 (button) showed [5d 5c] and lost with two pair, Queens and Fives



PokerStars Hand #246609023383: Tournament #3660760778, $0.92+$0.08 USD Hold'em No Limit - Level I (10/20) - 2023/10/18 21:51:28 CET [2023/10/18 15:51:28 ET]
Table '3660760778 1' 3-max Seat #2 is the button
Seat 1: Allonautilus (1070 in chips) 
Seat 2: Mahu2021 (430 in chips) 
Mahu2021: posts small blind 10
Allonautilus: posts big blind 20
*** HOLE CARDS ***
Dealt to Mahu2021 [5h Jc]
Mahu2021: folds 
Uncalled bet (10) returned to Allonautilus
Allonautilus collected 20 from pot
Allonautilus: doesn't show hand 
*** SUMMARY ***
Total pot 20 | Rake 0 
Seat 1: Allonautilus (big blind) collected (20)
Seat 2: Mahu2021 (button) (small blind) folded before Flop



PokerStars Hand #246609024996: Tournament #3660760778, $0.92+$0.08 USD Hold'em No Limit - Level I (10/20) - 2023/10/18 21:51:32 CET [2023/10/18 15:51:32 ET]
Table '3660760778 1' 3-max Seat #1 is the button
Seat 1: Allonautilus (1080 in chips) 
Seat 2: Mahu2021 (420 in chips) 
Allonautilus: posts small blind 10
Mahu2021: posts big blind 20
*** HOLE CARDS ***
Dealt to Mahu2021 [As Ks]
Allonautilus: raises 20 to 40
Mahu2021: raises 100 to 140
Allonautilus: folds 
Uncalled bet (100) returned to Mahu2021
Mahu2021 collected 80 from pot
Mahu2021: doesn't show hand 
*** SUMMARY ***
Total pot 80 | Rake 0 
Seat 1: Allonautilus (button) (small blind) folded before Flop
Seat 2: Mahu2021 (big blind) collected (80)



PokerStars Hand #246609029479: Tournament #3660760778, $0.92+$0.08 USD Hold'em No Limit - Level I (10/20) - 2023/10/18 21:51:44 CET [2023/10/18 15:51:44 ET]
Table '3660760778 1' 3-max Seat #2 is the button
Seat 1: Allonautilus (1040 in chips) 
Seat 2: Mahu2021 (460 in chips) 
Mahu2021: posts small blind 10
Allonautilus: posts big blind 20
*** HOLE CARDS ***
Dealt to Mahu2021 [2s 3c]
Mahu2021: folds 
Uncalled bet (10) returned to Allonautilus
Allonautilus collected 20 from pot
Allonautilus: doesn't show hand 
*** SUMMARY ***
Total pot 20 | Rake 0 
Seat 1: Allonautilus (big blind) collected (20)
Seat 2: Mahu2021 (button) (small blind) folded before Flop



PokerStars Hand #246609031053: Tournament #3660760778, $0.92+$0.08 USD Hold'em No Limit - Level I (10/20) - 2023/10/18 21:51:48 CET [2023/10/18 15:51:48 ET]
Table '3660760778 1' 3-max Seat #1 is the button
Seat 1: Allonautilus (1050 in chips) 
Seat 2: Mahu2021 (450 in chips) 
Allonautilus: posts small blind 10
Mahu2021: posts big blind 20
*** HOLE CARDS ***
Dealt to Mahu2021 [4h Kc]
Allonautilus: raises 20 to 40
Mahu2021: calls 20
*** FLOP *** [Td 5s 6d]
Mahu2021: checks 
Allonautilus: checks 
*** TURN *** [Td 5s 6d] [9s]
Mahu2021: checks 
Allonautilus: bets 50
Mahu2021: folds 
Uncalled bet (50) returned to Allonautilus
Allonautilus collected 80 from pot
Allonautilus: doesn't show hand 
*** SUMMARY ***
Total pot 80 | Rake 0 
Board [Td 5s 6d 9s]
Seat 1: Allonautilus (button) (small blind) collected (80)
Seat 2: Mahu2021 (big blind) folded on the Turn



PokerStars Hand #246609044871: Tournament #3660760778, $0.92+$0.08 USD Hold'em No Limit - Level II (15/30) - 2023/10/18 21:52:25 CET [2023/10/18 15:52:25 ET]
Table '3660760778 1' 3-max Seat #2 is the button
Seat 1: Allonautilus (1090 in chips) 
Seat 2: Mahu2021 (410 in chips) 
Mahu2021: posts small blind 15
Allonautilus: posts big blind 30
*** HOLE CARDS ***
Dealt to Mahu2021 [Jh 6c]
Mahu2021: calls 15
Allonautilus: raises 45 to 75
Mahu2021: folds 
Uncalled bet (45) returned to Allonautilus
Allonautilus collected 60 from pot
Allonautilus: doesn't show hand 
*** SUMMARY ***
Total pot 60 | Rake 0 
Seat 1: Allonautilus (big blind) collected (60)
Seat 2: Mahu2021 (button) (small blind) folded before Flop



PokerStars Hand #246609048623: Tournament #3660760778, $0.92+$0.08 USD Hold'em No Limit - Level II (15/30) - 2023/10/18 21:52:35 CET [2023/10/18 15:52:35 ET]
Table '3660760778 1' 3-max Seat #1 is the button
Seat 1: Allonautilus (1120 in chips) 
Seat 2: Mahu2021 (380 in chips) 
Allonautilus: posts small blind 15
Mahu2021: posts big blind 30
*** HOLE CARDS ***
Dealt to Mahu2021 [Qh Tc]
Allonautilus: calls 15
Mahu2021: raises 60 to 90
Allonautilus: folds 
Uncalled bet (60) returned to Mahu2021
Mahu2021 collected 60 from pot
Mahu2021: doesn't show hand 
*** SUMMARY ***
Total pot 60 | Rake 0 
Seat 1: Allonautilus (button) (small blind) folded before Flop
Seat 2: Mahu2021 (big blind) collected (60)



PokerStars Hand #246609052663: Tournament #3660760778, $0.92+$0.08 USD Hold'em No Limit - Level II (15/30) - 2023/10/18 21:52:46 CET [2023/10/18 15:52:46 ET]
Table '3660760778 1' 3-max Seat #2 is the button
Seat 1: Allonautilus (1090 in chips) 
Seat 2: Mahu2021 (410 in chips) 
Mahu2021: posts small blind 15
Allonautilus: posts big blind 30
*** HOLE CARDS ***
Dealt to Mahu2021 [Tc Ah]
Mahu2021: raises 30 to 60
Allonautilus: calls 30
*** FLOP *** [5s 4h 3c]
Allonautilus: checks 
Mahu2021: checks 
*** TURN *** [5s 4h 3c] [Jc]
Allonautilus: checks 
Mahu2021: bets 60
Allonautilus: folds 
Uncalled bet (60) returned to Mahu2021
Mahu2021 collected 120 from pot
Mahu2021: doesn't show hand 
*** SUMMARY ***
Total pot 120 | Rake 0 
Board [5s 4h 3c Jc]
Seat 1: Allonautilus (big blind) folded on the Turn
Seat 2: Mahu2021 (button) (small blind) collected (120)



PokerStars Hand #246609060018: Tournament #3660760778, $0.92+$0.08 USD Hold'em No Limit - Level II (15/30) - 2023/10/18 21:53:06 CET [2023/10/18 15:53:06 ET]
Table '3660760778 1' 3-max Seat #1 is the button
Seat 1: Allonautilus (1030 in chips) 
Seat 2: Mahu2021 (470 in chips) 
Allonautilus: posts small blind 15
Mahu2021: posts big blind 30
*** HOLE CARDS ***
Dealt to Mahu2021 [Kh 3s]
Allonautilus: raises 30 to 60
Mahu2021: calls 30
*** FLOP *** [6d 3c Js]
Mahu2021: checks 
Allonautilus: bets 40
Mahu2021: calls 40
*** TURN *** [6d 3c Js] [9c]
Mahu2021: checks 
Allonautilus: checks 
*** RIVER *** [6d 3c Js 9c] [3d]
Mahu2021: bets 200
Allonautilus: calls 200
*** SHOW DOWN ***
Mahu2021: shows [Kh 3s] (three of a kind, Threes)
Allonautilus: mucks hand 
Mahu2021 collected 600 from pot
*** SUMMARY ***
Total pot 600 | Rake 0 
Board [6d 3c Js 9c 3d]
Seat 1: Allonautilus (button) (small blind) mucked [9h 7c]
Seat 2: Mahu2021 (big blind) showed [Kh 3s] and won (600) with three of a kind, Threes



PokerStars Hand #246609077973: Tournament #3660760778, $0.92+$0.08 USD Hold'em No Limit - Level II (15/30) - 2023/10/18 21:53:54 CET [2023/10/18 15:53:54 ET]
Table '3660760778 1' 3-max Seat #2 is the button
Seat 1: Allonautilus (730 in chips) 
Seat 2: Mahu2021 (770 in chips) 
Mahu2021: posts small blind 15
Allonautilus: posts big blind 30
*** HOLE CARDS ***
Dealt to Mahu2021 [Ah Ts]
Mahu2021: raises 30 to 60
Allonautilus: folds 
Uncalled bet (30) returned to Mahu2021
Mahu2021 collected 60 from pot
Mahu2021: doesn't show hand 
*** SUMMARY ***
Total pot 60 | Rake 0 
Seat 1: Allonautilus (big blind) folded before Flop
Seat 2: Mahu2021 (button) (small blind) collected (60)



PokerStars Hand #246609080144: Tournament #3660760778, $0.92+$0.08 USD Hold'em No Limit - Level II (15/30) - 2023/10/18 21:54:00 CET [2023/10/18 15:54:00 ET]
Table '3660760778 1' 3-max Seat #1 is the button
Seat 1: Allonautilus (700 in chips) 
Seat 2: Mahu2021 (800 in chips) 
Allonautilus: posts small blind 15
Mahu2021: posts big blind 30
*** HOLE CARDS ***
Dealt to Mahu2021 [Qs 8h]
Allonautilus: raises 30 to 60
Mahu2021: calls 30
*** FLOP *** [2d 2c 2s]
Mahu2021: checks 
Allonautilus: checks 
*** TURN *** [2d 2c 2s] [Ac]
Mahu2021: checks 
Allonautilus: bets 80
Mahu2021: folds 
Uncalled bet (80) returned to Allonautilus
Allonautilus collected 120 from pot
Allonautilus: doesn't show hand 
*** SUMMARY ***
Total pot 120 | Rake 0 
Board [2d 2c 2s Ac]
Seat 1: Allonautilus (button) (small blind) collected (120)
Seat 2: Mahu2021 (big blind) folded on the Turn



PokerStars Hand #246609087134: Tournament #3660760778, $0.92+$0.08 USD Hold'em No Limit - Level II (15/30) - 2023/10/18 21:54:19 CET [2023/10/18 15:54:19 ET]
Table '3660760778 1' 3-max Seat #2 is the button
Seat 1: Allonautilus (760 in chips) 
Seat 2: Mahu2021 (740 in chips) 
Mahu2021: posts small blind 15
Allonautilus: posts big blind 30
*** HOLE CARDS ***
Dealt to Mahu2021 [6d 4d]
Mahu2021: calls 15
Allonautilus: checks 
*** FLOP *** [5s Tc Qd]
Allonautilus: checks 
Mahu2021: checks 
*** TURN *** [5s Tc Qd] [3c]
Allonautilus: bets 60
Mahu2021: calls 60
*** RIVER *** [5s Tc Qd 3c] [Ts]
Allonautilus: checks 
Mahu2021: checks 
*** SHOW DOWN ***
Allonautilus: shows [5d 3s] (two pair, Tens and Fives)
Mahu2021: mucks hand 
Allonautilus collected 180 from pot
*** SUMMARY ***
Total pot 180 | Rake 0 
Board [5s Tc Qd 3c Ts]
Seat 1: Allonautilus (big blind) showed [5d 3s] and won (180) with two pair, Tens and Fives
Seat 2: Mahu2021 (button) (small blind) mucked [6d 4d]



PokerStars Hand #246609094155: Tournament #3660760778, $0.92+$0.08 USD Hold'em No Limit - Level II (15/30) - 2023/10/18 21:54:38 CET [2023/10/18 15:54:38 ET]
Table '3660760778 1' 3-max Seat #1 is the button
Seat 1: Allonautilus (850 in chips) 
Seat 2: Mahu2021 (650 in chips) 
Allonautilus: posts small blind 15
Mahu2021: posts big blind 30
*** HOLE CARDS ***
Dealt to Mahu2021 [Js 9c]
Allonautilus: raises 30 to 60
Mahu2021: calls 30
*** FLOP *** [5h 8c 2s]
Mahu2021: checks 
Allonautilus: checks 
*** TURN *** [5h 8c 2s] [7h]
Mahu2021: bets 30
Allonautilus: calls 30
*** RIVER *** [5h 8c 2s 7h] [4d]
Mahu2021: checks 
Allonautilus: checks 
*** SHOW DOWN ***
Mahu2021: shows [Js 9c] (high card Jack)
Allonautilus: shows [Qc Ah] (high card Ace)
Allonautilus collected 180 from pot
*** SUMMARY ***
Total pot 180 | Rake 0 
Board [5h 8c 2s 7h 4d]
Seat 1: Allonautilus (button) (small blind) showed [Qc Ah] and won (180) with high card Ace
Seat 2: Mahu2021 (big blind) showed [Js 9c] and lost with high card Jack



PokerStars Hand #246609104838: Tournament #3660760778, $0.92+$0.08 USD Hold'em No Limit - Level III (20/40) - 2023/10/18 21:55:06 CET [2023/10/18 15:55:06 ET]
Table '3660760778 1' 3-max Seat #2 is the button
Seat 1: Allonautilus (940 in chips) 
Seat 2: Mahu2021 (560 in chips) 
Mahu2021: posts small blind 20
Allonautilus: posts big blind 40
*** HOLE CARDS ***
Dealt to Mahu2021 [Jc Jd]
Mahu2021: raises 520 to 560 and is all-in
Allonautilus: folds 
Uncalled bet (520) returned to Mahu2021
Mahu2021 collected 80 from pot
Mahu2021: doesn't show hand 
*** SUMMARY ***
Total pot 80 | Rake 0 
Seat 1: Allonautilus (big blind) folded before Flop
Seat 2: Mahu2021 (button) (small blind) collected (80)



PokerStars Hand #246609106638: Tournament #3660760778, $0.92+$0.08 USD Hold'em No Limit - Level III (20/40) - 2023/10/18 21:55:13 CET [2023/10/18 15:55:13 ET]
Table '3660760778 1' 3-max Seat #1 is the button
Seat 1: Allonautilus (900 in chips) 
Seat 2: Mahu2021 (600 in chips) 
Allonautilus: posts small blind 20
Mahu2021: posts big blind 40
*** HOLE CARDS ***
Dealt to Mahu2021 [3h Kc]
Allonautilus: raises 860 to 900 and is all-in
Mahu2021: folds 
Uncalled bet (860) returned to Allonautilus
Allonautilus collected 80 from pot
Allonautilus: doesn't show hand 
*** SUMMARY ***
Total pot 80 | Rake 0 
Seat 1: Allonautilus (button) (small blind) collected (80)
Seat 2: Mahu2021 (big blind) folded before Flop



PokerStars Hand #246609108614: Tournament #3660760778, $0.92+$0.08 USD Hold'em No Limit - Level III (20/40) - 2023/10/18 21:55:21 CET [2023/10/18 15:55:21 ET]
Table '3660760778 1' 3-max Seat #2 is the button
Seat 1: Allonautilus (940 in chips) 
Seat 2: Mahu2021 (560 in chips) 
Mahu2021: posts small blind 20
Allonautilus: posts big blind 40
*** HOLE CARDS ***
Dealt to Mahu2021 [2d Qd]
Mahu2021: calls 20
Allonautilus: raises 50 to 90
Mahu2021: calls 50
*** FLOP *** [Ad 6d 8d]
Allonautilus: checks 
Mahu2021: bets 40
Allonautilus: calls 40
*** TURN *** [Ad 6d 8d] [9c]
Allonautilus: checks 
Mahu2021: checks 
*** RIVER *** [Ad 6d 8d 9c] [8s]
Allonautilus: bets 140
Mahu2021: raises 290 to 430 and is all-in
Allonautilus: calls 290
*** SHOW DOWN ***
Mahu2021: shows [2d Qd] (a flush, Ace high)
Allonautilus: shows [Js 8h] (three of a kind, Eights)
Mahu2021 collected 1120 from pot
*** SUMMARY ***
Total pot 1120 | Rake 0 
Board [Ad 6d 8d 9c 8s]
Seat 1: Allonautilus (big blind) showed [Js 8h] and lost with three of a kind, Eights
Seat 2: Mahu2021 (button) (small blind) showed [2d Qd] and won (1120) with a flush, Ace high



PokerStars Hand #246609119530: Tournament #3660760778, $0.92+$0.08 USD Hold'em No Limit - Level III (20/40) - 2023/10/18 21:56:01 CET [2023/10/18 15:56:01 ET]
Table '3660760778 1' 3-max Seat #1 is the button
Seat 1: Allonautilus (380 in chips) 
Seat 2: Mahu2021 (1120 in chips) 
Allonautilus: posts small blind 20
Mahu2021: posts big blind 40
*** HOLE CARDS ***
Dealt to Mahu2021 [9h 9c]
Allonautilus: raises 340 to 380 and is all-in
Mahu2021: calls 340
*** FLOP *** [Qh 7d Qc]
*** TURN *** [Qh 7d Qc] [Ah]
*** RIVER *** [Qh 7d Qc Ah] [Qs]
*** SHOW DOWN ***
Mahu2021: shows [9h 9c] (a full house, Queens full of Nines)
Allonautilus: shows [Ks 5d] (three of a kind, Queens)
Mahu2021 collected 760 from pot
Allonautilus finished the tournament in 2nd place
Mahu2021 wins the tournament and receives $5.00 - congratulations!
*** SUMMARY ***
Total pot 760 | Rake 0 
Board [Qh 7d Qc Ah Qs]
Seat 1: Allonautilus (button) (small blind) showed [Ks 5d] and lost with three of a kind, Queens
Seat 2: Mahu2021 (big blind) showed [9h 9c] and won (760) with a full house, Queens full of Nines



