PokerStars Hand #248819802360: Tournament #3714357527, $1.84+$0.16 USD Hold'em No Limit - Level I (10/20) - 2024/02/11 17:19:14 CET [2024/02/11 11:19:14 ET]
Table '3714357527 1' 3-max Seat #1 is the button
Seat 1: AskarikPro (500 in chips) 
Seat 2: Mahu2021 (500 in chips) 
Seat 3: Lupo2659 (500 in chips) 
Mahu2021: posts small blind 10
Lupo2659: posts big blind 20
*** HOLE CARDS ***
Dealt to Mahu2021 [3h Td]
AskarikPro: raises 40 to 60
Mahu2021: folds 
Lupo2659: calls 40
*** FLOP *** [2d Jc Kc]
Lupo2659: checks 
AskarikPro: checks 
*** TURN *** [2d Jc Kc] [Kh]
Lupo2659: bets 20
AskarikPro: calls 20
*** RIVER *** [2d Jc Kc Kh] [2c]
Lupo2659: bets 20
AskarikPro: raises 100 to 120
Lupo2659: calls 100
*** SHOW DOWN ***
AskarikPro: shows [8h Ah] (two pair, Kings and Deuces)
Lupo2659: shows [5s Ac] (two pair, Kings and Deuces)
Lupo2659 collected 205 from pot
AskarikPro collected 205 from pot
*** SUMMARY ***
Total pot 410 | Rake 0 
Board [2d Jc Kc Kh 2c]
Seat 1: AskarikPro (button) showed [8h Ah] and won (205) with two pair, Kings and Deuces
Seat 2: Mahu2021 (small blind) folded before Flop
Seat 3: Lupo2659 (big blind) showed [5s Ac] and won (205) with two pair, Kings and Deuces



PokerStars Hand #248819810050: Tournament #3714357527, $1.84+$0.16 USD Hold'em No Limit - Level I (10/20) - 2024/02/11 17:19:37 CET [2024/02/11 11:19:37 ET]
Table '3714357527 1' 3-max Seat #2 is the button
Seat 1: AskarikPro (505 in chips) 
Seat 2: Mahu2021 (490 in chips) 
Seat 3: Lupo2659 (505 in chips) 
Lupo2659: posts small blind 10
AskarikPro: posts big blind 20
*** HOLE CARDS ***
Dealt to Mahu2021 [Jd Ts]
Mahu2021: raises 20 to 40
Lupo2659: folds 
AskarikPro: calls 20
*** FLOP *** [7h Ac 2s]
AskarikPro: checks 
Mahu2021: bets 40
AskarikPro: folds 
Uncalled bet (40) returned to Mahu2021
Mahu2021 collected 90 from pot
Mahu2021: doesn't show hand 
*** SUMMARY ***
Total pot 90 | Rake 0 
Board [7h Ac 2s]
Seat 1: AskarikPro (big blind) folded on the Flop
Seat 2: Mahu2021 (button) collected (90)
Seat 3: Lupo2659 (small blind) folded before Flop



PokerStars Hand #248819814599: Tournament #3714357527, $1.84+$0.16 USD Hold'em No Limit - Level I (10/20) - 2024/02/11 17:19:51 CET [2024/02/11 11:19:51 ET]
Table '3714357527 1' 3-max Seat #3 is the button
Seat 1: AskarikPro (465 in chips) 
Seat 2: Mahu2021 (540 in chips) 
Seat 3: Lupo2659 (495 in chips) 
AskarikPro: posts small blind 10
Mahu2021: posts big blind 20
*** HOLE CARDS ***
Dealt to Mahu2021 [3d Kc]
Lupo2659: folds 
AskarikPro: raises 40 to 60
Mahu2021: folds 
Uncalled bet (40) returned to AskarikPro
AskarikPro collected 40 from pot
*** SUMMARY ***
Total pot 40 | Rake 0 
Seat 1: AskarikPro (small blind) collected (40)
Seat 2: Mahu2021 (big blind) folded before Flop
Seat 3: Lupo2659 (button) folded before Flop (didn't bet)



PokerStars Hand #248819817547: Tournament #3714357527, $1.84+$0.16 USD Hold'em No Limit - Level I (10/20) - 2024/02/11 17:20:00 CET [2024/02/11 11:20:00 ET]
Table '3714357527 1' 3-max Seat #1 is the button
Seat 1: AskarikPro (485 in chips) 
Seat 2: Mahu2021 (520 in chips) 
Seat 3: Lupo2659 (495 in chips) 
Mahu2021: posts small blind 10
Lupo2659: posts big blind 20
*** HOLE CARDS ***
Dealt to Mahu2021 [4c Jd]
AskarikPro: calls 20
Mahu2021: calls 10
Lupo2659: checks 
*** FLOP *** [9s 9d 8d]
Mahu2021: checks 
Lupo2659: checks 
AskarikPro: bets 40
Mahu2021: folds 
Lupo2659: folds 
Uncalled bet (40) returned to AskarikPro
AskarikPro collected 60 from pot
*** SUMMARY ***
Total pot 60 | Rake 0 
Board [9s 9d 8d]
Seat 1: AskarikPro (button) collected (60)
Seat 2: Mahu2021 (small blind) folded on the Flop
Seat 3: Lupo2659 (big blind) folded on the Flop



PokerStars Hand #248819822640: Tournament #3714357527, $1.84+$0.16 USD Hold'em No Limit - Level I (10/20) - 2024/02/11 17:20:15 CET [2024/02/11 11:20:15 ET]
Table '3714357527 1' 3-max Seat #2 is the button
Seat 1: AskarikPro (525 in chips) 
Seat 2: Mahu2021 (500 in chips) 
Seat 3: Lupo2659 (475 in chips) 
Lupo2659: posts small blind 10
AskarikPro: posts big blind 20
*** HOLE CARDS ***
Dealt to Mahu2021 [4s Qd]
Mahu2021: folds 
Lupo2659: calls 10
AskarikPro: checks 
*** FLOP *** [9c 9d Qc]
Lupo2659: bets 20
AskarikPro: folds 
Uncalled bet (20) returned to Lupo2659
Lupo2659 collected 40 from pot
Lupo2659: doesn't show hand 
*** SUMMARY ***
Total pot 40 | Rake 0 
Board [9c 9d Qc]
Seat 1: AskarikPro (big blind) folded on the Flop
Seat 2: Mahu2021 (button) folded before Flop (didn't bet)
Seat 3: Lupo2659 (small blind) collected (40)



PokerStars Hand #248819826655: Tournament #3714357527, $1.84+$0.16 USD Hold'em No Limit - Level I (10/20) - 2024/02/11 17:20:27 CET [2024/02/11 11:20:27 ET]
Table '3714357527 1' 3-max Seat #3 is the button
Seat 1: AskarikPro (505 in chips) 
Seat 2: Mahu2021 (500 in chips) 
Seat 3: Lupo2659 (495 in chips) 
AskarikPro: posts small blind 10
Mahu2021: posts big blind 20
*** HOLE CARDS ***
Dealt to Mahu2021 [Qd 7h]
Lupo2659: folds 
AskarikPro: folds 
Uncalled bet (10) returned to Mahu2021
Mahu2021 collected 20 from pot
Mahu2021: doesn't show hand 
*** SUMMARY ***
Total pot 20 | Rake 0 
Seat 1: AskarikPro (small blind) folded before Flop
Seat 2: Mahu2021 (big blind) collected (20)
Seat 3: Lupo2659 (button) folded before Flop (didn't bet)



PokerStars Hand #248819828598: Tournament #3714357527, $1.84+$0.16 USD Hold'em No Limit - Level I (10/20) - 2024/02/11 17:20:33 CET [2024/02/11 11:20:33 ET]
Table '3714357527 1' 3-max Seat #1 is the button
Seat 1: AskarikPro (495 in chips) 
Seat 2: Mahu2021 (510 in chips) 
Seat 3: Lupo2659 (495 in chips) 
Mahu2021: posts small blind 10
Lupo2659: posts big blind 20
*** HOLE CARDS ***
Dealt to Mahu2021 [4h Ac]
AskarikPro: raises 40 to 60
Mahu2021: folds 
Lupo2659: calls 40
*** FLOP *** [4s 8c 9c]
Lupo2659: bets 435 and is all-in
AskarikPro: calls 435 and is all-in
*** TURN *** [4s 8c 9c] [5s]
*** RIVER *** [4s 8c 9c 5s] [7c]
*** SHOW DOWN ***
Lupo2659: shows [9h 8d] (two pair, Nines and Eights)
AskarikPro: shows [8s Qd] (a pair of Eights)
Lupo2659 collected 1000 from pot
AskarikPro finished the tournament in 3rd place
*** SUMMARY ***
Total pot 1000 | Rake 0 
Board [4s 8c 9c 5s 7c]
Seat 1: AskarikPro (button) showed [8s Qd] and lost with a pair of Eights
Seat 2: Mahu2021 (small blind) folded before Flop
Seat 3: Lupo2659 (big blind) showed [9h 8d] and won (1000) with two pair, Nines and Eights



PokerStars Hand #248819837084: Tournament #3714357527, $1.84+$0.16 USD Hold'em No Limit - Level I (10/20) - 2024/02/11 17:20:58 CET [2024/02/11 11:20:58 ET]
Table '3714357527 1' 3-max Seat #3 is the button
Seat 2: Mahu2021 (500 in chips) 
Seat 3: Lupo2659 (1000 in chips) 
Lupo2659: posts small blind 10
Mahu2021: posts big blind 20
*** HOLE CARDS ***
Dealt to Mahu2021 [8h Th]
Lupo2659: folds 
Uncalled bet (10) returned to Mahu2021
Mahu2021 collected 20 from pot
Mahu2021: doesn't show hand 
*** SUMMARY ***
Total pot 20 | Rake 0 
Seat 2: Mahu2021 (big blind) collected (20)
Seat 3: Lupo2659 (button) (small blind) folded before Flop



PokerStars Hand #248819838499: Tournament #3714357527, $1.84+$0.16 USD Hold'em No Limit - Level I (10/20) - 2024/02/11 17:21:02 CET [2024/02/11 11:21:02 ET]
Table '3714357527 1' 3-max Seat #2 is the button
Seat 2: Mahu2021 (510 in chips) 
Seat 3: Lupo2659 (990 in chips) 
Mahu2021: posts small blind 10
Lupo2659: posts big blind 20
*** HOLE CARDS ***
Dealt to Mahu2021 [5h 4s]
Mahu2021: calls 10
Lupo2659: checks 
*** FLOP *** [7c 7s 8h]
Lupo2659: checks 
Mahu2021: bets 20
Lupo2659: folds 
Uncalled bet (20) returned to Mahu2021
Mahu2021 collected 40 from pot
Mahu2021: doesn't show hand 
*** SUMMARY ***
Total pot 40 | Rake 0 
Board [7c 7s 8h]
Seat 2: Mahu2021 (button) (small blind) collected (40)
Seat 3: Lupo2659 (big blind) folded on the Flop



PokerStars Hand #248819842055: Tournament #3714357527, $1.84+$0.16 USD Hold'em No Limit - Level I (10/20) - 2024/02/11 17:21:13 CET [2024/02/11 11:21:13 ET]
Table '3714357527 1' 3-max Seat #3 is the button
Seat 2: Mahu2021 (530 in chips) 
Seat 3: Lupo2659 (970 in chips) 
Lupo2659: posts small blind 10
Mahu2021: posts big blind 20
*** HOLE CARDS ***
Dealt to Mahu2021 [6s 4d]
Lupo2659: calls 10
Mahu2021: checks 
*** FLOP *** [9c 3h Ad]
Mahu2021: checks 
Lupo2659: bets 20
Mahu2021: folds 
Uncalled bet (20) returned to Lupo2659
Lupo2659 collected 40 from pot
Lupo2659: doesn't show hand 
*** SUMMARY ***
Total pot 40 | Rake 0 
Board [9c 3h Ad]
Seat 2: Mahu2021 (big blind) folded on the Flop
Seat 3: Lupo2659 (button) (small blind) collected (40)



PokerStars Hand #248819845360: Tournament #3714357527, $1.84+$0.16 USD Hold'em No Limit - Level I (10/20) - 2024/02/11 17:21:23 CET [2024/02/11 11:21:23 ET]
Table '3714357527 1' 3-max Seat #2 is the button
Seat 2: Mahu2021 (510 in chips) 
Seat 3: Lupo2659 (990 in chips) 
Mahu2021: posts small blind 10
Lupo2659: posts big blind 20
*** HOLE CARDS ***
Dealt to Mahu2021 [6s 9d]
Mahu2021: folds 
Uncalled bet (10) returned to Lupo2659
Lupo2659 collected 20 from pot
Lupo2659: doesn't show hand 
*** SUMMARY ***
Total pot 20 | Rake 0 
Seat 2: Mahu2021 (button) (small blind) folded before Flop
Seat 3: Lupo2659 (big blind) collected (20)



PokerStars Hand #248819846881: Tournament #3714357527, $1.84+$0.16 USD Hold'em No Limit - Level I (10/20) - 2024/02/11 17:21:28 CET [2024/02/11 11:21:28 ET]
Table '3714357527 1' 3-max Seat #3 is the button
Seat 2: Mahu2021 (500 in chips) 
Seat 3: Lupo2659 (1000 in chips) 
Lupo2659: posts small blind 10
Mahu2021: posts big blind 20
*** HOLE CARDS ***
Dealt to Mahu2021 [8d 3c]
Lupo2659: calls 10
Mahu2021: checks 
*** FLOP *** [2c Ts Tc]
Mahu2021: checks 
Lupo2659: bets 20
Mahu2021: folds 
Uncalled bet (20) returned to Lupo2659
Lupo2659 collected 40 from pot
Lupo2659: doesn't show hand 
*** SUMMARY ***
Total pot 40 | Rake 0 
Board [2c Ts Tc]
Seat 2: Mahu2021 (big blind) folded on the Flop
Seat 3: Lupo2659 (button) (small blind) collected (40)



PokerStars Hand #248819850163: Tournament #3714357527, $1.84+$0.16 USD Hold'em No Limit - Level I (10/20) - 2024/02/11 17:21:38 CET [2024/02/11 11:21:38 ET]
Table '3714357527 1' 3-max Seat #2 is the button
Seat 2: Mahu2021 (480 in chips) 
Seat 3: Lupo2659 (1020 in chips) 
Mahu2021: posts small blind 10
Lupo2659: posts big blind 20
*** HOLE CARDS ***
Dealt to Mahu2021 [7h Ad]
Mahu2021: raises 20 to 40
Lupo2659: calls 20
*** FLOP *** [Qc Ts Tc]
Lupo2659: checks 
Mahu2021: bets 20
Lupo2659: folds 
Uncalled bet (20) returned to Mahu2021
Mahu2021 collected 80 from pot
Mahu2021: doesn't show hand 
*** SUMMARY ***
Total pot 80 | Rake 0 
Board [Qc Ts Tc]
Seat 2: Mahu2021 (button) (small blind) collected (80)
Seat 3: Lupo2659 (big blind) folded on the Flop



PokerStars Hand #248819853757: Tournament #3714357527, $1.84+$0.16 USD Hold'em No Limit - Level I (10/20) - 2024/02/11 17:21:48 CET [2024/02/11 11:21:48 ET]
Table '3714357527 1' 3-max Seat #3 is the button
Seat 2: Mahu2021 (520 in chips) 
Seat 3: Lupo2659 (980 in chips) 
Lupo2659: posts small blind 10
Mahu2021: posts big blind 20
*** HOLE CARDS ***
Dealt to Mahu2021 [Ac 4c]
Lupo2659: calls 10
Mahu2021: raises 40 to 60
Lupo2659: folds 
Uncalled bet (40) returned to Mahu2021
Mahu2021 collected 40 from pot
Mahu2021: doesn't show hand 
*** SUMMARY ***
Total pot 40 | Rake 0 
Seat 2: Mahu2021 (big blind) collected (40)
Seat 3: Lupo2659 (button) (small blind) folded before Flop



PokerStars Hand #248819857142: Tournament #3714357527, $1.84+$0.16 USD Hold'em No Limit - Level I (10/20) - 2024/02/11 17:21:58 CET [2024/02/11 11:21:58 ET]
Table '3714357527 1' 3-max Seat #2 is the button
Seat 2: Mahu2021 (540 in chips) 
Seat 3: Lupo2659 (960 in chips) 
Mahu2021: posts small blind 10
Lupo2659: posts big blind 20
*** HOLE CARDS ***
Dealt to Mahu2021 [6h Ad]
Mahu2021: raises 20 to 40
Lupo2659: calls 20
*** FLOP *** [Jc Kd Th]
Lupo2659: checks 
Mahu2021: checks 
*** TURN *** [Jc Kd Th] [2s]
Lupo2659: bets 20
Mahu2021: raises 20 to 40
Lupo2659: calls 20
*** RIVER *** [Jc Kd Th 2s] [Ac]
Lupo2659: bets 40
Mahu2021: raises 60 to 100
Lupo2659: raises 780 to 880 and is all-in
Mahu2021: folds 
Uncalled bet (780) returned to Lupo2659
Lupo2659 collected 360 from pot
Lupo2659: doesn't show hand 
*** SUMMARY ***
Total pot 360 | Rake 0 
Board [Jc Kd Th 2s Ac]
Seat 2: Mahu2021 (button) (small blind) folded on the River
Seat 3: Lupo2659 (big blind) collected (360)



PokerStars Hand #248819867335: Tournament #3714357527, $1.84+$0.16 USD Hold'em No Limit - Level II (15/30) - 2024/02/11 17:22:29 CET [2024/02/11 11:22:29 ET]
Table '3714357527 1' 3-max Seat #3 is the button
Seat 2: Mahu2021 (360 in chips) 
Seat 3: Lupo2659 (1140 in chips) 
Lupo2659: posts small blind 15
Mahu2021: posts big blind 30
*** HOLE CARDS ***
Dealt to Mahu2021 [Js Th]
Lupo2659: raises 1110 to 1140 and is all-in
Mahu2021: folds 
Uncalled bet (1110) returned to Lupo2659
Lupo2659 collected 60 from pot
Lupo2659: doesn't show hand 
*** SUMMARY ***
Total pot 60 | Rake 0 
Seat 2: Mahu2021 (big blind) folded before Flop
Seat 3: Lupo2659 (button) (small blind) collected (60)



PokerStars Hand #248819869765: Tournament #3714357527, $1.84+$0.16 USD Hold'em No Limit - Level II (15/30) - 2024/02/11 17:22:36 CET [2024/02/11 11:22:36 ET]
Table '3714357527 1' 3-max Seat #2 is the button
Seat 2: Mahu2021 (330 in chips) 
Seat 3: Lupo2659 (1170 in chips) 
Mahu2021: posts small blind 15
Lupo2659: posts big blind 30
*** HOLE CARDS ***
Dealt to Mahu2021 [8h Qd]
Mahu2021: raises 30 to 60
Lupo2659: calls 30
*** FLOP *** [7h Qh 2h]
Lupo2659: checks 
Mahu2021: bets 120
Lupo2659: folds 
Uncalled bet (120) returned to Mahu2021
Mahu2021 collected 120 from pot
Mahu2021: doesn't show hand 
*** SUMMARY ***
Total pot 120 | Rake 0 
Board [7h Qh 2h]
Seat 2: Mahu2021 (button) (small blind) collected (120)
Seat 3: Lupo2659 (big blind) folded on the Flop



PokerStars Hand #248819873855: Tournament #3714357527, $1.84+$0.16 USD Hold'em No Limit - Level II (15/30) - 2024/02/11 17:22:48 CET [2024/02/11 11:22:48 ET]
Table '3714357527 1' 3-max Seat #3 is the button
Seat 2: Mahu2021 (390 in chips) 
Seat 3: Lupo2659 (1110 in chips) 
Lupo2659: posts small blind 15
Mahu2021: posts big blind 30
*** HOLE CARDS ***
Dealt to Mahu2021 [Ts As]
Lupo2659: raises 1080 to 1110 and is all-in
Mahu2021: calls 360 and is all-in
Uncalled bet (720) returned to Lupo2659
*** FLOP *** [7h Td 2c]
*** TURN *** [7h Td 2c] [5s]
*** RIVER *** [7h Td 2c 5s] [4d]
*** SHOW DOWN ***
Mahu2021: shows [Ts As] (a pair of Tens)
Lupo2659: shows [Ah 3s] (a straight, Ace to Five)
Lupo2659 collected 780 from pot
Mahu2021 finished the tournament in 2nd place
Lupo2659 wins the tournament and receives $6.00 - congratulations!
*** SUMMARY ***
Total pot 780 | Rake 0 
Board [7h Td 2c 5s 4d]
Seat 2: Mahu2021 (big blind) showed [Ts As] and lost with a pair of Tens
Seat 3: Lupo2659 (button) (small blind) showed [Ah 3s] and won (780) with a straight, Ace to Five



