PokerStars Hand #246767393972: Tournament #3664509886, $0.92+$0.08 USD Hold'em No Limit - Level I (10/20) - 2023/10/27 11:25:11 CET [2023/10/27 5:25:11 ET]
Table '3664509886 1' 3-max Seat #1 is the button
Seat 1: Mahu2021 (500 in chips) 
Seat 2: tomsworks (500 in chips) 
Seat 3: berliheiner (500 in chips) 
tomsworks: posts small blind 10
berliheiner: posts big blind 20
*** HOLE CARDS ***
Dealt to Mahu2021 [As Js]
Mahu2021: raises 40 to 60
tomsworks: raises 40 to 100
berliheiner: folds 
Mahu2021: calls 40
*** FLOP *** [7c 7h Qc]
tomsworks: bets 400 and is all-in
Mahu2021: folds 
Uncalled bet (400) returned to tomsworks
tomsworks collected 220 from pot
tomsworks: doesn't show hand 
*** SUMMARY ***
Total pot 220 | Rake 0 
Board [7c 7h Qc]
Seat 1: Mahu2021 (button) folded on the Flop
Seat 2: tomsworks (small blind) collected (220)
Seat 3: berliheiner (big blind) folded before Flop



PokerStars Hand #246767396374: Tournament #3664509886, $0.92+$0.08 USD Hold'em No Limit - Level I (10/20) - 2023/10/27 11:25:31 CET [2023/10/27 5:25:31 ET]
Table '3664509886 1' 3-max Seat #2 is the button
Seat 1: Mahu2021 (400 in chips) 
Seat 2: tomsworks (620 in chips) 
Seat 3: berliheiner (480 in chips) 
berliheiner: posts small blind 10
Mahu2021: posts big blind 20
*** HOLE CARDS ***
Dealt to Mahu2021 [Qh 6c]
tomsworks: raises 600 to 620 and is all-in
berliheiner: folds 
Mahu2021: folds 
Uncalled bet (600) returned to tomsworks
tomsworks collected 50 from pot
tomsworks: doesn't show hand 
*** SUMMARY ***
Total pot 50 | Rake 0 
Seat 1: Mahu2021 (big blind) folded before Flop
Seat 2: tomsworks (button) collected (50)
Seat 3: berliheiner (small blind) folded before Flop



PokerStars Hand #246767397315: Tournament #3664509886, $0.92+$0.08 USD Hold'em No Limit - Level I (10/20) - 2023/10/27 11:25:38 CET [2023/10/27 5:25:38 ET]
Table '3664509886 1' 3-max Seat #3 is the button
Seat 1: Mahu2021 (380 in chips) 
Seat 2: tomsworks (650 in chips) 
Seat 3: berliheiner (470 in chips) 
Mahu2021: posts small blind 10
tomsworks: posts big blind 20
*** HOLE CARDS ***
Dealt to Mahu2021 [9s Kd]
berliheiner: calls 20
Mahu2021: calls 10
tomsworks: checks 
*** FLOP *** [3d 6c Ah]
Mahu2021: checks 
tomsworks: checks 
berliheiner: bets 20
Mahu2021: folds 
tomsworks: calls 20
*** TURN *** [3d 6c Ah] [Ts]
tomsworks: checks 
berliheiner: checks 
*** RIVER *** [3d 6c Ah Ts] [6h]
tomsworks: checks 
berliheiner: bets 20
tomsworks: folds 
Uncalled bet (20) returned to berliheiner
berliheiner collected 100 from pot
*** SUMMARY ***
Total pot 100 | Rake 0 
Board [3d 6c Ah Ts 6h]
Seat 1: Mahu2021 (small blind) folded on the Flop
Seat 2: tomsworks (big blind) folded on the River
Seat 3: berliheiner (button) collected (100)



PokerStars Hand #246767400322: Tournament #3664509886, $0.92+$0.08 USD Hold'em No Limit - Level I (10/20) - 2023/10/27 11:26:01 CET [2023/10/27 5:26:01 ET]
Table '3664509886 1' 3-max Seat #1 is the button
Seat 1: Mahu2021 (360 in chips) 
Seat 2: tomsworks (610 in chips) 
Seat 3: berliheiner (530 in chips) 
tomsworks: posts small blind 10
berliheiner: posts big blind 20
*** HOLE CARDS ***
Dealt to Mahu2021 [Td 5h]
Mahu2021: folds 
tomsworks: calls 10
berliheiner: checks 
*** FLOP *** [2c 5c 7s]
tomsworks: bets 20
berliheiner: calls 20
*** TURN *** [2c 5c 7s] [8h]
tomsworks: bets 100
berliheiner: folds 
Uncalled bet (100) returned to tomsworks
tomsworks collected 80 from pot
tomsworks: doesn't show hand 
*** SUMMARY ***
Total pot 80 | Rake 0 
Board [2c 5c 7s 8h]
Seat 1: Mahu2021 (button) folded before Flop (didn't bet)
Seat 2: tomsworks (small blind) collected (80)
Seat 3: berliheiner (big blind) folded on the Turn



PokerStars Hand #246767402997: Tournament #3664509886, $0.92+$0.08 USD Hold'em No Limit - Level I (10/20) - 2023/10/27 11:26:22 CET [2023/10/27 5:26:22 ET]
Table '3664509886 1' 3-max Seat #2 is the button
Seat 1: Mahu2021 (360 in chips) 
Seat 2: tomsworks (650 in chips) 
Seat 3: berliheiner (490 in chips) 
berliheiner: posts small blind 10
Mahu2021: posts big blind 20
*** HOLE CARDS ***
Dealt to Mahu2021 [Th Td]
tomsworks: calls 20
berliheiner: calls 10
Mahu2021: raises 60 to 80
tomsworks: calls 60
berliheiner: folds 
*** FLOP *** [7c 5h 8s]
Mahu2021: bets 280 and is all-in
tomsworks: calls 280
*** TURN *** [7c 5h 8s] [9d]
*** RIVER *** [7c 5h 8s 9d] [6c]
*** SHOW DOWN ***
Mahu2021: shows [Th Td] (a straight, Six to Ten)
tomsworks: shows [6d 7d] (a straight, Five to Nine)
Mahu2021 collected 740 from pot
*** SUMMARY ***
Total pot 740 | Rake 0 
Board [7c 5h 8s 9d 6c]
Seat 1: Mahu2021 (big blind) showed [Th Td] and won (740) with a straight, Six to Ten
Seat 2: tomsworks (button) showed [6d 7d] and lost with a straight, Five to Nine
Seat 3: berliheiner (small blind) folded before Flop



PokerStars Hand #246767405757: Tournament #3664509886, $0.92+$0.08 USD Hold'em No Limit - Level I (10/20) - 2023/10/27 11:26:43 CET [2023/10/27 5:26:43 ET]
Table '3664509886 1' 3-max Seat #3 is the button
Seat 1: Mahu2021 (740 in chips) 
Seat 2: tomsworks (290 in chips) 
Seat 3: berliheiner (470 in chips) 
Mahu2021: posts small blind 10
tomsworks: posts big blind 20
*** HOLE CARDS ***
Dealt to Mahu2021 [4c 8d]
berliheiner: folds 
Mahu2021: folds 
Uncalled bet (10) returned to tomsworks
tomsworks collected 20 from pot
tomsworks: doesn't show hand 
*** SUMMARY ***
Total pot 20 | Rake 0 
Seat 1: Mahu2021 (small blind) folded before Flop
Seat 2: tomsworks (big blind) collected (20)
Seat 3: berliheiner (button) folded before Flop (didn't bet)



PokerStars Hand #246767406580: Tournament #3664509886, $0.92+$0.08 USD Hold'em No Limit - Level I (10/20) - 2023/10/27 11:26:50 CET [2023/10/27 5:26:50 ET]
Table '3664509886 1' 3-max Seat #1 is the button
Seat 1: Mahu2021 (730 in chips) 
Seat 2: tomsworks (300 in chips) 
Seat 3: berliheiner (470 in chips) 
tomsworks: posts small blind 10
berliheiner: posts big blind 20
*** HOLE CARDS ***
Dealt to Mahu2021 [6h 3h]
Mahu2021: folds 
tomsworks: raises 20 to 40
berliheiner: calls 20
*** FLOP *** [5s 2h 9d]
tomsworks: bets 20
berliheiner: calls 20
*** TURN *** [5s 2h 9d] [As]
tomsworks: bets 240 and is all-in
berliheiner: folds 
Uncalled bet (240) returned to tomsworks
tomsworks collected 120 from pot
tomsworks: doesn't show hand 
*** SUMMARY ***
Total pot 120 | Rake 0 
Board [5s 2h 9d As]
Seat 1: Mahu2021 (button) folded before Flop (didn't bet)
Seat 2: tomsworks (small blind) collected (120)
Seat 3: berliheiner (big blind) folded on the Turn



PokerStars Hand #246767408774: Tournament #3664509886, $0.92+$0.08 USD Hold'em No Limit - Level I (10/20) - 2023/10/27 11:27:06 CET [2023/10/27 5:27:06 ET]
Table '3664509886 1' 3-max Seat #2 is the button
Seat 1: Mahu2021 (730 in chips) 
Seat 2: tomsworks (360 in chips) 
Seat 3: berliheiner (410 in chips) 
berliheiner: posts small blind 10
Mahu2021: posts big blind 20
*** HOLE CARDS ***
Dealt to Mahu2021 [Jc Ac]
tomsworks: calls 20
berliheiner: calls 10
Mahu2021: raises 60 to 80
tomsworks: folds 
berliheiner: folds 
Uncalled bet (60) returned to Mahu2021
Mahu2021 collected 60 from pot
Mahu2021: doesn't show hand 
*** SUMMARY ***
Total pot 60 | Rake 0 
Seat 1: Mahu2021 (big blind) collected (60)
Seat 2: tomsworks (button) folded before Flop
Seat 3: berliheiner (small blind) folded before Flop



PokerStars Hand #246767410682: Tournament #3664509886, $0.92+$0.08 USD Hold'em No Limit - Level I (10/20) - 2023/10/27 11:27:21 CET [2023/10/27 5:27:21 ET]
Table '3664509886 1' 3-max Seat #3 is the button
Seat 1: Mahu2021 (770 in chips) 
Seat 2: tomsworks (340 in chips) 
Seat 3: berliheiner (390 in chips) 
Mahu2021: posts small blind 10
tomsworks: posts big blind 20
*** HOLE CARDS ***
Dealt to Mahu2021 [2s 4d]
berliheiner: calls 20
Mahu2021: folds 
tomsworks: checks 
*** FLOP *** [Jc Qd Tc]
tomsworks: checks 
berliheiner: bets 80
tomsworks: calls 80
*** TURN *** [Jc Qd Tc] [2c]
tomsworks: checks 
berliheiner: bets 40
tomsworks: calls 40
*** RIVER *** [Jc Qd Tc 2c] [7c]
tomsworks: bets 100
berliheiner: folds 
Uncalled bet (100) returned to tomsworks
tomsworks collected 290 from pot
tomsworks: doesn't show hand 
*** SUMMARY ***
Total pot 290 | Rake 0 
Board [Jc Qd Tc 2c 7c]
Seat 1: Mahu2021 (small blind) folded before Flop
Seat 2: tomsworks (big blind) collected (290)
Seat 3: berliheiner (button) folded on the River



PokerStars Hand #246767414954: Tournament #3664509886, $0.92+$0.08 USD Hold'em No Limit - Level I (10/20) - 2023/10/27 11:27:54 CET [2023/10/27 5:27:54 ET]
Table '3664509886 1' 3-max Seat #1 is the button
Seat 1: Mahu2021 (760 in chips) 
Seat 2: tomsworks (490 in chips) 
Seat 3: berliheiner (250 in chips) 
tomsworks: posts small blind 10
berliheiner: posts big blind 20
*** HOLE CARDS ***
Dealt to Mahu2021 [Jh 5h]
Mahu2021: calls 20
tomsworks: calls 10
berliheiner: checks 
*** FLOP *** [3d Qc 2c]
tomsworks: checks 
berliheiner: checks 
Mahu2021: checks 
*** TURN *** [3d Qc 2c] [Js]
tomsworks: checks 
berliheiner: checks 
Mahu2021: bets 20
tomsworks: calls 20
berliheiner: calls 20
*** RIVER *** [3d Qc 2c Js] [9s]
tomsworks: checks 
berliheiner: checks 
Mahu2021: checks 
*** SHOW DOWN ***
tomsworks: shows [3c 4h] (a pair of Threes)
berliheiner: shows [3s 8c] (a pair of Threes)
Mahu2021: shows [Jh 5h] (a pair of Jacks)
Mahu2021 collected 120 from pot
*** SUMMARY ***
Total pot 120 | Rake 0 
Board [3d Qc 2c Js 9s]
Seat 1: Mahu2021 (button) showed [Jh 5h] and won (120) with a pair of Jacks
Seat 2: tomsworks (small blind) showed [3c 4h] and lost with a pair of Threes
Seat 3: berliheiner (big blind) showed [3s 8c] and lost with a pair of Threes



PokerStars Hand #246767418231: Tournament #3664509886, $0.92+$0.08 USD Hold'em No Limit - Level II (15/30) - 2023/10/27 11:28:20 CET [2023/10/27 5:28:20 ET]
Table '3664509886 1' 3-max Seat #2 is the button
Seat 1: Mahu2021 (840 in chips) 
Seat 2: tomsworks (450 in chips) 
Seat 3: berliheiner (210 in chips) 
berliheiner: posts small blind 15
Mahu2021: posts big blind 30
*** HOLE CARDS ***
Dealt to Mahu2021 [7s Js]
tomsworks: calls 30
berliheiner: folds 
Mahu2021: checks 
*** FLOP *** [8s 6c Kd]
Mahu2021: checks 
tomsworks: bets 120
Mahu2021: folds 
Uncalled bet (120) returned to tomsworks
tomsworks collected 75 from pot
tomsworks: doesn't show hand 
*** SUMMARY ***
Total pot 75 | Rake 0 
Board [8s 6c Kd]
Seat 1: Mahu2021 (big blind) folded on the Flop
Seat 2: tomsworks (button) collected (75)
Seat 3: berliheiner (small blind) folded before Flop



PokerStars Hand #246767420013: Tournament #3664509886, $0.92+$0.08 USD Hold'em No Limit - Level II (15/30) - 2023/10/27 11:28:34 CET [2023/10/27 5:28:34 ET]
Table '3664509886 1' 3-max Seat #3 is the button
Seat 1: Mahu2021 (810 in chips) 
Seat 2: tomsworks (495 in chips) 
Seat 3: berliheiner (195 in chips) 
Mahu2021: posts small blind 15
tomsworks: posts big blind 30
*** HOLE CARDS ***
Dealt to Mahu2021 [Ts Jh]
berliheiner: folds 
Mahu2021: raises 30 to 60
tomsworks: calls 30
*** FLOP *** [9d 7d 3s]
Mahu2021: checks 
tomsworks: bets 30
Mahu2021: calls 30
*** TURN *** [9d 7d 3s] [2c]
Mahu2021: checks 
tomsworks: bets 90
Mahu2021: folds 
Uncalled bet (90) returned to tomsworks
tomsworks collected 180 from pot
tomsworks: doesn't show hand 
*** SUMMARY ***
Total pot 180 | Rake 0 
Board [9d 7d 3s 2c]
Seat 1: Mahu2021 (small blind) folded on the Turn
Seat 2: tomsworks (big blind) collected (180)
Seat 3: berliheiner (button) folded before Flop (didn't bet)



PokerStars Hand #246767422650: Tournament #3664509886, $0.92+$0.08 USD Hold'em No Limit - Level II (15/30) - 2023/10/27 11:28:54 CET [2023/10/27 5:28:54 ET]
Table '3664509886 1' 3-max Seat #1 is the button
Seat 1: Mahu2021 (720 in chips) 
Seat 2: tomsworks (585 in chips) 
Seat 3: berliheiner (195 in chips) 
tomsworks: posts small blind 15
berliheiner: posts big blind 30
*** HOLE CARDS ***
Dealt to Mahu2021 [Ks 3d]
Mahu2021: folds 
tomsworks: calls 15
berliheiner: checks 
*** FLOP *** [2s Kd 4s]
tomsworks: checks 
berliheiner: checks 
*** TURN *** [2s Kd 4s] [7c]
tomsworks: checks 
berliheiner: checks 
*** RIVER *** [2s Kd 4s 7c] [6s]
tomsworks: checks 
berliheiner: bets 30
tomsworks: calls 30
*** SHOW DOWN ***
berliheiner: shows [5s 8h] (a straight, Four to Eight)
tomsworks: mucks hand 
berliheiner collected 120 from pot
*** SUMMARY ***
Total pot 120 | Rake 0 
Board [2s Kd 4s 7c 6s]
Seat 1: Mahu2021 (button) folded before Flop (didn't bet)
Seat 2: tomsworks (small blind) mucked [Jh 3s]
Seat 3: berliheiner (big blind) showed [5s 8h] and won (120) with a straight, Four to Eight



PokerStars Hand #246767426105: Tournament #3664509886, $0.92+$0.08 USD Hold'em No Limit - Level II (15/30) - 2023/10/27 11:29:20 CET [2023/10/27 5:29:20 ET]
Table '3664509886 1' 3-max Seat #2 is the button
Seat 1: Mahu2021 (720 in chips) 
Seat 2: tomsworks (525 in chips) 
Seat 3: berliheiner (255 in chips) 
berliheiner: posts small blind 15
Mahu2021: posts big blind 30
*** HOLE CARDS ***
Dealt to Mahu2021 [2s 3d]
tomsworks: raises 30 to 60
berliheiner: raises 195 to 255 and is all-in
Mahu2021: folds 
tomsworks: folds 
Uncalled bet (195) returned to berliheiner
berliheiner collected 150 from pot
*** SUMMARY ***
Total pot 150 | Rake 0 
Seat 1: Mahu2021 (big blind) folded before Flop
Seat 2: tomsworks (button) folded before Flop
Seat 3: berliheiner (small blind) collected (150)



PokerStars Hand #246767427695: Tournament #3664509886, $0.92+$0.08 USD Hold'em No Limit - Level II (15/30) - 2023/10/27 11:29:33 CET [2023/10/27 5:29:33 ET]
Table '3664509886 1' 3-max Seat #3 is the button
Seat 1: Mahu2021 (690 in chips) 
Seat 2: tomsworks (465 in chips) 
Seat 3: berliheiner (345 in chips) 
Mahu2021: posts small blind 15
tomsworks: posts big blind 30
*** HOLE CARDS ***
Dealt to Mahu2021 [4h 9s]
berliheiner: calls 30
Mahu2021: folds 
tomsworks: raises 30 to 60
berliheiner: calls 30
*** FLOP *** [9d 8d 6c]
tomsworks: bets 90
berliheiner: raises 195 to 285 and is all-in
tomsworks: calls 195
*** TURN *** [9d 8d 6c] [4c]
*** RIVER *** [9d 8d 6c 4c] [8c]
*** SHOW DOWN ***
tomsworks: shows [2s As] (a pair of Eights)
berliheiner: shows [5d Qd] (a pair of Eights - lower kicker)
tomsworks collected 705 from pot
berliheiner finished the tournament in 3rd place
*** SUMMARY ***
Total pot 705 | Rake 0 
Board [9d 8d 6c 4c 8c]
Seat 1: Mahu2021 (small blind) folded before Flop
Seat 2: tomsworks (big blind) showed [2s As] and won (705) with a pair of Eights
Seat 3: berliheiner (button) showed [5d Qd] and lost with a pair of Eights



PokerStars Hand #246767431134: Tournament #3664509886, $0.92+$0.08 USD Hold'em No Limit - Level II (15/30) - 2023/10/27 11:30:00 CET [2023/10/27 5:30:00 ET]
Table '3664509886 1' 3-max Seat #2 is the button
Seat 1: Mahu2021 (675 in chips) 
Seat 2: tomsworks (825 in chips) 
tomsworks: posts small blind 15
Mahu2021: posts big blind 30
*** HOLE CARDS ***
Dealt to Mahu2021 [6h 4c]
tomsworks: folds 
Uncalled bet (15) returned to Mahu2021
Mahu2021 collected 30 from pot
Mahu2021: doesn't show hand 
*** SUMMARY ***
Total pot 30 | Rake 0 
Seat 1: Mahu2021 (big blind) collected (30)
Seat 2: tomsworks (button) (small blind) folded before Flop



PokerStars Hand #246767431864: Tournament #3664509886, $0.92+$0.08 USD Hold'em No Limit - Level II (15/30) - 2023/10/27 11:30:05 CET [2023/10/27 5:30:05 ET]
Table '3664509886 1' 3-max Seat #1 is the button
Seat 1: Mahu2021 (690 in chips) 
Seat 2: tomsworks (810 in chips) 
Mahu2021: posts small blind 15
tomsworks: posts big blind 30
*** HOLE CARDS ***
Dealt to Mahu2021 [6d 3h]
Mahu2021: folds 
Uncalled bet (15) returned to tomsworks
tomsworks collected 30 from pot
tomsworks: doesn't show hand 
*** SUMMARY ***
Total pot 30 | Rake 0 
Seat 1: Mahu2021 (button) (small blind) folded before Flop
Seat 2: tomsworks (big blind) collected (30)



PokerStars Hand #246767432492: Tournament #3664509886, $0.92+$0.08 USD Hold'em No Limit - Level II (15/30) - 2023/10/27 11:30:10 CET [2023/10/27 5:30:10 ET]
Table '3664509886 1' 3-max Seat #2 is the button
Seat 1: Mahu2021 (675 in chips) 
Seat 2: tomsworks (825 in chips) 
tomsworks: posts small blind 15
Mahu2021: posts big blind 30
*** HOLE CARDS ***
Dealt to Mahu2021 [Kh 6d]
tomsworks: calls 15
Mahu2021: checks 
*** FLOP *** [2h Td 2s]
Mahu2021: checks 
tomsworks: checks 
*** TURN *** [2h Td 2s] [3c]
Mahu2021: checks 
tomsworks: bets 30
Mahu2021: calls 30
*** RIVER *** [2h Td 2s 3c] [Ac]
Mahu2021: checks 
tomsworks: bets 120
Mahu2021: folds 
Uncalled bet (120) returned to tomsworks
tomsworks collected 120 from pot
tomsworks: doesn't show hand 
*** SUMMARY ***
Total pot 120 | Rake 0 
Board [2h Td 2s 3c Ac]
Seat 1: Mahu2021 (big blind) folded on the River
Seat 2: tomsworks (button) (small blind) collected (120)



PokerStars Hand #246767434736: Tournament #3664509886, $0.92+$0.08 USD Hold'em No Limit - Level II (15/30) - 2023/10/27 11:30:28 CET [2023/10/27 5:30:28 ET]
Table '3664509886 1' 3-max Seat #1 is the button
Seat 1: Mahu2021 (615 in chips) 
Seat 2: tomsworks (885 in chips) 
Mahu2021: posts small blind 15
tomsworks: posts big blind 30
*** HOLE CARDS ***
Dealt to Mahu2021 [8h Td]
Mahu2021: folds 
Uncalled bet (15) returned to tomsworks
tomsworks collected 30 from pot
tomsworks: doesn't show hand 
*** SUMMARY ***
Total pot 30 | Rake 0 
Seat 1: Mahu2021 (button) (small blind) folded before Flop
Seat 2: tomsworks (big blind) collected (30)



PokerStars Hand #246767435312: Tournament #3664509886, $0.92+$0.08 USD Hold'em No Limit - Level II (15/30) - 2023/10/27 11:30:32 CET [2023/10/27 5:30:32 ET]
Table '3664509886 1' 3-max Seat #2 is the button
Seat 1: Mahu2021 (600 in chips) 
Seat 2: tomsworks (900 in chips) 
tomsworks: posts small blind 15
Mahu2021: posts big blind 30
*** HOLE CARDS ***
Dealt to Mahu2021 [2s Kc]
tomsworks: calls 15
Mahu2021: checks 
*** FLOP *** [Ts Ad 9c]
Mahu2021: checks 
tomsworks: checks 
*** TURN *** [Ts Ad 9c] [8h]
Mahu2021: bets 30
tomsworks: calls 30
*** RIVER *** [Ts Ad 9c 8h] [Tc]
Mahu2021: checks 
tomsworks: checks 
*** SHOW DOWN ***
Mahu2021: shows [2s Kc] (a pair of Tens)
tomsworks: shows [Js As] (two pair, Aces and Tens)
tomsworks collected 120 from pot
*** SUMMARY ***
Total pot 120 | Rake 0 
Board [Ts Ad 9c 8h Tc]
Seat 1: Mahu2021 (big blind) showed [2s Kc] and lost with a pair of Tens
Seat 2: tomsworks (button) (small blind) showed [Js As] and won (120) with two pair, Aces and Tens



PokerStars Hand #246767437647: Tournament #3664509886, $0.92+$0.08 USD Hold'em No Limit - Level II (15/30) - 2023/10/27 11:30:50 CET [2023/10/27 5:30:50 ET]
Table '3664509886 1' 3-max Seat #1 is the button
Seat 1: Mahu2021 (540 in chips) 
Seat 2: tomsworks (960 in chips) 
Mahu2021: posts small blind 15
tomsworks: posts big blind 30
*** HOLE CARDS ***
Dealt to Mahu2021 [Ah Kc]
Mahu2021: calls 15
tomsworks: checks 
*** FLOP *** [As 7h 8c]
tomsworks: bets 60
Mahu2021: raises 90 to 150
tomsworks: calls 90
*** TURN *** [As 7h 8c] [Kd]
tomsworks: checks 
Mahu2021: bets 150
tomsworks: calls 150
*** RIVER *** [As 7h 8c Kd] [2h]
tomsworks: checks 
Mahu2021: bets 210 and is all-in
tomsworks: folds 
Uncalled bet (210) returned to Mahu2021
Mahu2021 collected 660 from pot
Mahu2021: doesn't show hand 
*** SUMMARY ***
Total pot 660 | Rake 0 
Board [As 7h 8c Kd 2h]
Seat 1: Mahu2021 (button) (small blind) collected (660)
Seat 2: tomsworks (big blind) folded on the River



PokerStars Hand #246767441666: Tournament #3664509886, $0.92+$0.08 USD Hold'em No Limit - Level III (20/40) - 2023/10/27 11:31:21 CET [2023/10/27 5:31:21 ET]
Table '3664509886 1' 3-max Seat #2 is the button
Seat 1: Mahu2021 (870 in chips) 
Seat 2: tomsworks (630 in chips) 
tomsworks: posts small blind 20
Mahu2021: posts big blind 40
*** HOLE CARDS ***
Dealt to Mahu2021 [7c Ts]
tomsworks: calls 20
Mahu2021: checks 
*** FLOP *** [5s 9c 4c]
Mahu2021: checks 
tomsworks: bets 40
Mahu2021: folds 
Uncalled bet (40) returned to tomsworks
tomsworks collected 80 from pot
tomsworks: doesn't show hand 
*** SUMMARY ***
Total pot 80 | Rake 0 
Board [5s 9c 4c]
Seat 1: Mahu2021 (big blind) folded on the Flop
Seat 2: tomsworks (button) (small blind) collected (80)



PokerStars Hand #246767443244: Tournament #3664509886, $0.92+$0.08 USD Hold'em No Limit - Level III (20/40) - 2023/10/27 11:31:33 CET [2023/10/27 5:31:33 ET]
Table '3664509886 1' 3-max Seat #1 is the button
Seat 1: Mahu2021 (830 in chips) 
Seat 2: tomsworks (670 in chips) 
Mahu2021: posts small blind 20
tomsworks: posts big blind 40
*** HOLE CARDS ***
Dealt to Mahu2021 [5s 2h]
Mahu2021: folds 
Uncalled bet (20) returned to tomsworks
tomsworks collected 40 from pot
tomsworks: doesn't show hand 
*** SUMMARY ***
Total pot 40 | Rake 0 
Seat 1: Mahu2021 (button) (small blind) folded before Flop
Seat 2: tomsworks (big blind) collected (40)



PokerStars Hand #246767443845: Tournament #3664509886, $0.92+$0.08 USD Hold'em No Limit - Level III (20/40) - 2023/10/27 11:31:37 CET [2023/10/27 5:31:37 ET]
Table '3664509886 1' 3-max Seat #2 is the button
Seat 1: Mahu2021 (810 in chips) 
Seat 2: tomsworks (690 in chips) 
tomsworks: posts small blind 20
Mahu2021: posts big blind 40
*** HOLE CARDS ***
Dealt to Mahu2021 [9d 3s]
tomsworks: raises 40 to 80
Mahu2021: folds 
Uncalled bet (40) returned to tomsworks
tomsworks collected 80 from pot
tomsworks: doesn't show hand 
*** SUMMARY ***
Total pot 80 | Rake 0 
Seat 1: Mahu2021 (big blind) folded before Flop
Seat 2: tomsworks (button) (small blind) collected (80)



PokerStars Hand #246767444639: Tournament #3664509886, $0.92+$0.08 USD Hold'em No Limit - Level III (20/40) - 2023/10/27 11:31:43 CET [2023/10/27 5:31:43 ET]
Table '3664509886 1' 3-max Seat #1 is the button
Seat 1: Mahu2021 (770 in chips) 
Seat 2: tomsworks (730 in chips) 
Mahu2021: posts small blind 20
tomsworks: posts big blind 40
*** HOLE CARDS ***
Dealt to Mahu2021 [7s 5s]
Mahu2021: calls 20
tomsworks: raises 40 to 80
Mahu2021: calls 40
*** FLOP *** [Kc 3d Js]
tomsworks: bets 240
Mahu2021: folds 
Uncalled bet (240) returned to tomsworks
tomsworks collected 160 from pot
tomsworks: doesn't show hand 
*** SUMMARY ***
Total pot 160 | Rake 0 
Board [Kc 3d Js]
Seat 1: Mahu2021 (button) (small blind) folded on the Flop
Seat 2: tomsworks (big blind) collected (160)



PokerStars Hand #246767446172: Tournament #3664509886, $0.92+$0.08 USD Hold'em No Limit - Level III (20/40) - 2023/10/27 11:31:55 CET [2023/10/27 5:31:55 ET]
Table '3664509886 1' 3-max Seat #2 is the button
Seat 1: Mahu2021 (690 in chips) 
Seat 2: tomsworks (810 in chips) 
tomsworks: posts small blind 20
Mahu2021: posts big blind 40
*** HOLE CARDS ***
Dealt to Mahu2021 [Ts 3c]
tomsworks: calls 20
Mahu2021: checks 
*** FLOP *** [Jh 8d 5c]
Mahu2021: checks 
tomsworks: bets 120
Mahu2021: folds 
Uncalled bet (120) returned to tomsworks
tomsworks collected 80 from pot
tomsworks: doesn't show hand 
*** SUMMARY ***
Total pot 80 | Rake 0 
Board [Jh 8d 5c]
Seat 1: Mahu2021 (big blind) folded on the Flop
Seat 2: tomsworks (button) (small blind) collected (80)



PokerStars Hand #246767447549: Tournament #3664509886, $0.92+$0.08 USD Hold'em No Limit - Level III (20/40) - 2023/10/27 11:32:06 CET [2023/10/27 5:32:06 ET]
Table '3664509886 1' 3-max Seat #1 is the button
Seat 1: Mahu2021 (650 in chips) 
Seat 2: tomsworks (850 in chips) 
Mahu2021: posts small blind 20
tomsworks: posts big blind 40
*** HOLE CARDS ***
Dealt to Mahu2021 [Kh 3s]
Mahu2021: calls 20
tomsworks: checks 
*** FLOP *** [4d Jh 9s]
tomsworks: checks 
Mahu2021: checks 
*** TURN *** [4d Jh 9s] [5s]
tomsworks: checks 
Mahu2021: checks 
*** RIVER *** [4d Jh 9s 5s] [9c]
tomsworks: bets 810 and is all-in
Mahu2021: folds 
Uncalled bet (810) returned to tomsworks
tomsworks collected 80 from pot
tomsworks: doesn't show hand 
*** SUMMARY ***
Total pot 80 | Rake 0 
Board [4d Jh 9s 5s 9c]
Seat 1: Mahu2021 (button) (small blind) folded on the River
Seat 2: tomsworks (big blind) collected (80)



PokerStars Hand #246767449914: Tournament #3664509886, $0.92+$0.08 USD Hold'em No Limit - Level III (20/40) - 2023/10/27 11:32:23 CET [2023/10/27 5:32:23 ET]
Table '3664509886 1' 3-max Seat #2 is the button
Seat 1: Mahu2021 (610 in chips) 
Seat 2: tomsworks (890 in chips) 
tomsworks: posts small blind 20
Mahu2021: posts big blind 40
*** HOLE CARDS ***
Dealt to Mahu2021 [4c Qh]
tomsworks: calls 20
Mahu2021: checks 
*** FLOP *** [4s 2d Td]
Mahu2021: bets 40
tomsworks: calls 40
*** TURN *** [4s 2d Td] [Ad]
Mahu2021: checks 
tomsworks: bets 200
Mahu2021: folds 
Uncalled bet (200) returned to tomsworks
tomsworks collected 160 from pot
tomsworks: doesn't show hand 
*** SUMMARY ***
Total pot 160 | Rake 0 
Board [4s 2d Td Ad]
Seat 1: Mahu2021 (big blind) folded on the Turn
Seat 2: tomsworks (button) (small blind) collected (160)



PokerStars Hand #246767452042: Tournament #3664509886, $0.92+$0.08 USD Hold'em No Limit - Level III (20/40) - 2023/10/27 11:32:40 CET [2023/10/27 5:32:40 ET]
Table '3664509886 1' 3-max Seat #1 is the button
Seat 1: Mahu2021 (530 in chips) 
Seat 2: tomsworks (970 in chips) 
Mahu2021: posts small blind 20
tomsworks: posts big blind 40
*** HOLE CARDS ***
Dealt to Mahu2021 [2h Js]
Mahu2021: calls 20
tomsworks: raises 40 to 80
Mahu2021: calls 40
*** FLOP *** [Ac 9s Kd]
tomsworks: checks 
Mahu2021: bets 160
tomsworks: calls 160
*** TURN *** [Ac 9s Kd] [9d]
tomsworks: checks 
Mahu2021: bets 290 and is all-in
tomsworks: folds 
Uncalled bet (290) returned to Mahu2021
Mahu2021 collected 480 from pot
Mahu2021: doesn't show hand 
*** SUMMARY ***
Total pot 480 | Rake 0 
Board [Ac 9s Kd 9d]
Seat 1: Mahu2021 (button) (small blind) collected (480)
Seat 2: tomsworks (big blind) folded on the Turn



PokerStars Hand #246767454467: Tournament #3664509886, $0.92+$0.08 USD Hold'em No Limit - Level III (20/40) - 2023/10/27 11:32:58 CET [2023/10/27 5:32:58 ET]
Table '3664509886 1' 3-max Seat #2 is the button
Seat 1: Mahu2021 (770 in chips) 
Seat 2: tomsworks (730 in chips) 
tomsworks: posts small blind 20
Mahu2021: posts big blind 40
*** HOLE CARDS ***
Dealt to Mahu2021 [9d Qh]
tomsworks: raises 690 to 730 and is all-in
Mahu2021: folds 
Uncalled bet (690) returned to tomsworks
tomsworks collected 80 from pot
tomsworks: doesn't show hand 
*** SUMMARY ***
Total pot 80 | Rake 0 
Seat 1: Mahu2021 (big blind) folded before Flop
Seat 2: tomsworks (button) (small blind) collected (80)



PokerStars Hand #246767455380: Tournament #3664509886, $0.92+$0.08 USD Hold'em No Limit - Level III (20/40) - 2023/10/27 11:33:05 CET [2023/10/27 5:33:05 ET]
Table '3664509886 1' 3-max Seat #1 is the button
Seat 1: Mahu2021 (730 in chips) 
Seat 2: tomsworks (770 in chips) 
Mahu2021: posts small blind 20
tomsworks: posts big blind 40
*** HOLE CARDS ***
Dealt to Mahu2021 [Qd 3h]
Mahu2021: folds 
Uncalled bet (20) returned to tomsworks
tomsworks collected 40 from pot
tomsworks: doesn't show hand 
*** SUMMARY ***
Total pot 40 | Rake 0 
Seat 1: Mahu2021 (button) (small blind) folded before Flop
Seat 2: tomsworks (big blind) collected (40)



PokerStars Hand #246767456020: Tournament #3664509886, $0.92+$0.08 USD Hold'em No Limit - Level III (20/40) - 2023/10/27 11:33:10 CET [2023/10/27 5:33:10 ET]
Table '3664509886 1' 3-max Seat #2 is the button
Seat 1: Mahu2021 (710 in chips) 
Seat 2: tomsworks (790 in chips) 
tomsworks: posts small blind 20
Mahu2021: posts big blind 40
*** HOLE CARDS ***
Dealt to Mahu2021 [9s 3c]
tomsworks: calls 20
Mahu2021: checks 
*** FLOP *** [Ah 6h 7h]
Mahu2021: checks 
tomsworks: checks 
*** TURN *** [Ah 6h 7h] [3h]
Mahu2021: checks 
tomsworks: checks 
*** RIVER *** [Ah 6h 7h 3h] [7c]
Mahu2021: checks 
tomsworks: checks 
*** SHOW DOWN ***
Mahu2021: shows [9s 3c] (two pair, Sevens and Threes)
tomsworks: mucks hand 
Mahu2021 collected 80 from pot
*** SUMMARY ***
Total pot 80 | Rake 0 
Board [Ah 6h 7h 3h 7c]
Seat 1: Mahu2021 (big blind) showed [9s 3c] and won (80) with two pair, Sevens and Threes
Seat 2: tomsworks (button) (small blind) mucked [9d 2s]



PokerStars Hand #246767457833: Tournament #3664509886, $0.92+$0.08 USD Hold'em No Limit - Level III (20/40) - 2023/10/27 11:33:24 CET [2023/10/27 5:33:24 ET]
Table '3664509886 1' 3-max Seat #1 is the button
Seat 1: Mahu2021 (750 in chips) 
Seat 2: tomsworks (750 in chips) 
Mahu2021: posts small blind 20
tomsworks: posts big blind 40
*** HOLE CARDS ***
Dealt to Mahu2021 [Kd Js]
Mahu2021: calls 20
tomsworks: checks 
*** FLOP *** [5c Qd Ah]
tomsworks: checks 
Mahu2021: checks 
*** TURN *** [5c Qd Ah] [Td]
tomsworks: bets 40
Mahu2021: raises 40 to 80
tomsworks: raises 40 to 120
Mahu2021: raises 590 to 710 and is all-in
tomsworks: calls 590 and is all-in
*** RIVER *** [5c Qd Ah Td] [8d]
*** SHOW DOWN ***
tomsworks: shows [6h Qs] (a pair of Queens)
Mahu2021: shows [Kd Js] (a straight, Ten to Ace)
Mahu2021 collected 1500 from pot
tomsworks finished the tournament in 2nd place
Mahu2021 wins the tournament and receives $3.00 - congratulations!
*** SUMMARY ***
Total pot 1500 | Rake 0 
Board [5c Qd Ah Td 8d]
Seat 1: Mahu2021 (button) (small blind) showed [Kd Js] and won (1500) with a straight, Ten to Ace
Seat 2: tomsworks (big blind) showed [6h Qs] and lost with a pair of Queens



