PokerStars Hand #242941148724: Tournament #3573555747, $0.92+$0.08 USD Hold'em No Limit - Level I (10/20) - 2023/04/07 15:38:24 CET [2023/04/07 9:38:24 ET]
Table '3573555747 1' 3-max Seat #1 is the button
Seat 1: Kosonoy1 (500 in chips) 
Seat 2: Mahu2021 (500 in chips) 
Seat 3: frankassela (500 in chips) 
Mahu2021: posts small blind 10
frankassela: posts big blind 20
*** HOLE CARDS ***
Dealt to Mahu2021 [Ts 7c]
Kosonoy1: raises 480 to 500 and is all-in
Mahu2021: folds 
frankassela: folds 
Uncalled bet (480) returned to Kosonoy1
Kosonoy1 collected 50 from pot
*** SUMMARY ***
Total pot 50 | Rake 0 
Seat 1: Kosonoy1 (button) collected (50)
Seat 2: Mahu2021 (small blind) folded before Flop
Seat 3: frankassela (big blind) folded before Flop



PokerStars Hand #242941150513: Tournament #3573555747, $0.92+$0.08 USD Hold'em No Limit - Level I (10/20) - 2023/04/07 15:38:31 CET [2023/04/07 9:38:31 ET]
Table '3573555747 1' 3-max Seat #2 is the button
Seat 1: Kosonoy1 (530 in chips) 
Seat 2: Mahu2021 (490 in chips) 
Seat 3: frankassela (480 in chips) 
frankassela: posts small blind 10
Kosonoy1: posts big blind 20
*** HOLE CARDS ***
Dealt to Mahu2021 [2h 7s]
Mahu2021: folds 
frankassela: calls 10
Kosonoy1: raises 510 to 530 and is all-in
frankassela: folds 
Uncalled bet (510) returned to Kosonoy1
Kosonoy1 collected 40 from pot
*** SUMMARY ***
Total pot 40 | Rake 0 
Seat 1: Kosonoy1 (big blind) collected (40)
Seat 2: Mahu2021 (button) folded before Flop (didn't bet)
Seat 3: frankassela (small blind) folded before Flop



PokerStars Hand #242941152934: Tournament #3573555747, $0.92+$0.08 USD Hold'em No Limit - Level I (10/20) - 2023/04/07 15:38:41 CET [2023/04/07 9:38:41 ET]
Table '3573555747 1' 3-max Seat #3 is the button
Seat 1: Kosonoy1 (550 in chips) 
Seat 2: Mahu2021 (490 in chips) 
Seat 3: frankassela (460 in chips) 
Kosonoy1: posts small blind 10
Mahu2021: posts big blind 20
*** HOLE CARDS ***
Dealt to Mahu2021 [7s Qh]
frankassela: calls 20
Kosonoy1: raises 530 to 550 and is all-in
Mahu2021: folds 
frankassela: calls 440 and is all-in
Uncalled bet (90) returned to Kosonoy1
*** FLOP *** [Th 6c 2h]
*** TURN *** [Th 6c 2h] [4s]
*** RIVER *** [Th 6c 2h 4s] [3h]
*** SHOW DOWN ***
Kosonoy1: shows [Jc 4d] (a pair of Fours)
frankassela: shows [Ah Jh] (a flush, Ace high)
frankassela collected 940 from pot
*** SUMMARY ***
Total pot 940 | Rake 0 
Board [Th 6c 2h 4s 3h]
Seat 1: Kosonoy1 (small blind) showed [Jc 4d] and lost with a pair of Fours
Seat 2: Mahu2021 (big blind) folded before Flop
Seat 3: frankassela (button) showed [Ah Jh] and won (940) with a flush, Ace high



PokerStars Hand #242941156992: Tournament #3573555747, $0.92+$0.08 USD Hold'em No Limit - Level I (10/20) - 2023/04/07 15:38:57 CET [2023/04/07 9:38:57 ET]
Table '3573555747 1' 3-max Seat #1 is the button
Seat 1: Kosonoy1 (90 in chips) 
Seat 2: Mahu2021 (470 in chips) 
Seat 3: frankassela (940 in chips) 
Mahu2021: posts small blind 10
frankassela: posts big blind 20
*** HOLE CARDS ***
Dealt to Mahu2021 [Td Qh]
Kosonoy1: raises 70 to 90 and is all-in
Mahu2021: calls 80
frankassela: calls 70
*** FLOP *** [Ad Ks Qd]
Mahu2021: checks 
frankassela: checks 
*** TURN *** [Ad Ks Qd] [9d]
Mahu2021: bets 60
frankassela: folds 
Uncalled bet (60) returned to Mahu2021
*** RIVER *** [Ad Ks Qd 9d] [Ah]
*** SHOW DOWN ***
Mahu2021: shows [Td Qh] (two pair, Aces and Queens)
Kosonoy1: shows [9c Ac] (a full house, Aces full of Nines)
Kosonoy1 collected 270 from pot
*** SUMMARY ***
Total pot 270 | Rake 0 
Board [Ad Ks Qd 9d Ah]
Seat 1: Kosonoy1 (button) showed [9c Ac] and won (270) with a full house, Aces full of Nines
Seat 2: Mahu2021 (small blind) showed [Td Qh] and lost with two pair, Aces and Queens
Seat 3: frankassela (big blind) folded on the Turn



PokerStars Hand #242941162804: Tournament #3573555747, $0.92+$0.08 USD Hold'em No Limit - Level I (10/20) - 2023/04/07 15:39:21 CET [2023/04/07 9:39:21 ET]
Table '3573555747 1' 3-max Seat #2 is the button
Seat 1: Kosonoy1 (270 in chips) 
Seat 2: Mahu2021 (380 in chips) 
Seat 3: frankassela (850 in chips) 
frankassela: posts small blind 10
Kosonoy1: posts big blind 20
*** HOLE CARDS ***
Dealt to Mahu2021 [4s 4c]
Mahu2021: raises 360 to 380 and is all-in
frankassela: folds 
Kosonoy1: calls 250 and is all-in
Uncalled bet (110) returned to Mahu2021
*** FLOP *** [5h Ac Kd]
*** TURN *** [5h Ac Kd] [5c]
*** RIVER *** [5h Ac Kd 5c] [5d]
*** SHOW DOWN ***
Kosonoy1: shows [6s Kh] (a full house, Fives full of Kings)
Mahu2021: shows [4s 4c] (a full house, Fives full of Fours)
Kosonoy1 collected 550 from pot
*** SUMMARY ***
Total pot 550 | Rake 0 
Board [5h Ac Kd 5c 5d]
Seat 1: Kosonoy1 (big blind) showed [6s Kh] and won (550) with a full house, Fives full of Kings
Seat 2: Mahu2021 (button) showed [4s 4c] and lost with a full house, Fives full of Fours
Seat 3: frankassela (small blind) folded before Flop



PokerStars Hand #242941166374: Tournament #3573555747, $0.92+$0.08 USD Hold'em No Limit - Level I (10/20) - 2023/04/07 15:39:35 CET [2023/04/07 9:39:35 ET]
Table '3573555747 1' 3-max Seat #3 is the button
Seat 1: Kosonoy1 (550 in chips) 
Seat 2: Mahu2021 (110 in chips) 
Seat 3: frankassela (840 in chips) 
Kosonoy1: posts small blind 10
Mahu2021: posts big blind 20
*** HOLE CARDS ***
Dealt to Mahu2021 [Kd Ac]
frankassela: folds 
Kosonoy1: raises 530 to 550 and is all-in
Mahu2021: calls 90 and is all-in
Uncalled bet (440) returned to Kosonoy1
*** FLOP *** [Ts Js Qd]
*** TURN *** [Ts Js Qd] [Tc]
*** RIVER *** [Ts Js Qd Tc] [As]
*** SHOW DOWN ***
Kosonoy1: shows [9c Qc] (two pair, Queens and Tens)
Mahu2021: shows [Kd Ac] (a straight, Ten to Ace)
Mahu2021 collected 220 from pot
*** SUMMARY ***
Total pot 220 | Rake 0 
Board [Ts Js Qd Tc As]
Seat 1: Kosonoy1 (small blind) showed [9c Qc] and lost with two pair, Queens and Tens
Seat 2: Mahu2021 (big blind) showed [Kd Ac] and won (220) with a straight, Ten to Ace
Seat 3: frankassela (button) folded before Flop (didn't bet)



PokerStars Hand #242941169996: Tournament #3573555747, $0.92+$0.08 USD Hold'em No Limit - Level I (10/20) - 2023/04/07 15:39:50 CET [2023/04/07 9:39:50 ET]
Table '3573555747 1' 3-max Seat #1 is the button
Seat 1: Kosonoy1 (440 in chips) 
Seat 2: Mahu2021 (220 in chips) 
Seat 3: frankassela (840 in chips) 
Mahu2021: posts small blind 10
frankassela: posts big blind 20
*** HOLE CARDS ***
Dealt to Mahu2021 [Ac 3s]
Kosonoy1: raises 420 to 440 and is all-in
Mahu2021: calls 210 and is all-in
frankassela: folds 
Uncalled bet (220) returned to Kosonoy1
*** FLOP *** [5h 7h 2h]
*** TURN *** [5h 7h 2h] [9h]
*** RIVER *** [5h 7h 2h 9h] [7s]
*** SHOW DOWN ***
Mahu2021: shows [Ac 3s] (a pair of Sevens)
Kosonoy1: shows [Qd Qc] (two pair, Queens and Sevens)
Kosonoy1 collected 460 from pot
Mahu2021 finished the tournament in 3rd place
*** SUMMARY ***
Total pot 460 | Rake 0 
Board [5h 7h 2h 9h 7s]
Seat 1: Kosonoy1 (button) showed [Qd Qc] and won (460) with two pair, Queens and Sevens
Seat 2: Mahu2021 (small blind) showed [Ac 3s] and lost with a pair of Sevens
Seat 3: frankassela (big blind) folded before Flop



