PokerStars Hand #245050022013: Tournament #3623117914, $0.92+$0.08 USD Hold'em No Limit - Level I (10/20) - 2023/07/27 18:22:55 CET [2023/07/27 12:22:55 ET]
Table '3623117914 1' 3-max Seat #1 is the button
Seat 1: yukronicbluff (500 in chips) 
Seat 2: Cooper446 (500 in chips) 
Seat 3: Mahu2021 (500 in chips) 
Cooper446: posts small blind 10
Mahu2021: posts big blind 20
*** HOLE CARDS ***
Dealt to Mahu2021 [3c 4h]
yukronicbluff: raises 20 to 40
Cooper446: calls 30
Mahu2021: calls 20
*** FLOP *** [9s 3s Jh]
Cooper446: checks 
Mahu2021: checks 
yukronicbluff: bets 80
Cooper446: folds 
Mahu2021: folds 
Uncalled bet (80) returned to yukronicbluff
yukronicbluff collected 120 from pot
*** SUMMARY ***
Total pot 120 | Rake 0 
Board [9s 3s Jh]
Seat 1: yukronicbluff (button) collected (120)
Seat 2: Cooper446 (small blind) folded on the Flop
Seat 3: Mahu2021 (big blind) folded on the Flop



PokerStars Hand #245050028862: Tournament #3623117914, $0.92+$0.08 USD Hold'em No Limit - Level I (10/20) - 2023/07/27 18:23:20 CET [2023/07/27 12:23:20 ET]
Table '3623117914 1' 3-max Seat #2 is the button
Seat 1: yukronicbluff (580 in chips) 
Seat 2: Cooper446 (460 in chips) 
Seat 3: Mahu2021 (460 in chips) 
Mahu2021: posts small blind 10
yukronicbluff: posts big blind 20
*** HOLE CARDS ***
Dealt to Mahu2021 [Th Jd]
Cooper446: folds 
Mahu2021: raises 20 to 40
yukronicbluff: calls 20
*** FLOP *** [Kc 5d Qc]
Mahu2021: checks 
yukronicbluff: bets 40
Mahu2021: calls 40
*** TURN *** [Kc 5d Qc] [Td]
Mahu2021: checks 
yukronicbluff: bets 120
Mahu2021: calls 120
*** RIVER *** [Kc 5d Qc Td] [3s]
Mahu2021: checks 
yukronicbluff: bets 380 and is all-in
Mahu2021: folds 
Uncalled bet (380) returned to yukronicbluff
yukronicbluff collected 400 from pot
*** SUMMARY ***
Total pot 400 | Rake 0 
Board [Kc 5d Qc Td 3s]
Seat 1: yukronicbluff (big blind) collected (400)
Seat 2: Cooper446 (button) folded before Flop (didn't bet)
Seat 3: Mahu2021 (small blind) folded on the River



PokerStars Hand #245050038051: Tournament #3623117914, $0.92+$0.08 USD Hold'em No Limit - Level I (10/20) - 2023/07/27 18:23:55 CET [2023/07/27 12:23:55 ET]
Table '3623117914 1' 3-max Seat #3 is the button
Seat 1: yukronicbluff (780 in chips) 
Seat 2: Cooper446 (460 in chips) 
Seat 3: Mahu2021 (260 in chips) 
yukronicbluff: posts small blind 10
Cooper446: posts big blind 20
*** HOLE CARDS ***
Dealt to Mahu2021 [Kc 9h]
Mahu2021: raises 20 to 40
yukronicbluff: calls 30
Cooper446: folds 
*** FLOP *** [6s 4s Ks]
yukronicbluff: checks 
Mahu2021: bets 100
yukronicbluff: folds 
Uncalled bet (100) returned to Mahu2021
Mahu2021 collected 100 from pot
Mahu2021: doesn't show hand 
*** SUMMARY ***
Total pot 100 | Rake 0 
Board [6s 4s Ks]
Seat 1: yukronicbluff (small blind) folded on the Flop
Seat 2: Cooper446 (big blind) folded before Flop
Seat 3: Mahu2021 (button) collected (100)



PokerStars Hand #245050042576: Tournament #3623117914, $0.92+$0.08 USD Hold'em No Limit - Level I (10/20) - 2023/07/27 18:24:12 CET [2023/07/27 12:24:12 ET]
Table '3623117914 1' 3-max Seat #1 is the button
Seat 1: yukronicbluff (740 in chips) 
Seat 2: Cooper446 (440 in chips) 
Seat 3: Mahu2021 (320 in chips) 
Cooper446: posts small blind 10
Mahu2021: posts big blind 20
*** HOLE CARDS ***
Dealt to Mahu2021 [8c 2d]
yukronicbluff: raises 20 to 40
Cooper446: calls 30
Mahu2021: folds 
*** FLOP *** [6h Jd Jc]
Cooper446: bets 20
yukronicbluff: calls 20
*** TURN *** [6h Jd Jc] [3h]
Cooper446: bets 20
yukronicbluff: raises 80 to 100
Cooper446: calls 80
*** RIVER *** [6h Jd Jc 3h] [4d]
Cooper446: checks 
yukronicbluff: checks 
*** SHOW DOWN ***
Cooper446: shows [Qd 6c] (two pair, Jacks and Sixes)
yukronicbluff: mucks hand 
Cooper446 collected 340 from pot
*** SUMMARY ***
Total pot 340 | Rake 0 
Board [6h Jd Jc 3h 4d]
Seat 1: yukronicbluff (button) mucked [Qs Ah]
Seat 2: Cooper446 (small blind) showed [Qd 6c] and won (340) with two pair, Jacks and Sixes
Seat 3: Mahu2021 (big blind) folded before Flop



PokerStars Hand #245050050255: Tournament #3623117914, $0.92+$0.08 USD Hold'em No Limit - Level I (10/20) - 2023/07/27 18:24:40 CET [2023/07/27 12:24:40 ET]
Table '3623117914 1' 3-max Seat #2 is the button
Seat 1: yukronicbluff (580 in chips) 
Seat 2: Cooper446 (620 in chips) 
Seat 3: Mahu2021 (300 in chips) 
Mahu2021: posts small blind 10
yukronicbluff: posts big blind 20
*** HOLE CARDS ***
Dealt to Mahu2021 [Qd 9c]
Cooper446: folds 
Mahu2021: calls 10
yukronicbluff: raises 40 to 60
Mahu2021: calls 40
*** FLOP *** [6s Kh 4s]
Mahu2021: checks 
yukronicbluff: checks 
*** TURN *** [6s Kh 4s] [Jh]
Mahu2021: bets 240 and is all-in
yukronicbluff: calls 240
*** RIVER *** [6s Kh 4s Jh] [7d]
*** SHOW DOWN ***
Mahu2021: shows [Qd 9c] (high card King)
yukronicbluff: shows [7c Ah] (a pair of Sevens)
yukronicbluff collected 600 from pot
Mahu2021 finished the tournament in 3rd place
*** SUMMARY ***
Total pot 600 | Rake 0 
Board [6s Kh 4s Jh 7d]
Seat 1: yukronicbluff (big blind) showed [7c Ah] and won (600) with a pair of Sevens
Seat 2: Cooper446 (button) folded before Flop (didn't bet)
Seat 3: Mahu2021 (small blind) showed [Qd 9c] and lost with high card King



