PokerStars Hand #252736476292: Tournament #3807451300, $1.84+$0.16 USD Hold'em No Limit - Level I (10/20) - 2024/10/02 17:35:22 CET [2024/10/02 11:35:22 ET]
Table '3807451300 1' 3-max Seat #1 is the button
Seat 1: Swed58 (500 in chips) 
Seat 2: Mahu2021 (500 in chips) 
Seat 3: o_siro (500 in chips) 
Mahu2021: posts small blind 10
o_siro: posts big blind 20
*** HOLE CARDS ***
Dealt to Mahu2021 [Th Jd]
Swed58: calls 20
Mahu2021: calls 10
o_siro: checks 
*** FLOP *** [Ad 8h 7h]
Mahu2021: checks 
o_siro: checks 
Swed58: bets 60
Mahu2021: calls 60
o_siro: calls 60
*** TURN *** [Ad 8h 7h] [Tc]
Mahu2021: checks 
o_siro: checks 
Swed58: checks 
*** RIVER *** [Ad 8h 7h Tc] [6h]
Mahu2021: checks 
o_siro: checks 
Swed58: checks 
*** SHOW DOWN ***
Mahu2021: shows [Th Jd] (a pair of Tens)
o_siro: mucks hand 
Swed58: mucks hand 
Mahu2021 collected 240 from pot
*** SUMMARY ***
Total pot 240 | Rake 0 
Board [Ad 8h 7h Tc 6h]
Seat 1: Swed58 (button) mucked [5s 7s]
Seat 2: Mahu2021 (small blind) showed [Th Jd] and won (240) with a pair of Tens
Seat 3: o_siro (big blind) mucked [Kh 8c]



PokerStars Hand #252736486742: Tournament #3807451300, $1.84+$0.16 USD Hold'em No Limit - Level I (10/20) - 2024/10/02 17:36:10 CET [2024/10/02 11:36:10 ET]
Table '3807451300 1' 3-max Seat #2 is the button
Seat 1: Swed58 (420 in chips) 
Seat 2: Mahu2021 (660 in chips) 
Seat 3: o_siro (420 in chips) 
o_siro: posts small blind 10
Swed58: posts big blind 20
*** HOLE CARDS ***
Dealt to Mahu2021 [Jd 2c]
Mahu2021: folds 
o_siro: raises 30 to 50
Swed58: calls 30
*** FLOP *** [2h 3s Ks]
o_siro: checks 
Swed58: checks 
*** TURN *** [2h 3s Ks] [5c]
o_siro: bets 60
Swed58: calls 60
*** RIVER *** [2h 3s Ks 5c] [Kc]
o_siro: bets 147
Swed58: folds 
Uncalled bet (147) returned to o_siro
o_siro collected 220 from pot
o_siro: doesn't show hand 
*** SUMMARY ***
Total pot 220 | Rake 0 
Board [2h 3s Ks 5c Kc]
Seat 1: Swed58 (big blind) folded on the River
Seat 2: Mahu2021 (button) folded before Flop (didn't bet)
Seat 3: o_siro (small blind) collected (220)



PokerStars Hand #252736493722: Tournament #3807451300, $1.84+$0.16 USD Hold'em No Limit - Level I (10/20) - 2024/10/02 17:36:43 CET [2024/10/02 11:36:43 ET]
Table '3807451300 1' 3-max Seat #3 is the button
Seat 1: Swed58 (310 in chips) 
Seat 2: Mahu2021 (660 in chips) 
Seat 3: o_siro (530 in chips) 
Swed58: posts small blind 10
Mahu2021: posts big blind 20
*** HOLE CARDS ***
Dealt to Mahu2021 [3s 7d]
o_siro: raises 20 to 40
Swed58: calls 30
Mahu2021: folds 
*** FLOP *** [Tc Ks 9c]
Swed58: checks 
o_siro: bets 51
Swed58: calls 51
*** TURN *** [Tc Ks 9c] [6d]
Swed58: checks 
o_siro: checks 
*** RIVER *** [Tc Ks 9c 6d] [Qh]
Swed58: checks 
o_siro: checks 
*** SHOW DOWN ***
Swed58: shows [Kc 3c] (a pair of Kings)
o_siro: mucks hand 
Swed58 collected 202 from pot
*** SUMMARY ***
Total pot 202 | Rake 0 
Board [Tc Ks 9c 6d Qh]
Seat 1: Swed58 (small blind) showed [Kc 3c] and won (202) with a pair of Kings
Seat 2: Mahu2021 (big blind) folded before Flop
Seat 3: o_siro (button) mucked [7c 7s]



PokerStars Hand #252736501916: Tournament #3807451300, $1.84+$0.16 USD Hold'em No Limit - Level I (10/20) - 2024/10/02 17:37:20 CET [2024/10/02 11:37:20 ET]
Table '3807451300 1' 3-max Seat #1 is the button
Seat 1: Swed58 (421 in chips) 
Seat 2: Mahu2021 (640 in chips) 
Seat 3: o_siro (439 in chips) 
Mahu2021: posts small blind 10
o_siro: posts big blind 20
*** HOLE CARDS ***
Dealt to Mahu2021 [Kh Qs]
Swed58: calls 20
Mahu2021: calls 10
o_siro: raises 419 to 439 and is all-in
Swed58: folds 
Mahu2021: folds 
Uncalled bet (419) returned to o_siro
o_siro collected 60 from pot
o_siro: doesn't show hand 
*** SUMMARY ***
Total pot 60 | Rake 0 
Seat 1: Swed58 (button) folded before Flop
Seat 2: Mahu2021 (small blind) folded before Flop
Seat 3: o_siro (big blind) collected (60)



PokerStars Hand #252736504285: Tournament #3807451300, $1.84+$0.16 USD Hold'em No Limit - Level I (10/20) - 2024/10/02 17:37:31 CET [2024/10/02 11:37:31 ET]
Table '3807451300 1' 3-max Seat #2 is the button
Seat 1: Swed58 (401 in chips) 
Seat 2: Mahu2021 (620 in chips) 
Seat 3: o_siro (479 in chips) 
o_siro: posts small blind 10
Swed58: posts big blind 20
*** HOLE CARDS ***
Dealt to Mahu2021 [Ts Qs]
Mahu2021: raises 20 to 40
o_siro: folds 
Swed58: calls 20
*** FLOP *** [Td 7c 3c]
Swed58: checks 
Mahu2021: bets 40
Swed58: calls 40
*** TURN *** [Td 7c 3c] [8s]
Swed58: checks 
Mahu2021: bets 40
Swed58: folds 
Uncalled bet (40) returned to Mahu2021
Mahu2021 collected 170 from pot
Mahu2021: doesn't show hand 
*** SUMMARY ***
Total pot 170 | Rake 0 
Board [Td 7c 3c 8s]
Seat 1: Swed58 (big blind) folded on the Turn
Seat 2: Mahu2021 (button) collected (170)
Seat 3: o_siro (small blind) folded before Flop



PokerStars Hand #252736510519: Tournament #3807451300, $1.84+$0.16 USD Hold'em No Limit - Level I (10/20) - 2024/10/02 17:38:01 CET [2024/10/02 11:38:01 ET]
Table '3807451300 1' 3-max Seat #3 is the button
Seat 1: Swed58 (321 in chips) 
Seat 2: Mahu2021 (710 in chips) 
Seat 3: o_siro (469 in chips) 
Swed58: posts small blind 10
Mahu2021: posts big blind 20
*** HOLE CARDS ***
Dealt to Mahu2021 [Kc Jd]
o_siro: raises 20 to 40
Swed58: calls 30
Mahu2021: calls 20
*** FLOP *** [Ah Ac 7h]
Swed58: checks 
Mahu2021: checks 
o_siro: bets 40
Swed58: calls 40
Mahu2021: folds 
*** TURN *** [Ah Ac 7h] [5h]
Swed58: bets 241 and is all-in
o_siro: folds 
Uncalled bet (241) returned to Swed58
Swed58 collected 200 from pot
Swed58: doesn't show hand 
*** SUMMARY ***
Total pot 200 | Rake 0 
Board [Ah Ac 7h 5h]
Seat 1: Swed58 (small blind) collected (200)
Seat 2: Mahu2021 (big blind) folded on the Flop
Seat 3: o_siro (button) folded on the Turn



PokerStars Hand #252736517303: Tournament #3807451300, $1.84+$0.16 USD Hold'em No Limit - Level II (15/30) - 2024/10/02 17:38:32 CET [2024/10/02 11:38:32 ET]
Table '3807451300 1' 3-max Seat #1 is the button
Seat 1: Swed58 (441 in chips) 
Seat 2: Mahu2021 (670 in chips) 
Seat 3: o_siro (389 in chips) 
Mahu2021: posts small blind 15
o_siro: posts big blind 30
*** HOLE CARDS ***
Dealt to Mahu2021 [As 4d]
Swed58: calls 30
Mahu2021: calls 15
o_siro: checks 
*** FLOP *** [Ah 6d 3h]
Mahu2021: checks 
o_siro: checks 
Swed58: bets 30
Mahu2021: calls 30
o_siro: calls 30
*** TURN *** [Ah 6d 3h] [6h]
Mahu2021: checks 
o_siro: bets 92
Swed58: calls 92
Mahu2021: folds 
*** RIVER *** [Ah 6d 3h 6h] [Td]
o_siro: bets 237 and is all-in
Swed58: calls 237
*** SHOW DOWN ***
o_siro: shows [Th 5h] (a flush, Ace high)
Swed58: shows [2h Qh] (a flush, Ace high - Queen higher)
Swed58 collected 838 from pot
o_siro finished the tournament in 3rd place
*** SUMMARY ***
Total pot 838 | Rake 0 
Board [Ah 6d 3h 6h Td]
Seat 1: Swed58 (button) showed [2h Qh] and won (838) with a flush, Ace high
Seat 2: Mahu2021 (small blind) folded on the Turn
Seat 3: o_siro (big blind) showed [Th 5h] and lost with a flush, Ace high



PokerStars Hand #252736528686: Tournament #3807451300, $1.84+$0.16 USD Hold'em No Limit - Level II (15/30) - 2024/10/02 17:39:25 CET [2024/10/02 11:39:25 ET]
Table '3807451300 1' 3-max Seat #2 is the button
Seat 1: Swed58 (890 in chips) 
Seat 2: Mahu2021 (610 in chips) 
Mahu2021: posts small blind 15
Swed58: posts big blind 30
*** HOLE CARDS ***
Dealt to Mahu2021 [6c Kh]
Mahu2021: calls 15
Swed58: checks 
*** FLOP *** [7c 6s 8s]
Swed58: checks 
Mahu2021: bets 30
Swed58: calls 30
*** TURN *** [7c 6s 8s] [Kd]
Swed58: checks 
Mahu2021: bets 60
Swed58: folds 
Uncalled bet (60) returned to Mahu2021
Mahu2021 collected 120 from pot
Mahu2021: doesn't show hand 
*** SUMMARY ***
Total pot 120 | Rake 0 
Board [7c 6s 8s Kd]
Seat 1: Swed58 (big blind) folded on the Turn
Seat 2: Mahu2021 (button) (small blind) collected (120)



PokerStars Hand #252736531871: Tournament #3807451300, $1.84+$0.16 USD Hold'em No Limit - Level II (15/30) - 2024/10/02 17:39:40 CET [2024/10/02 11:39:40 ET]
Table '3807451300 1' 3-max Seat #1 is the button
Seat 1: Swed58 (830 in chips) 
Seat 2: Mahu2021 (670 in chips) 
Swed58: posts small blind 15
Mahu2021: posts big blind 30
*** HOLE CARDS ***
Dealt to Mahu2021 [3c Jd]
Swed58: calls 15
Mahu2021: checks 
*** FLOP *** [4h Kc 2h]
Mahu2021: checks 
Swed58: bets 60
Mahu2021: folds 
Uncalled bet (60) returned to Swed58
Swed58 collected 60 from pot
Swed58: doesn't show hand 
*** SUMMARY ***
Total pot 60 | Rake 0 
Board [4h Kc 2h]
Seat 1: Swed58 (button) (small blind) collected (60)
Seat 2: Mahu2021 (big blind) folded on the Flop



PokerStars Hand #252736534426: Tournament #3807451300, $1.84+$0.16 USD Hold'em No Limit - Level II (15/30) - 2024/10/02 17:39:52 CET [2024/10/02 11:39:52 ET]
Table '3807451300 1' 3-max Seat #2 is the button
Seat 1: Swed58 (860 in chips) 
Seat 2: Mahu2021 (640 in chips) 
Mahu2021: posts small blind 15
Swed58: posts big blind 30
*** HOLE CARDS ***
Dealt to Mahu2021 [6s 3h]
Mahu2021: calls 15
Swed58: checks 
*** FLOP *** [6d Kc 5s]
Swed58: checks 
Mahu2021: bets 30
Swed58: folds 
Uncalled bet (30) returned to Mahu2021
Mahu2021 collected 60 from pot
Mahu2021: doesn't show hand 
*** SUMMARY ***
Total pot 60 | Rake 0 
Board [6d Kc 5s]
Seat 1: Swed58 (big blind) folded on the Flop
Seat 2: Mahu2021 (button) (small blind) collected (60)



PokerStars Hand #252736536582: Tournament #3807451300, $1.84+$0.16 USD Hold'em No Limit - Level II (15/30) - 2024/10/02 17:40:02 CET [2024/10/02 11:40:02 ET]
Table '3807451300 1' 3-max Seat #1 is the button
Seat 1: Swed58 (830 in chips) 
Seat 2: Mahu2021 (670 in chips) 
Swed58: posts small blind 15
Mahu2021: posts big blind 30
*** HOLE CARDS ***
Dealt to Mahu2021 [Td 5h]
Swed58: raises 30 to 60
Mahu2021: folds 
Uncalled bet (30) returned to Swed58
Swed58 collected 60 from pot
Swed58: doesn't show hand 
*** SUMMARY ***
Total pot 60 | Rake 0 
Seat 1: Swed58 (button) (small blind) collected (60)
Seat 2: Mahu2021 (big blind) folded before Flop



PokerStars Hand #252736538390: Tournament #3807451300, $1.84+$0.16 USD Hold'em No Limit - Level II (15/30) - 2024/10/02 17:40:11 CET [2024/10/02 11:40:11 ET]
Table '3807451300 1' 3-max Seat #2 is the button
Seat 1: Swed58 (860 in chips) 
Seat 2: Mahu2021 (640 in chips) 
Mahu2021: posts small blind 15
Swed58: posts big blind 30
*** HOLE CARDS ***
Dealt to Mahu2021 [5d 5s]
Mahu2021: raises 30 to 60
Swed58: calls 30
*** FLOP *** [2h Th 5c]
Swed58: bets 120
Mahu2021: calls 120
*** TURN *** [2h Th 5c] [Ad]
Swed58: bets 30
Mahu2021: raises 120 to 150
Swed58: calls 120
*** RIVER *** [2h Th 5c Ad] [Ts]
Swed58: bets 150
Mahu2021: raises 160 to 310 and is all-in
Swed58: calls 160
*** SHOW DOWN ***
Mahu2021: shows [5d 5s] (a full house, Fives full of Tens)
Swed58: shows [Qc Tc] (three of a kind, Tens)
Mahu2021 collected 1280 from pot
*** SUMMARY ***
Total pot 1280 | Rake 0 
Board [2h Th 5c Ad Ts]
Seat 1: Swed58 (big blind) showed [Qc Tc] and lost with three of a kind, Tens
Seat 2: Mahu2021 (button) (small blind) showed [5d 5s] and won (1280) with a full house, Fives full of Tens



PokerStars Hand #252736546201: Tournament #3807451300, $1.84+$0.16 USD Hold'em No Limit - Level II (15/30) - 2024/10/02 17:40:47 CET [2024/10/02 11:40:47 ET]
Table '3807451300 1' 3-max Seat #1 is the button
Seat 1: Swed58 (220 in chips) 
Seat 2: Mahu2021 (1280 in chips) 
Swed58: posts small blind 15
Mahu2021: posts big blind 30
*** HOLE CARDS ***
Dealt to Mahu2021 [9c Jh]
Swed58: calls 15
Mahu2021: checks 
*** FLOP *** [5c 4s Jd]
Mahu2021: bets 30
Swed58: folds 
Uncalled bet (30) returned to Mahu2021
Mahu2021 collected 60 from pot
Mahu2021: doesn't show hand 
*** SUMMARY ***
Total pot 60 | Rake 0 
Board [5c 4s Jd]
Seat 1: Swed58 (button) (small blind) folded on the Flop
Seat 2: Mahu2021 (big blind) collected (60)



PokerStars Hand #252736549161: Tournament #3807451300, $1.84+$0.16 USD Hold'em No Limit - Level II (15/30) - 2024/10/02 17:41:01 CET [2024/10/02 11:41:01 ET]
Table '3807451300 1' 3-max Seat #2 is the button
Seat 1: Swed58 (190 in chips) 
Seat 2: Mahu2021 (1310 in chips) 
Mahu2021: posts small blind 15
Swed58: posts big blind 30
*** HOLE CARDS ***
Dealt to Mahu2021 [8s Qc]
Mahu2021: raises 30 to 60
Swed58: calls 30
*** FLOP *** [4c Ac 8d]
Swed58: bets 30
Mahu2021: raises 1220 to 1250 and is all-in
Swed58: calls 100 and is all-in
Uncalled bet (1120) returned to Mahu2021
*** TURN *** [4c Ac 8d] [7c]
*** RIVER *** [4c Ac 8d 7c] [7s]
*** SHOW DOWN ***
Swed58: shows [6c 4s] (two pair, Sevens and Fours)
Mahu2021: shows [8s Qc] (two pair, Eights and Sevens)
Mahu2021 collected 380 from pot
Swed58 finished the tournament in 2nd place
Mahu2021 wins the tournament and receives $6.00 - congratulations!
*** SUMMARY ***
Total pot 380 | Rake 0 
Board [4c Ac 8d 7c 7s]
Seat 1: Swed58 (big blind) showed [6c 4s] and lost with two pair, Sevens and Fours
Seat 2: Mahu2021 (button) (small blind) showed [8s Qc] and won (380) with two pair, Eights and Sevens



