PokerStars Hand #255381394923: Tournament #3871100309, $4.60+$0.40 USD Hold'em No Limit - Level I (10/20) - 2025/03/21 9:07:27 CET [2025/03/21 4:07:27 ET]
Table '3871100309 1' 3-max Seat #1 is the button
Seat 1: Gugustiucul (500 in chips) 
Seat 2: Mahu2021 (500 in chips) 
Seat 3: megamaximka (500 in chips) 
Mahu2021: posts small blind 10
megamaximka: posts big blind 20
*** HOLE CARDS ***
Dealt to Mahu2021 [9c 2c]
Gugustiucul: raises 20 to 40
Mahu2021: folds 
megamaximka: calls 20
*** FLOP *** [Qc Qh Ks]
megamaximka: checks 
Gugustiucul: bets 40
megamaximka: calls 40
*** TURN *** [Qc Qh Ks] [3s]
megamaximka: checks 
Gugustiucul: checks 
*** RIVER *** [Qc Qh Ks 3s] [4h]
megamaximka: bets 50
Gugustiucul: calls 50
*** SHOW DOWN ***
megamaximka: shows [Tc Jh] (a pair of Queens)
Gugustiucul: shows [6c As] (a pair of Queens - Ace kicker)
Gugustiucul collected 270 from pot
*** SUMMARY ***
Total pot 270 | Rake 0 
Board [Qc Qh Ks 3s 4h]
Seat 1: Gugustiucul (button) showed [6c As] and won (270) with a pair of Queens
Seat 2: Mahu2021 (small blind) folded before Flop
Seat 3: megamaximka (big blind) showed [Tc Jh] and lost with a pair of Queens



PokerStars Hand #255381397746: Tournament #3871100309, $4.60+$0.40 USD Hold'em No Limit - Level I (10/20) - 2025/03/21 9:08:08 CET [2025/03/21 4:08:08 ET]
Table '3871100309 1' 3-max Seat #2 is the button
Seat 1: Gugustiucul (640 in chips) 
Seat 2: Mahu2021 (490 in chips) 
Seat 3: megamaximka (370 in chips) 
megamaximka: posts small blind 10
Gugustiucul: posts big blind 20
*** HOLE CARDS ***
Dealt to Mahu2021 [2h 6d]
Mahu2021: folds 
megamaximka: folds 
Uncalled bet (10) returned to Gugustiucul
Gugustiucul collected 20 from pot
Gugustiucul: doesn't show hand 
*** SUMMARY ***
Total pot 20 | Rake 0 
Seat 1: Gugustiucul (big blind) collected (20)
Seat 2: Mahu2021 (button) folded before Flop (didn't bet)
Seat 3: megamaximka (small blind) folded before Flop



PokerStars Hand #255381398504: Tournament #3871100309, $4.60+$0.40 USD Hold'em No Limit - Level I (10/20) - 2025/03/21 9:08:19 CET [2025/03/21 4:08:19 ET]
Table '3871100309 1' 3-max Seat #3 is the button
Seat 1: Gugustiucul (650 in chips) 
Seat 2: Mahu2021 (490 in chips) 
Seat 3: megamaximka (360 in chips) 
Gugustiucul: posts small blind 10
Mahu2021: posts big blind 20
*** HOLE CARDS ***
Dealt to Mahu2021 [2d 6s]
megamaximka: folds 
Gugustiucul: raises 30 to 50
Mahu2021: folds 
Uncalled bet (30) returned to Gugustiucul
Gugustiucul collected 40 from pot
Gugustiucul: doesn't show hand 
*** SUMMARY ***
Total pot 40 | Rake 0 
Seat 1: Gugustiucul (small blind) collected (40)
Seat 2: Mahu2021 (big blind) folded before Flop
Seat 3: megamaximka (button) folded before Flop (didn't bet)



PokerStars Hand #255381399228: Tournament #3871100309, $4.60+$0.40 USD Hold'em No Limit - Level I (10/20) - 2025/03/21 9:08:29 CET [2025/03/21 4:08:29 ET]
Table '3871100309 1' 3-max Seat #1 is the button
Seat 1: Gugustiucul (670 in chips) 
Seat 2: Mahu2021 (470 in chips) 
Seat 3: megamaximka (360 in chips) 
Mahu2021: posts small blind 10
megamaximka: posts big blind 20
*** HOLE CARDS ***
Dealt to Mahu2021 [Js Qd]
Gugustiucul: raises 20 to 40
Mahu2021: calls 30
megamaximka: folds 
*** FLOP *** [As 4c 2d]
Mahu2021: checks 
Gugustiucul: bets 34
Mahu2021: folds 
Uncalled bet (34) returned to Gugustiucul
Gugustiucul collected 100 from pot
Gugustiucul: doesn't show hand 
*** SUMMARY ***
Total pot 100 | Rake 0 
Board [As 4c 2d]
Seat 1: Gugustiucul (button) collected (100)
Seat 2: Mahu2021 (small blind) folded on the Flop
Seat 3: megamaximka (big blind) folded before Flop



PokerStars Hand #255381400171: Tournament #3871100309, $4.60+$0.40 USD Hold'em No Limit - Level I (10/20) - 2025/03/21 9:08:42 CET [2025/03/21 4:08:42 ET]
Table '3871100309 1' 3-max Seat #2 is the button
Seat 1: Gugustiucul (730 in chips) 
Seat 2: Mahu2021 (430 in chips) 
Seat 3: megamaximka (340 in chips) 
megamaximka: posts small blind 10
Gugustiucul: posts big blind 20
*** HOLE CARDS ***
Dealt to Mahu2021 [8d 2h]
Mahu2021: folds 
megamaximka: folds 
Uncalled bet (10) returned to Gugustiucul
Gugustiucul collected 20 from pot
Gugustiucul: doesn't show hand 
*** SUMMARY ***
Total pot 20 | Rake 0 
Seat 1: Gugustiucul (big blind) collected (20)
Seat 2: Mahu2021 (button) folded before Flop (didn't bet)
Seat 3: megamaximka (small blind) folded before Flop



PokerStars Hand #255381400649: Tournament #3871100309, $4.60+$0.40 USD Hold'em No Limit - Level I (10/20) - 2025/03/21 9:08:48 CET [2025/03/21 4:08:48 ET]
Table '3871100309 1' 3-max Seat #3 is the button
Seat 1: Gugustiucul (740 in chips) 
Seat 2: Mahu2021 (430 in chips) 
Seat 3: megamaximka (330 in chips) 
Gugustiucul: posts small blind 10
Mahu2021: posts big blind 20
*** HOLE CARDS ***
Dealt to Mahu2021 [3d Kc]
megamaximka: folds 
Gugustiucul: raises 30 to 50
Mahu2021: folds 
Uncalled bet (30) returned to Gugustiucul
Gugustiucul collected 40 from pot
Gugustiucul: doesn't show hand 
*** SUMMARY ***
Total pot 40 | Rake 0 
Seat 1: Gugustiucul (small blind) collected (40)
Seat 2: Mahu2021 (big blind) folded before Flop
Seat 3: megamaximka (button) folded before Flop (didn't bet)



PokerStars Hand #255381401388: Tournament #3871100309, $4.60+$0.40 USD Hold'em No Limit - Level I (10/20) - 2025/03/21 9:08:59 CET [2025/03/21 4:08:59 ET]
Table '3871100309 1' 3-max Seat #1 is the button
Seat 1: Gugustiucul (760 in chips) 
Seat 2: Mahu2021 (410 in chips) 
Seat 3: megamaximka (330 in chips) 
Mahu2021: posts small blind 10
megamaximka: posts big blind 20
*** HOLE CARDS ***
Dealt to Mahu2021 [Qs Qc]
Gugustiucul: raises 20 to 40
Mahu2021: raises 120 to 160
megamaximka: folds 
Gugustiucul: folds 
Uncalled bet (120) returned to Mahu2021
Mahu2021 collected 100 from pot
Mahu2021: doesn't show hand 
*** SUMMARY ***
Total pot 100 | Rake 0 
Seat 1: Gugustiucul (button) folded before Flop
Seat 2: Mahu2021 (small blind) collected (100)
Seat 3: megamaximka (big blind) folded before Flop



PokerStars Hand #255381402472: Tournament #3871100309, $4.60+$0.40 USD Hold'em No Limit - Level I (10/20) - 2025/03/21 9:09:14 CET [2025/03/21 4:09:14 ET]
Table '3871100309 1' 3-max Seat #2 is the button
Seat 1: Gugustiucul (720 in chips) 
Seat 2: Mahu2021 (470 in chips) 
Seat 3: megamaximka (310 in chips) 
megamaximka: posts small blind 10
Gugustiucul: posts big blind 20
*** HOLE CARDS ***
Dealt to Mahu2021 [8c Qd]
Mahu2021: folds 
megamaximka: raises 30 to 50
Gugustiucul: calls 30
*** FLOP *** [Jd 4d 7s]
megamaximka: checks 
Gugustiucul: checks 
*** TURN *** [Jd 4d 7s] [7h]
megamaximka: bets 50
Gugustiucul: folds 
Uncalled bet (50) returned to megamaximka
megamaximka collected 100 from pot
megamaximka: doesn't show hand 
*** SUMMARY ***
Total pot 100 | Rake 0 
Board [Jd 4d 7s 7h]
Seat 1: Gugustiucul (big blind) folded on the Turn
Seat 2: Mahu2021 (button) folded before Flop (didn't bet)
Seat 3: megamaximka (small blind) collected (100)



PokerStars Hand #255381404089: Tournament #3871100309, $4.60+$0.40 USD Hold'em No Limit - Level I (10/20) - 2025/03/21 9:09:37 CET [2025/03/21 4:09:37 ET]
Table '3871100309 1' 3-max Seat #3 is the button
Seat 1: Gugustiucul (670 in chips) 
Seat 2: Mahu2021 (470 in chips) 
Seat 3: megamaximka (360 in chips) 
Gugustiucul: posts small blind 10
Mahu2021: posts big blind 20
*** HOLE CARDS ***
Dealt to Mahu2021 [Kh 6h]
megamaximka: folds 
Gugustiucul: calls 10
Mahu2021: checks 
*** FLOP *** [2d 3c 6d]
Gugustiucul: bets 20
Mahu2021: raises 60 to 80
Gugustiucul: folds 
Uncalled bet (60) returned to Mahu2021
Mahu2021 collected 80 from pot
Mahu2021: doesn't show hand 
*** SUMMARY ***
Total pot 80 | Rake 0 
Board [2d 3c 6d]
Seat 1: Gugustiucul (small blind) folded on the Flop
Seat 2: Mahu2021 (big blind) collected (80)
Seat 3: megamaximka (button) folded before Flop (didn't bet)



PokerStars Hand #255381406458: Tournament #3871100309, $4.60+$0.40 USD Hold'em No Limit - Level I (10/20) - 2025/03/21 9:10:11 CET [2025/03/21 4:10:11 ET]
Table '3871100309 1' 3-max Seat #1 is the button
Seat 1: Gugustiucul (630 in chips) 
Seat 2: Mahu2021 (510 in chips) 
Seat 3: megamaximka (360 in chips) 
Mahu2021: posts small blind 10
megamaximka: posts big blind 20
*** HOLE CARDS ***
Dealt to Mahu2021 [4d 9d]
Gugustiucul: folds 
Mahu2021: folds 
Uncalled bet (10) returned to megamaximka
megamaximka collected 20 from pot
megamaximka: doesn't show hand 
*** SUMMARY ***
Total pot 20 | Rake 0 
Seat 1: Gugustiucul (button) folded before Flop (didn't bet)
Seat 2: Mahu2021 (small blind) folded before Flop
Seat 3: megamaximka (big blind) collected (20)



PokerStars Hand #255381406877: Tournament #3871100309, $4.60+$0.40 USD Hold'em No Limit - Level I (10/20) - 2025/03/21 9:10:16 CET [2025/03/21 4:10:16 ET]
Table '3871100309 1' 3-max Seat #2 is the button
Seat 1: Gugustiucul (630 in chips) 
Seat 2: Mahu2021 (500 in chips) 
Seat 3: megamaximka (370 in chips) 
megamaximka: posts small blind 10
Gugustiucul: posts big blind 20
*** HOLE CARDS ***
Dealt to Mahu2021 [7c 2d]
Mahu2021: folds 
megamaximka: raises 30 to 50
Gugustiucul: folds 
Uncalled bet (30) returned to megamaximka
megamaximka collected 40 from pot
megamaximka: doesn't show hand 
*** SUMMARY ***
Total pot 40 | Rake 0 
Seat 1: Gugustiucul (big blind) folded before Flop
Seat 2: Mahu2021 (button) folded before Flop (didn't bet)
Seat 3: megamaximka (small blind) collected (40)



PokerStars Hand #255381407923: Tournament #3871100309, $4.60+$0.40 USD Hold'em No Limit - Level II (15/30) - 2025/03/21 9:10:31 CET [2025/03/21 4:10:31 ET]
Table '3871100309 1' 3-max Seat #3 is the button
Seat 1: Gugustiucul (610 in chips) 
Seat 2: Mahu2021 (500 in chips) 
Seat 3: megamaximka (390 in chips) 
Gugustiucul: posts small blind 15
Mahu2021: posts big blind 30
*** HOLE CARDS ***
Dealt to Mahu2021 [Ad Jh]
megamaximka: folds 
Gugustiucul: folds 
Uncalled bet (15) returned to Mahu2021
Mahu2021 collected 30 from pot
Mahu2021: doesn't show hand 
*** SUMMARY ***
Total pot 30 | Rake 0 
Seat 1: Gugustiucul (small blind) folded before Flop
Seat 2: Mahu2021 (big blind) collected (30)
Seat 3: megamaximka (button) folded before Flop (didn't bet)



PokerStars Hand #255381408709: Tournament #3871100309, $4.60+$0.40 USD Hold'em No Limit - Level II (15/30) - 2025/03/21 9:10:43 CET [2025/03/21 4:10:43 ET]
Table '3871100309 1' 3-max Seat #1 is the button
Seat 1: Gugustiucul (595 in chips) 
Seat 2: Mahu2021 (515 in chips) 
Seat 3: megamaximka (390 in chips) 
Mahu2021: posts small blind 15
megamaximka: posts big blind 30
*** HOLE CARDS ***
Dealt to Mahu2021 [8c 3h]
Gugustiucul: raises 30 to 60
Mahu2021: folds 
megamaximka: folds 
Uncalled bet (30) returned to Gugustiucul
Gugustiucul collected 75 from pot
Gugustiucul: doesn't show hand 
*** SUMMARY ***
Total pot 75 | Rake 0 
Seat 1: Gugustiucul (button) collected (75)
Seat 2: Mahu2021 (small blind) folded before Flop
Seat 3: megamaximka (big blind) folded before Flop



PokerStars Hand #255381409508: Tournament #3871100309, $4.60+$0.40 USD Hold'em No Limit - Level II (15/30) - 2025/03/21 9:10:54 CET [2025/03/21 4:10:54 ET]
Table '3871100309 1' 3-max Seat #2 is the button
Seat 1: Gugustiucul (640 in chips) 
Seat 2: Mahu2021 (500 in chips) 
Seat 3: megamaximka (360 in chips) 
megamaximka: posts small blind 15
Gugustiucul: posts big blind 30
*** HOLE CARDS ***
Dealt to Mahu2021 [Ad 5h]
Mahu2021: raises 30 to 60
megamaximka: folds 
Gugustiucul: raises 120 to 180
Mahu2021: calls 120
*** FLOP *** [6d Ts Kd]
Gugustiucul: bets 90
Mahu2021: calls 90
*** TURN *** [6d Ts Kd] [Js]
Gugustiucul: bets 370 and is all-in
Mahu2021: folds 
Uncalled bet (370) returned to Gugustiucul
Gugustiucul collected 555 from pot
Gugustiucul: doesn't show hand 
*** SUMMARY ***
Total pot 555 | Rake 0 
Board [6d Ts Kd Js]
Seat 1: Gugustiucul (big blind) collected (555)
Seat 2: Mahu2021 (button) folded on the Turn
Seat 3: megamaximka (small blind) folded before Flop



PokerStars Hand #255381411501: Tournament #3871100309, $4.60+$0.40 USD Hold'em No Limit - Level II (15/30) - 2025/03/21 9:11:22 CET [2025/03/21 4:11:22 ET]
Table '3871100309 1' 3-max Seat #3 is the button
Seat 1: Gugustiucul (925 in chips) 
Seat 2: Mahu2021 (230 in chips) 
Seat 3: megamaximka (345 in chips) 
Gugustiucul: posts small blind 15
Mahu2021: posts big blind 30
*** HOLE CARDS ***
Dealt to Mahu2021 [6c Tc]
megamaximka: raises 315 to 345 and is all-in
Gugustiucul: folds 
Mahu2021: folds 
Uncalled bet (315) returned to megamaximka
megamaximka collected 75 from pot
megamaximka: doesn't show hand 
*** SUMMARY ***
Total pot 75 | Rake 0 
Seat 1: Gugustiucul (small blind) folded before Flop
Seat 2: Mahu2021 (big blind) folded before Flop
Seat 3: megamaximka (button) collected (75)



PokerStars Hand #255381412010: Tournament #3871100309, $4.60+$0.40 USD Hold'em No Limit - Level II (15/30) - 2025/03/21 9:11:30 CET [2025/03/21 4:11:30 ET]
Table '3871100309 1' 3-max Seat #1 is the button
Seat 1: Gugustiucul (910 in chips) 
Seat 2: Mahu2021 (200 in chips) 
Seat 3: megamaximka (390 in chips) 
Mahu2021: posts small blind 15
megamaximka: posts big blind 30
*** HOLE CARDS ***
Dealt to Mahu2021 [9h 6s]
Gugustiucul: folds 
Mahu2021: folds 
Uncalled bet (15) returned to megamaximka
megamaximka collected 30 from pot
megamaximka: doesn't show hand 
*** SUMMARY ***
Total pot 30 | Rake 0 
Seat 1: Gugustiucul (button) folded before Flop (didn't bet)
Seat 2: Mahu2021 (small blind) folded before Flop
Seat 3: megamaximka (big blind) collected (30)



PokerStars Hand #255381412429: Tournament #3871100309, $4.60+$0.40 USD Hold'em No Limit - Level II (15/30) - 2025/03/21 9:11:36 CET [2025/03/21 4:11:36 ET]
Table '3871100309 1' 3-max Seat #2 is the button
Seat 1: Gugustiucul (910 in chips) 
Seat 2: Mahu2021 (185 in chips) 
Seat 3: megamaximka (405 in chips) 
megamaximka: posts small blind 15
Gugustiucul: posts big blind 30
*** HOLE CARDS ***
Dealt to Mahu2021 [Kc 5s]
Mahu2021: raises 30 to 60
megamaximka: folds 
Gugustiucul: raises 850 to 910 and is all-in
Mahu2021: calls 125 and is all-in
Uncalled bet (725) returned to Gugustiucul
*** FLOP *** [3d Js 9c]
*** TURN *** [3d Js 9c] [5c]
*** RIVER *** [3d Js 9c 5c] [3s]
*** SHOW DOWN ***
Gugustiucul: shows [6s As] (a pair of Threes)
Mahu2021: shows [Kc 5s] (two pair, Fives and Threes)
Mahu2021 collected 385 from pot
*** SUMMARY ***
Total pot 385 | Rake 0 
Board [3d Js 9c 5c 3s]
Seat 1: Gugustiucul (big blind) showed [6s As] and lost with a pair of Threes
Seat 2: Mahu2021 (button) showed [Kc 5s] and won (385) with two pair, Fives and Threes
Seat 3: megamaximka (small blind) folded before Flop



PokerStars Hand #255381413514: Tournament #3871100309, $4.60+$0.40 USD Hold'em No Limit - Level II (15/30) - 2025/03/21 9:11:51 CET [2025/03/21 4:11:51 ET]
Table '3871100309 1' 3-max Seat #3 is the button
Seat 1: Gugustiucul (725 in chips) 
Seat 2: Mahu2021 (385 in chips) 
Seat 3: megamaximka (390 in chips) 
Gugustiucul: posts small blind 15
Mahu2021: posts big blind 30
*** HOLE CARDS ***
Dealt to Mahu2021 [4h Td]
megamaximka: raises 30 to 60
Gugustiucul: folds 
Mahu2021: folds 
Uncalled bet (30) returned to megamaximka
megamaximka collected 75 from pot
megamaximka: doesn't show hand 
*** SUMMARY ***
Total pot 75 | Rake 0 
Seat 1: Gugustiucul (small blind) folded before Flop
Seat 2: Mahu2021 (big blind) folded before Flop
Seat 3: megamaximka (button) collected (75)



PokerStars Hand #255381414137: Tournament #3871100309, $4.60+$0.40 USD Hold'em No Limit - Level II (15/30) - 2025/03/21 9:12:00 CET [2025/03/21 4:12:00 ET]
Table '3871100309 1' 3-max Seat #1 is the button
Seat 1: Gugustiucul (710 in chips) 
Seat 2: Mahu2021 (355 in chips) 
Seat 3: megamaximka (435 in chips) 
Mahu2021: posts small blind 15
megamaximka: posts big blind 30
*** HOLE CARDS ***
Dealt to Mahu2021 [2d 6s]
Gugustiucul: calls 30
Mahu2021: folds 
megamaximka: raises 405 to 435 and is all-in
Gugustiucul: folds 
Uncalled bet (405) returned to megamaximka
megamaximka collected 75 from pot
megamaximka: doesn't show hand 
*** SUMMARY ***
Total pot 75 | Rake 0 
Seat 1: Gugustiucul (button) folded before Flop
Seat 2: Mahu2021 (small blind) folded before Flop
Seat 3: megamaximka (big blind) collected (75)



PokerStars Hand #255381415486: Tournament #3871100309, $4.60+$0.40 USD Hold'em No Limit - Level II (15/30) - 2025/03/21 9:12:18 CET [2025/03/21 4:12:18 ET]
Table '3871100309 1' 3-max Seat #2 is the button
Seat 1: Gugustiucul (680 in chips) 
Seat 2: Mahu2021 (340 in chips) 
Seat 3: megamaximka (480 in chips) 
megamaximka: posts small blind 15
Gugustiucul: posts big blind 30
*** HOLE CARDS ***
Dealt to Mahu2021 [Js Kh]
Mahu2021: raises 30 to 60
megamaximka: folds 
Gugustiucul: calls 30
*** FLOP *** [2h 7s 9s]
Gugustiucul: checks 
Mahu2021: bets 60
Gugustiucul: folds 
Uncalled bet (60) returned to Mahu2021
Mahu2021 collected 135 from pot
Mahu2021: doesn't show hand 
*** SUMMARY ***
Total pot 135 | Rake 0 
Board [2h 7s 9s]
Seat 1: Gugustiucul (big blind) folded on the Flop
Seat 2: Mahu2021 (button) collected (135)
Seat 3: megamaximka (small blind) folded before Flop



PokerStars Hand #255381416655: Tournament #3871100309, $4.60+$0.40 USD Hold'em No Limit - Level II (15/30) - 2025/03/21 9:12:35 CET [2025/03/21 4:12:35 ET]
Table '3871100309 1' 3-max Seat #3 is the button
Seat 1: Gugustiucul (620 in chips) 
Seat 2: Mahu2021 (415 in chips) 
Seat 3: megamaximka (465 in chips) 
Gugustiucul: posts small blind 15
Mahu2021: posts big blind 30
*** HOLE CARDS ***
Dealt to Mahu2021 [8c Js]
megamaximka: folds 
Gugustiucul: raises 30 to 60
Mahu2021: calls 30
*** FLOP *** [Tc 4h 9s]
Gugustiucul: bets 45
Mahu2021: calls 45
*** TURN *** [Tc 4h 9s] [Kd]
Gugustiucul: checks 
Mahu2021: checks 
*** RIVER *** [Tc 4h 9s Kd] [9c]
Gugustiucul: checks 
Mahu2021: checks 
*** SHOW DOWN ***
Gugustiucul: shows [6d 7d] (a pair of Nines)
Mahu2021: shows [8c Js] (a pair of Nines - King+Jack kicker)
Mahu2021 collected 210 from pot
*** SUMMARY ***
Total pot 210 | Rake 0 
Board [Tc 4h 9s Kd 9c]
Seat 1: Gugustiucul (small blind) showed [6d 7d] and lost with a pair of Nines
Seat 2: Mahu2021 (big blind) showed [8c Js] and won (210) with a pair of Nines
Seat 3: megamaximka (button) folded before Flop (didn't bet)



PokerStars Hand #255381418352: Tournament #3871100309, $4.60+$0.40 USD Hold'em No Limit - Level II (15/30) - 2025/03/21 9:12:59 CET [2025/03/21 4:12:59 ET]
Table '3871100309 1' 3-max Seat #1 is the button
Seat 1: Gugustiucul (515 in chips) 
Seat 2: Mahu2021 (520 in chips) 
Seat 3: megamaximka (465 in chips) 
Mahu2021: posts small blind 15
megamaximka: posts big blind 30
*** HOLE CARDS ***
Dealt to Mahu2021 [7h 6s]
Gugustiucul: raises 30 to 60
Mahu2021: folds 
megamaximka: calls 30
*** FLOP *** [8s Kc 5s]
megamaximka: checks 
Gugustiucul: bets 46
megamaximka: folds 
Uncalled bet (46) returned to Gugustiucul
Gugustiucul collected 135 from pot
Gugustiucul: doesn't show hand 
*** SUMMARY ***
Total pot 135 | Rake 0 
Board [8s Kc 5s]
Seat 1: Gugustiucul (button) collected (135)
Seat 2: Mahu2021 (small blind) folded before Flop
Seat 3: megamaximka (big blind) folded on the Flop



PokerStars Hand #255381420699: Tournament #3871100309, $4.60+$0.40 USD Hold'em No Limit - Level III (20/40) - 2025/03/21 9:13:32 CET [2025/03/21 4:13:32 ET]
Table '3871100309 1' 3-max Seat #2 is the button
Seat 1: Gugustiucul (590 in chips) 
Seat 2: Mahu2021 (505 in chips) 
Seat 3: megamaximka (405 in chips) 
megamaximka: posts small blind 20
Gugustiucul: posts big blind 40
*** HOLE CARDS ***
Dealt to Mahu2021 [Ks As]
Mahu2021: raises 40 to 80
megamaximka: folds 
Gugustiucul: folds 
Uncalled bet (40) returned to Mahu2021
Mahu2021 collected 100 from pot
Mahu2021: doesn't show hand 
*** SUMMARY ***
Total pot 100 | Rake 0 
Seat 1: Gugustiucul (big blind) folded before Flop
Seat 2: Mahu2021 (button) collected (100)
Seat 3: megamaximka (small blind) folded before Flop



PokerStars Hand #255381421363: Tournament #3871100309, $4.60+$0.40 USD Hold'em No Limit - Level III (20/40) - 2025/03/21 9:13:42 CET [2025/03/21 4:13:42 ET]
Table '3871100309 1' 3-max Seat #3 is the button
Seat 1: Gugustiucul (550 in chips) 
Seat 2: Mahu2021 (565 in chips) 
Seat 3: megamaximka (385 in chips) 
Gugustiucul: posts small blind 20
Mahu2021: posts big blind 40
*** HOLE CARDS ***
Dealt to Mahu2021 [2h 3s]
megamaximka: folds 
Gugustiucul: folds 
Uncalled bet (20) returned to Mahu2021
Mahu2021 collected 40 from pot
Mahu2021: doesn't show hand 
*** SUMMARY ***
Total pot 40 | Rake 0 
Seat 1: Gugustiucul (small blind) folded before Flop
Seat 2: Mahu2021 (big blind) collected (40)
Seat 3: megamaximka (button) folded before Flop (didn't bet)



PokerStars Hand #255381421735: Tournament #3871100309, $4.60+$0.40 USD Hold'em No Limit - Level III (20/40) - 2025/03/21 9:13:47 CET [2025/03/21 4:13:47 ET]
Table '3871100309 1' 3-max Seat #1 is the button
Seat 1: Gugustiucul (530 in chips) 
Seat 2: Mahu2021 (585 in chips) 
Seat 3: megamaximka (385 in chips) 
Mahu2021: posts small blind 20
megamaximka: posts big blind 40
*** HOLE CARDS ***
Dealt to Mahu2021 [Jd 2s]
Gugustiucul: raises 40 to 80
Mahu2021: folds 
megamaximka: raises 305 to 385 and is all-in
Gugustiucul: calls 305
*** FLOP *** [4h 7h 9s]
*** TURN *** [4h 7h 9s] [Kc]
*** RIVER *** [4h 7h 9s Kc] [8d]
*** SHOW DOWN ***
megamaximka: shows [5h 5c] (a pair of Fives)
Gugustiucul: shows [Ks Ad] (a pair of Kings)
Gugustiucul collected 790 from pot
megamaximka finished the tournament in 3rd place
*** SUMMARY ***
Total pot 790 | Rake 0 
Board [4h 7h 9s Kc 8d]
Seat 1: Gugustiucul (button) showed [Ks Ad] and won (790) with a pair of Kings
Seat 2: Mahu2021 (small blind) folded before Flop
Seat 3: megamaximka (big blind) showed [5h 5c] and lost with a pair of Fives



PokerStars Hand #255381423596: Tournament #3871100309, $4.60+$0.40 USD Hold'em No Limit - Level III (20/40) - 2025/03/21 9:14:13 CET [2025/03/21 4:14:13 ET]
Table '3871100309 1' 3-max Seat #2 is the button
Seat 1: Gugustiucul (935 in chips) 
Seat 2: Mahu2021 (565 in chips) 
Mahu2021: posts small blind 20
Gugustiucul: posts big blind 40
*** HOLE CARDS ***
Dealt to Mahu2021 [Qc 3d]
Mahu2021: calls 20
Gugustiucul: checks 
*** FLOP *** [2s Kd 5h]
Gugustiucul: checks 
Mahu2021: bets 40
Gugustiucul: raises 80 to 120
Mahu2021: folds 
Uncalled bet (80) returned to Gugustiucul
Gugustiucul collected 160 from pot
Gugustiucul: doesn't show hand 
*** SUMMARY ***
Total pot 160 | Rake 0 
Board [2s Kd 5h]
Seat 1: Gugustiucul (big blind) collected (160)
Seat 2: Mahu2021 (button) (small blind) folded on the Flop



PokerStars Hand #255381425226: Tournament #3871100309, $4.60+$0.40 USD Hold'em No Limit - Level III (20/40) - 2025/03/21 9:14:37 CET [2025/03/21 4:14:37 ET]
Table '3871100309 1' 3-max Seat #1 is the button
Seat 1: Gugustiucul (1015 in chips) 
Seat 2: Mahu2021 (485 in chips) 
Gugustiucul: posts small blind 20
Mahu2021: posts big blind 40
*** HOLE CARDS ***
Dealt to Mahu2021 [Qc Tc]
Gugustiucul: calls 20
Mahu2021: raises 120 to 160
Gugustiucul: folds 
Uncalled bet (120) returned to Mahu2021
Mahu2021 collected 80 from pot
Mahu2021: doesn't show hand 
*** SUMMARY ***
Total pot 80 | Rake 0 
Seat 1: Gugustiucul (button) (small blind) folded before Flop
Seat 2: Mahu2021 (big blind) collected (80)



PokerStars Hand #255381425776: Tournament #3871100309, $4.60+$0.40 USD Hold'em No Limit - Level III (20/40) - 2025/03/21 9:14:45 CET [2025/03/21 4:14:45 ET]
Table '3871100309 1' 3-max Seat #2 is the button
Seat 1: Gugustiucul (975 in chips) 
Seat 2: Mahu2021 (525 in chips) 
Mahu2021: posts small blind 20
Gugustiucul: posts big blind 40
*** HOLE CARDS ***
Dealt to Mahu2021 [Kh 6c]
Mahu2021: raises 40 to 80
Gugustiucul: folds 
Uncalled bet (40) returned to Mahu2021
Mahu2021 collected 80 from pot
Mahu2021: doesn't show hand 
*** SUMMARY ***
Total pot 80 | Rake 0 
Seat 1: Gugustiucul (big blind) folded before Flop
Seat 2: Mahu2021 (button) (small blind) collected (80)



PokerStars Hand #255381426223: Tournament #3871100309, $4.60+$0.40 USD Hold'em No Limit - Level III (20/40) - 2025/03/21 9:14:51 CET [2025/03/21 4:14:51 ET]
Table '3871100309 1' 3-max Seat #1 is the button
Seat 1: Gugustiucul (935 in chips) 
Seat 2: Mahu2021 (565 in chips) 
Gugustiucul: posts small blind 20
Mahu2021: posts big blind 40
*** HOLE CARDS ***
Dealt to Mahu2021 [6c Qs]
Gugustiucul: folds 
Uncalled bet (20) returned to Mahu2021
Mahu2021 collected 40 from pot
Mahu2021: doesn't show hand 
*** SUMMARY ***
Total pot 40 | Rake 0 
Seat 1: Gugustiucul (button) (small blind) folded before Flop
Seat 2: Mahu2021 (big blind) collected (40)



PokerStars Hand #255381426552: Tournament #3871100309, $4.60+$0.40 USD Hold'em No Limit - Level III (20/40) - 2025/03/21 9:14:55 CET [2025/03/21 4:14:55 ET]
Table '3871100309 1' 3-max Seat #2 is the button
Seat 1: Gugustiucul (915 in chips) 
Seat 2: Mahu2021 (585 in chips) 
Mahu2021: posts small blind 20
Gugustiucul: posts big blind 40
*** HOLE CARDS ***
Dealt to Mahu2021 [7s Kh]
Mahu2021: raises 40 to 80
Gugustiucul: calls 40
*** FLOP *** [5h 5c 8d]
Gugustiucul: checks 
Mahu2021: bets 80
Gugustiucul: folds 
Uncalled bet (80) returned to Mahu2021
Mahu2021 collected 160 from pot
Mahu2021: doesn't show hand 
*** SUMMARY ***
Total pot 160 | Rake 0 
Board [5h 5c 8d]
Seat 1: Gugustiucul (big blind) folded on the Flop
Seat 2: Mahu2021 (button) (small blind) collected (160)



PokerStars Hand #255381427407: Tournament #3871100309, $4.60+$0.40 USD Hold'em No Limit - Level III (20/40) - 2025/03/21 9:15:07 CET [2025/03/21 4:15:07 ET]
Table '3871100309 1' 3-max Seat #1 is the button
Seat 1: Gugustiucul (835 in chips) 
Seat 2: Mahu2021 (665 in chips) 
Gugustiucul: posts small blind 20
Mahu2021: posts big blind 40
*** HOLE CARDS ***
Dealt to Mahu2021 [Td 3d]
Gugustiucul: raises 40 to 80
Mahu2021: folds 
Uncalled bet (40) returned to Gugustiucul
Gugustiucul collected 80 from pot
Gugustiucul: doesn't show hand 
*** SUMMARY ***
Total pot 80 | Rake 0 
Seat 1: Gugustiucul (button) (small blind) collected (80)
Seat 2: Mahu2021 (big blind) folded before Flop



PokerStars Hand #255381427798: Tournament #3871100309, $4.60+$0.40 USD Hold'em No Limit - Level III (20/40) - 2025/03/21 9:15:13 CET [2025/03/21 4:15:13 ET]
Table '3871100309 1' 3-max Seat #2 is the button
Seat 1: Gugustiucul (875 in chips) 
Seat 2: Mahu2021 (625 in chips) 
Mahu2021: posts small blind 20
Gugustiucul: posts big blind 40
*** HOLE CARDS ***
Dealt to Mahu2021 [6d 9h]
Mahu2021: folds 
Uncalled bet (20) returned to Gugustiucul
Gugustiucul collected 40 from pot
Gugustiucul: doesn't show hand 
*** SUMMARY ***
Total pot 40 | Rake 0 
Seat 1: Gugustiucul (big blind) collected (40)
Seat 2: Mahu2021 (button) (small blind) folded before Flop



PokerStars Hand #255381428122: Tournament #3871100309, $4.60+$0.40 USD Hold'em No Limit - Level III (20/40) - 2025/03/21 9:15:17 CET [2025/03/21 4:15:17 ET]
Table '3871100309 1' 3-max Seat #1 is the button
Seat 1: Gugustiucul (895 in chips) 
Seat 2: Mahu2021 (605 in chips) 
Gugustiucul: posts small blind 20
Mahu2021: posts big blind 40
*** HOLE CARDS ***
Dealt to Mahu2021 [Tc 2c]
Gugustiucul: folds 
Uncalled bet (20) returned to Mahu2021
Mahu2021 collected 40 from pot
Mahu2021: doesn't show hand 
*** SUMMARY ***
Total pot 40 | Rake 0 
Seat 1: Gugustiucul (button) (small blind) folded before Flop
Seat 2: Mahu2021 (big blind) collected (40)



PokerStars Hand #255381428467: Tournament #3871100309, $4.60+$0.40 USD Hold'em No Limit - Level III (20/40) - 2025/03/21 9:15:22 CET [2025/03/21 4:15:22 ET]
Table '3871100309 1' 3-max Seat #2 is the button
Seat 1: Gugustiucul (875 in chips) 
Seat 2: Mahu2021 (625 in chips) 
Mahu2021: posts small blind 20
Gugustiucul: posts big blind 40
*** HOLE CARDS ***
Dealt to Mahu2021 [Qc Kd]
Mahu2021: raises 40 to 80
Gugustiucul: calls 40
*** FLOP *** [2s 6d 2d]
Gugustiucul: checks 
Mahu2021: bets 80
Gugustiucul: folds 
Uncalled bet (80) returned to Mahu2021
Mahu2021 collected 160 from pot
Mahu2021: doesn't show hand 
*** SUMMARY ***
Total pot 160 | Rake 0 
Board [2s 6d 2d]
Seat 1: Gugustiucul (big blind) folded on the Flop
Seat 2: Mahu2021 (button) (small blind) collected (160)



PokerStars Hand #255381429237: Tournament #3871100309, $4.60+$0.40 USD Hold'em No Limit - Level III (20/40) - 2025/03/21 9:15:33 CET [2025/03/21 4:15:33 ET]
Table '3871100309 1' 3-max Seat #1 is the button
Seat 1: Gugustiucul (795 in chips) 
Seat 2: Mahu2021 (705 in chips) 
Gugustiucul: posts small blind 20
Mahu2021: posts big blind 40
*** HOLE CARDS ***
Dealt to Mahu2021 [4h 8c]
Gugustiucul: calls 20
Mahu2021: checks 
*** FLOP *** [8h As 7c]
Mahu2021: checks 
Gugustiucul: bets 40
Mahu2021: calls 40
*** TURN *** [8h As 7c] [4d]
Mahu2021: checks 
Gugustiucul: checks 
*** RIVER *** [8h As 7c 4d] [Ad]
Mahu2021: bets 160
Gugustiucul: calls 160
*** SHOW DOWN ***
Mahu2021: shows [4h 8c] (two pair, Aces and Eights)
Gugustiucul: mucks hand 
Mahu2021 collected 480 from pot
*** SUMMARY ***
Total pot 480 | Rake 0 
Board [8h As 7c 4d Ad]
Seat 1: Gugustiucul (button) (small blind) mucked [7d Ts]
Seat 2: Mahu2021 (big blind) showed [4h 8c] and won (480) with two pair, Aces and Eights



PokerStars Hand #255381430505: Tournament #3871100309, $4.60+$0.40 USD Hold'em No Limit - Level III (20/40) - 2025/03/21 9:15:51 CET [2025/03/21 4:15:51 ET]
Table '3871100309 1' 3-max Seat #2 is the button
Seat 1: Gugustiucul (555 in chips) 
Seat 2: Mahu2021 (945 in chips) 
Mahu2021: posts small blind 20
Gugustiucul: posts big blind 40
*** HOLE CARDS ***
Dealt to Mahu2021 [Kd 2s]
Mahu2021: raises 40 to 80
Gugustiucul: calls 40
*** FLOP *** [Kc Js 4c]
Gugustiucul: checks 
Mahu2021: bets 80
Gugustiucul: calls 80
*** TURN *** [Kc Js 4c] [8c]
Gugustiucul: checks 
Mahu2021: bets 160
Gugustiucul: raises 235 to 395 and is all-in
Mahu2021: calls 235
*** RIVER *** [Kc Js 4c 8c] [Ts]
*** SHOW DOWN ***
Gugustiucul: shows [Jd 8h] (two pair, Jacks and Eights)
Mahu2021: shows [Kd 2s] (a pair of Kings)
Gugustiucul collected 1110 from pot
*** SUMMARY ***
Total pot 1110 | Rake 0 
Board [Kc Js 4c 8c Ts]
Seat 1: Gugustiucul (big blind) showed [Jd 8h] and won (1110) with two pair, Jacks and Eights
Seat 2: Mahu2021 (button) (small blind) showed [Kd 2s] and lost with a pair of Kings



PokerStars Hand #255381432327: Tournament #3871100309, $4.60+$0.40 USD Hold'em No Limit - Level III (20/40) - 2025/03/21 9:16:16 CET [2025/03/21 4:16:16 ET]
Table '3871100309 1' 3-max Seat #1 is the button
Seat 1: Gugustiucul (1110 in chips) 
Seat 2: Mahu2021 (390 in chips) 
Gugustiucul: posts small blind 20
Mahu2021: posts big blind 40
*** HOLE CARDS ***
Dealt to Mahu2021 [6c Qd]
Gugustiucul: raises 1070 to 1110 and is all-in
Mahu2021: folds 
Uncalled bet (1070) returned to Gugustiucul
Gugustiucul collected 80 from pot
Gugustiucul: doesn't show hand 
*** SUMMARY ***
Total pot 80 | Rake 0 
Seat 1: Gugustiucul (button) (small blind) collected (80)
Seat 2: Mahu2021 (big blind) folded before Flop



PokerStars Hand #255381432829: Tournament #3871100309, $4.60+$0.40 USD Hold'em No Limit - Level III (20/40) - 2025/03/21 9:16:23 CET [2025/03/21 4:16:23 ET]
Table '3871100309 1' 3-max Seat #2 is the button
Seat 1: Gugustiucul (1150 in chips) 
Seat 2: Mahu2021 (350 in chips) 
Mahu2021: posts small blind 20
Gugustiucul: posts big blind 40
*** HOLE CARDS ***
Dealt to Mahu2021 [8s Tc]
Mahu2021: raises 40 to 80
Gugustiucul: raises 1070 to 1150 and is all-in
Mahu2021: folds 
Uncalled bet (1070) returned to Gugustiucul
Gugustiucul collected 160 from pot
Gugustiucul: doesn't show hand 
*** SUMMARY ***
Total pot 160 | Rake 0 
Seat 1: Gugustiucul (big blind) collected (160)
Seat 2: Mahu2021 (button) (small blind) folded before Flop



PokerStars Hand #255381433519: Tournament #3871100309, $4.60+$0.40 USD Hold'em No Limit - Level IV (30/60) - 2025/03/21 9:16:32 CET [2025/03/21 4:16:32 ET]
Table '3871100309 1' 3-max Seat #1 is the button
Seat 1: Gugustiucul (1230 in chips) 
Seat 2: Mahu2021 (270 in chips) 
Gugustiucul: posts small blind 30
Mahu2021: posts big blind 60
*** HOLE CARDS ***
Dealt to Mahu2021 [5h 4s]
Gugustiucul: folds 
Uncalled bet (30) returned to Mahu2021
Mahu2021 collected 60 from pot
Mahu2021: doesn't show hand 
*** SUMMARY ***
Total pot 60 | Rake 0 
Seat 1: Gugustiucul (button) (small blind) folded before Flop
Seat 2: Mahu2021 (big blind) collected (60)



PokerStars Hand #255381433838: Tournament #3871100309, $4.60+$0.40 USD Hold'em No Limit - Level IV (30/60) - 2025/03/21 9:16:37 CET [2025/03/21 4:16:37 ET]
Table '3871100309 1' 3-max Seat #2 is the button
Seat 1: Gugustiucul (1200 in chips) 
Seat 2: Mahu2021 (300 in chips) 
Mahu2021: posts small blind 30
Gugustiucul: posts big blind 60
*** HOLE CARDS ***
Dealt to Mahu2021 [Tc 4h]
Mahu2021: folds 
Uncalled bet (30) returned to Gugustiucul
Gugustiucul collected 60 from pot
Gugustiucul: doesn't show hand 
*** SUMMARY ***
Total pot 60 | Rake 0 
Seat 1: Gugustiucul (big blind) collected (60)
Seat 2: Mahu2021 (button) (small blind) folded before Flop



PokerStars Hand #255381434177: Tournament #3871100309, $4.60+$0.40 USD Hold'em No Limit - Level IV (30/60) - 2025/03/21 9:16:42 CET [2025/03/21 4:16:42 ET]
Table '3871100309 1' 3-max Seat #1 is the button
Seat 1: Gugustiucul (1230 in chips) 
Seat 2: Mahu2021 (270 in chips) 
Gugustiucul: posts small blind 30
Mahu2021: posts big blind 60
*** HOLE CARDS ***
Dealt to Mahu2021 [3s 5h]
Gugustiucul: folds 
Uncalled bet (30) returned to Mahu2021
Mahu2021 collected 60 from pot
Mahu2021: doesn't show hand 
*** SUMMARY ***
Total pot 60 | Rake 0 
Seat 1: Gugustiucul (button) (small blind) folded before Flop
Seat 2: Mahu2021 (big blind) collected (60)



PokerStars Hand #255381434493: Tournament #3871100309, $4.60+$0.40 USD Hold'em No Limit - Level IV (30/60) - 2025/03/21 9:16:46 CET [2025/03/21 4:16:46 ET]
Table '3871100309 1' 3-max Seat #2 is the button
Seat 1: Gugustiucul (1200 in chips) 
Seat 2: Mahu2021 (300 in chips) 
Mahu2021: posts small blind 30
Gugustiucul: posts big blind 60
*** HOLE CARDS ***
Dealt to Mahu2021 [Ks Jc]
Mahu2021: raises 60 to 120
Gugustiucul: folds 
Uncalled bet (60) returned to Mahu2021
Mahu2021 collected 120 from pot
Mahu2021: doesn't show hand 
*** SUMMARY ***
Total pot 120 | Rake 0 
Seat 1: Gugustiucul (big blind) folded before Flop
Seat 2: Mahu2021 (button) (small blind) collected (120)



PokerStars Hand #255381434903: Tournament #3871100309, $4.60+$0.40 USD Hold'em No Limit - Level IV (30/60) - 2025/03/21 9:16:52 CET [2025/03/21 4:16:52 ET]
Table '3871100309 1' 3-max Seat #1 is the button
Seat 1: Gugustiucul (1140 in chips) 
Seat 2: Mahu2021 (360 in chips) 
Gugustiucul: posts small blind 30
Mahu2021: posts big blind 60
*** HOLE CARDS ***
Dealt to Mahu2021 [2c 8d]
Gugustiucul: folds 
Uncalled bet (30) returned to Mahu2021
Mahu2021 collected 60 from pot
Mahu2021: doesn't show hand 
*** SUMMARY ***
Total pot 60 | Rake 0 
Seat 1: Gugustiucul (button) (small blind) folded before Flop
Seat 2: Mahu2021 (big blind) collected (60)



PokerStars Hand #255381435212: Tournament #3871100309, $4.60+$0.40 USD Hold'em No Limit - Level IV (30/60) - 2025/03/21 9:16:56 CET [2025/03/21 4:16:56 ET]
Table '3871100309 1' 3-max Seat #2 is the button
Seat 1: Gugustiucul (1110 in chips) 
Seat 2: Mahu2021 (390 in chips) 
Mahu2021: posts small blind 30
Gugustiucul: posts big blind 60
*** HOLE CARDS ***
Dealt to Mahu2021 [Js 6s]
Mahu2021: raises 60 to 120
Gugustiucul: calls 60
*** FLOP *** [6c Ad 9c]
Gugustiucul: bets 600
Mahu2021: folds 
Uncalled bet (600) returned to Gugustiucul
Gugustiucul collected 240 from pot
Gugustiucul: doesn't show hand 
*** SUMMARY ***
Total pot 240 | Rake 0 
Board [6c Ad 9c]
Seat 1: Gugustiucul (big blind) collected (240)
Seat 2: Mahu2021 (button) (small blind) folded on the Flop



PokerStars Hand #255381436390: Tournament #3871100309, $4.60+$0.40 USD Hold'em No Limit - Level IV (30/60) - 2025/03/21 9:17:13 CET [2025/03/21 4:17:13 ET]
Table '3871100309 1' 3-max Seat #1 is the button
Seat 1: Gugustiucul (1230 in chips) 
Seat 2: Mahu2021 (270 in chips) 
Gugustiucul: posts small blind 30
Mahu2021: posts big blind 60
*** HOLE CARDS ***
Dealt to Mahu2021 [9s Th]
Gugustiucul: folds 
Uncalled bet (30) returned to Mahu2021
Mahu2021 collected 60 from pot
Mahu2021: doesn't show hand 
*** SUMMARY ***
Total pot 60 | Rake 0 
Seat 1: Gugustiucul (button) (small blind) folded before Flop
Seat 2: Mahu2021 (big blind) collected (60)



PokerStars Hand #255381436729: Tournament #3871100309, $4.60+$0.40 USD Hold'em No Limit - Level IV (30/60) - 2025/03/21 9:17:18 CET [2025/03/21 4:17:18 ET]
Table '3871100309 1' 3-max Seat #2 is the button
Seat 1: Gugustiucul (1200 in chips) 
Seat 2: Mahu2021 (300 in chips) 
Mahu2021: posts small blind 30
Gugustiucul: posts big blind 60
*** HOLE CARDS ***
Dealt to Mahu2021 [Qc Qh]
Mahu2021: raises 60 to 120
Gugustiucul: raises 240 to 360
Mahu2021: calls 180 and is all-in
Uncalled bet (60) returned to Gugustiucul
*** FLOP *** [Kc 2c Qs]
*** TURN *** [Kc 2c Qs] [9h]
*** RIVER *** [Kc 2c Qs 9h] [5s]
*** SHOW DOWN ***
Gugustiucul: shows [Kh Jh] (a pair of Kings)
Mahu2021: shows [Qc Qh] (three of a kind, Queens)
Mahu2021 collected 600 from pot
*** SUMMARY ***
Total pot 600 | Rake 0 
Board [Kc 2c Qs 9h 5s]
Seat 1: Gugustiucul (big blind) showed [Kh Jh] and lost with a pair of Kings
Seat 2: Mahu2021 (button) (small blind) showed [Qc Qh] and won (600) with three of a kind, Queens



PokerStars Hand #255381437675: Tournament #3871100309, $4.60+$0.40 USD Hold'em No Limit - Level IV (30/60) - 2025/03/21 9:17:31 CET [2025/03/21 4:17:31 ET]
Table '3871100309 1' 3-max Seat #1 is the button
Seat 1: Gugustiucul (900 in chips) 
Seat 2: Mahu2021 (600 in chips) 
Gugustiucul: posts small blind 30
Mahu2021: posts big blind 60
*** HOLE CARDS ***
Dealt to Mahu2021 [4d 7h]
Gugustiucul: calls 30
Mahu2021: checks 
*** FLOP *** [8d Kh Qd]
Mahu2021: checks 
Gugustiucul: bets 60
Mahu2021: folds 
Uncalled bet (60) returned to Gugustiucul
Gugustiucul collected 120 from pot
Gugustiucul: doesn't show hand 
*** SUMMARY ***
Total pot 120 | Rake 0 
Board [8d Kh Qd]
Seat 1: Gugustiucul (button) (small blind) collected (120)
Seat 2: Mahu2021 (big blind) folded on the Flop



PokerStars Hand #255381438464: Tournament #3871100309, $4.60+$0.40 USD Hold'em No Limit - Level IV (30/60) - 2025/03/21 9:17:42 CET [2025/03/21 4:17:42 ET]
Table '3871100309 1' 3-max Seat #2 is the button
Seat 1: Gugustiucul (960 in chips) 
Seat 2: Mahu2021 (540 in chips) 
Mahu2021: posts small blind 30
Gugustiucul: posts big blind 60
*** HOLE CARDS ***
Dealt to Mahu2021 [4d As]
Mahu2021: raises 480 to 540 and is all-in
Gugustiucul: calls 480
*** FLOP *** [2d 7h Th]
*** TURN *** [2d 7h Th] [2h]
*** RIVER *** [2d 7h Th 2h] [7s]
*** SHOW DOWN ***
Gugustiucul: shows [9d Qd] (two pair, Sevens and Deuces)
Mahu2021: shows [4d As] (two pair, Sevens and Deuces - Ace kicker)
Mahu2021 collected 1080 from pot
*** SUMMARY ***
Total pot 1080 | Rake 0 
Board [2d 7h Th 2h 7s]
Seat 1: Gugustiucul (big blind) showed [9d Qd] and lost with two pair, Sevens and Deuces
Seat 2: Mahu2021 (button) (small blind) showed [4d As] and won (1080) with two pair, Sevens and Deuces



PokerStars Hand #255381439548: Tournament #3871100309, $4.60+$0.40 USD Hold'em No Limit - Level IV (30/60) - 2025/03/21 9:17:57 CET [2025/03/21 4:17:57 ET]
Table '3871100309 1' 3-max Seat #1 is the button
Seat 1: Gugustiucul (420 in chips) 
Seat 2: Mahu2021 (1080 in chips) 
Gugustiucul: posts small blind 30
Mahu2021: posts big blind 60
*** HOLE CARDS ***
Dealt to Mahu2021 [9s 6c]
Gugustiucul: raises 360 to 420 and is all-in
Mahu2021: folds 
Uncalled bet (360) returned to Gugustiucul
Gugustiucul collected 120 from pot
Gugustiucul: doesn't show hand 
*** SUMMARY ***
Total pot 120 | Rake 0 
Seat 1: Gugustiucul (button) (small blind) collected (120)
Seat 2: Mahu2021 (big blind) folded before Flop



PokerStars Hand #255381439998: Tournament #3871100309, $4.60+$0.40 USD Hold'em No Limit - Level IV (30/60) - 2025/03/21 9:18:03 CET [2025/03/21 4:18:03 ET]
Table '3871100309 1' 3-max Seat #2 is the button
Seat 1: Gugustiucul (480 in chips) 
Seat 2: Mahu2021 (1020 in chips) 
Mahu2021: posts small blind 30
Gugustiucul: posts big blind 60
*** HOLE CARDS ***
Dealt to Mahu2021 [6c 5h]
Mahu2021: raises 60 to 120
Gugustiucul: raises 360 to 480 and is all-in
Mahu2021: folds 
Uncalled bet (360) returned to Gugustiucul
Gugustiucul collected 240 from pot
Gugustiucul: doesn't show hand 
*** SUMMARY ***
Total pot 240 | Rake 0 
Seat 1: Gugustiucul (big blind) collected (240)
Seat 2: Mahu2021 (button) (small blind) folded before Flop



PokerStars Hand #255381440551: Tournament #3871100309, $4.60+$0.40 USD Hold'em No Limit - Level IV (30/60) - 2025/03/21 9:18:11 CET [2025/03/21 4:18:11 ET]
Table '3871100309 1' 3-max Seat #1 is the button
Seat 1: Gugustiucul (600 in chips) 
Seat 2: Mahu2021 (900 in chips) 
Gugustiucul: posts small blind 30
Mahu2021: posts big blind 60
*** HOLE CARDS ***
Dealt to Mahu2021 [Tc 3d]
Gugustiucul: calls 30
Mahu2021: checks 
*** FLOP *** [5c 7h Ts]
Mahu2021: bets 840 and is all-in
Gugustiucul: folds 
Uncalled bet (840) returned to Mahu2021
Mahu2021 collected 120 from pot
Mahu2021: doesn't show hand 
*** SUMMARY ***
Total pot 120 | Rake 0 
Board [5c 7h Ts]
Seat 1: Gugustiucul (button) (small blind) folded on the Flop
Seat 2: Mahu2021 (big blind) collected (120)



PokerStars Hand #255381441403: Tournament #3871100309, $4.60+$0.40 USD Hold'em No Limit - Level IV (30/60) - 2025/03/21 9:18:23 CET [2025/03/21 4:18:23 ET]
Table '3871100309 1' 3-max Seat #2 is the button
Seat 1: Gugustiucul (540 in chips) 
Seat 2: Mahu2021 (960 in chips) 
Mahu2021: posts small blind 30
Gugustiucul: posts big blind 60
*** HOLE CARDS ***
Dealt to Mahu2021 [6s 4h]
Mahu2021: folds 
Uncalled bet (30) returned to Gugustiucul
Gugustiucul collected 60 from pot
Gugustiucul: doesn't show hand 
*** SUMMARY ***
Total pot 60 | Rake 0 
Seat 1: Gugustiucul (big blind) collected (60)
Seat 2: Mahu2021 (button) (small blind) folded before Flop



PokerStars Hand #255381441729: Tournament #3871100309, $4.60+$0.40 USD Hold'em No Limit - Level IV (30/60) - 2025/03/21 9:18:28 CET [2025/03/21 4:18:28 ET]
Table '3871100309 1' 3-max Seat #1 is the button
Seat 1: Gugustiucul (570 in chips) 
Seat 2: Mahu2021 (930 in chips) 
Gugustiucul: posts small blind 30
Mahu2021: posts big blind 60
*** HOLE CARDS ***
Dealt to Mahu2021 [2h 2s]
Gugustiucul: calls 30
Mahu2021: raises 870 to 930 and is all-in
Gugustiucul: calls 510 and is all-in
Uncalled bet (360) returned to Mahu2021
*** FLOP *** [7c 6d Td]
*** TURN *** [7c 6d Td] [5s]
*** RIVER *** [7c 6d Td 5s] [2d]
*** SHOW DOWN ***
Mahu2021: shows [2h 2s] (three of a kind, Deuces)
Gugustiucul: shows [Ac Jc] (high card Ace)
Mahu2021 collected 1140 from pot
Gugustiucul finished the tournament in 2nd place
Mahu2021 wins the tournament and receives $15.00 - congratulations!
*** SUMMARY ***
Total pot 1140 | Rake 0 
Board [7c 6d Td 5s 2d]
Seat 1: Gugustiucul (button) (small blind) showed [Ac Jc] and lost with high card Ace
Seat 2: Mahu2021 (big blind) showed [2h 2s] and won (1140) with three of a kind, Deuces



