PokerStars Hand #244775410677: Tournament #3616119595, $9.30+$0.70 USD Hold'em No Limit - Level I (10/20) - 2023/07/12 21:18:51 CET [2023/07/12 15:18:51 ET]
Table '3616119595 1' 3-max Seat #1 is the button
Seat 1: 1gofa (500 in chips) 
Seat 2: Mahu2021 (500 in chips) 
Seat 3: pooltae (500 in chips) 
Mahu2021: posts small blind 10
pooltae: posts big blind 20
*** HOLE CARDS ***
Dealt to Mahu2021 [9s Qs]
1gofa: folds 
Mahu2021: raises 20 to 40
pooltae: calls 20
*** FLOP *** [5c 4h Tc]
Mahu2021: checks 
pooltae: bets 60
Mahu2021: folds 
Uncalled bet (60) returned to pooltae
pooltae collected 80 from pot
*** SUMMARY ***
Total pot 80 | Rake 0 
Board [5c 4h Tc]
Seat 1: 1gofa (button) folded before Flop (didn't bet)
Seat 2: Mahu2021 (small blind) folded on the Flop
Seat 3: pooltae (big blind) collected (80)



PokerStars Hand #244775416893: Tournament #3616119595, $9.30+$0.70 USD Hold'em No Limit - Level I (10/20) - 2023/07/12 21:19:09 CET [2023/07/12 15:19:09 ET]
Table '3616119595 1' 3-max Seat #2 is the button
Seat 1: 1gofa (500 in chips) 
Seat 2: Mahu2021 (460 in chips) 
Seat 3: pooltae (540 in chips) 
pooltae: posts small blind 10
1gofa: posts big blind 20
*** HOLE CARDS ***
Dealt to Mahu2021 [Ts 3d]
Mahu2021: folds 
pooltae: calls 10
1gofa: checks 
*** FLOP *** [8d 4c 2s]
pooltae: checks 
1gofa: bets 30
pooltae: calls 30
*** TURN *** [8d 4c 2s] [Ah]
pooltae: checks 
1gofa: bets 75
pooltae: calls 75
*** RIVER *** [8d 4c 2s Ah] [4d]
pooltae: checks 
1gofa: checks 
*** SHOW DOWN ***
pooltae: shows [4s Ac] (a full house, Fours full of Aces)
1gofa: mucks hand 
pooltae collected 250 from pot
*** SUMMARY ***
Total pot 250 | Rake 0 
Board [8d 4c 2s Ah 4d]
Seat 1: 1gofa (big blind) mucked [8s 9c]
Seat 2: Mahu2021 (button) folded before Flop (didn't bet)
Seat 3: pooltae (small blind) showed [4s Ac] and won (250) with a full house, Fours full of Aces



PokerStars Hand #244775427353: Tournament #3616119595, $9.30+$0.70 USD Hold'em No Limit - Level I (10/20) - 2023/07/12 21:19:38 CET [2023/07/12 15:19:38 ET]
Table '3616119595 1' 3-max Seat #3 is the button
Seat 1: 1gofa (375 in chips) 
Seat 2: Mahu2021 (460 in chips) 
Seat 3: pooltae (665 in chips) 
1gofa: posts small blind 10
Mahu2021: posts big blind 20
*** HOLE CARDS ***
Dealt to Mahu2021 [4d 2c]
pooltae: calls 20
1gofa: calls 10
Mahu2021: checks 
*** FLOP *** [As Qc Kh]
1gofa: checks 
Mahu2021: checks 
pooltae: bets 20
1gofa: folds 
Mahu2021: folds 
Uncalled bet (20) returned to pooltae
pooltae collected 60 from pot
*** SUMMARY ***
Total pot 60 | Rake 0 
Board [As Qc Kh]
Seat 1: 1gofa (small blind) folded on the Flop
Seat 2: Mahu2021 (big blind) folded on the Flop
Seat 3: pooltae (button) collected (60)



PokerStars Hand #244775435118: Tournament #3616119595, $9.30+$0.70 USD Hold'em No Limit - Level I (10/20) - 2023/07/12 21:19:59 CET [2023/07/12 15:19:59 ET]
Table '3616119595 1' 3-max Seat #1 is the button
Seat 1: 1gofa (355 in chips) 
Seat 2: Mahu2021 (440 in chips) 
Seat 3: pooltae (705 in chips) 
Mahu2021: posts small blind 10
pooltae: posts big blind 20
*** HOLE CARDS ***
Dealt to Mahu2021 [Ah 8d]
1gofa: raises 20 to 40
Mahu2021: calls 30
pooltae: raises 665 to 705 and is all-in
1gofa: calls 315 and is all-in
Mahu2021: folds 
Uncalled bet (350) returned to pooltae
*** FLOP *** [Kc 3h 4s]
*** TURN *** [Kc 3h 4s] [Kh]
*** RIVER *** [Kc 3h 4s Kh] [Ts]
*** SHOW DOWN ***
pooltae: shows [Ac Qh] (a pair of Kings)
1gofa: shows [5h 5d] (two pair, Kings and Fives)
1gofa collected 750 from pot
*** SUMMARY ***
Total pot 750 | Rake 0 
Board [Kc 3h 4s Kh Ts]
Seat 1: 1gofa (button) showed [5h 5d] and won (750) with two pair, Kings and Fives
Seat 2: Mahu2021 (small blind) folded before Flop
Seat 3: pooltae (big blind) showed [Ac Qh] and lost with a pair of Kings



PokerStars Hand #244775441515: Tournament #3616119595, $9.30+$0.70 USD Hold'em No Limit - Level I (10/20) - 2023/07/12 21:20:17 CET [2023/07/12 15:20:17 ET]
Table '3616119595 1' 3-max Seat #2 is the button
Seat 1: 1gofa (750 in chips) 
Seat 2: Mahu2021 (400 in chips) 
Seat 3: pooltae (350 in chips) 
pooltae: posts small blind 10
1gofa: posts big blind 20
*** HOLE CARDS ***
Dealt to Mahu2021 [5h Kh]
Mahu2021: calls 20
pooltae: calls 10
1gofa: raises 50 to 70
Mahu2021: calls 50
pooltae: calls 50
*** FLOP *** [Th 4c 2s]
pooltae: checks 
1gofa: checks 
Mahu2021: checks 
*** TURN *** [Th 4c 2s] [2d]
pooltae: bets 40
1gofa: folds 
Mahu2021: calls 40
*** RIVER *** [Th 4c 2s 2d] [6d]
pooltae: bets 240 and is all-in
Mahu2021: folds 
Uncalled bet (240) returned to pooltae
pooltae collected 290 from pot
*** SUMMARY ***
Total pot 290 | Rake 0 
Board [Th 4c 2s 2d 6d]
Seat 1: 1gofa (big blind) folded on the Turn
Seat 2: Mahu2021 (button) folded on the River
Seat 3: pooltae (small blind) collected (290)



PokerStars Hand #244775456363: Tournament #3616119595, $9.30+$0.70 USD Hold'em No Limit - Level II (15/30) - 2023/07/12 21:20:59 CET [2023/07/12 15:20:59 ET]
Table '3616119595 1' 3-max Seat #3 is the button
Seat 1: 1gofa (680 in chips) 
Seat 2: Mahu2021 (290 in chips) 
Seat 3: pooltae (530 in chips) 
1gofa: posts small blind 15
Mahu2021: posts big blind 30
*** HOLE CARDS ***
Dealt to Mahu2021 [Kd 5c]
pooltae: calls 30
1gofa: calls 15
Mahu2021: checks 
*** FLOP *** [Jh Qd Jd]
1gofa: checks 
Mahu2021: checks 
pooltae: bets 60
1gofa: calls 60
Mahu2021: folds 
*** TURN *** [Jh Qd Jd] [3c]
1gofa: checks 
pooltae: checks 
*** RIVER *** [Jh Qd Jd 3c] [9c]
1gofa: checks 
pooltae: bets 120
1gofa: calls 120
*** SHOW DOWN ***
pooltae: shows [Qh 5s] (two pair, Queens and Jacks)
1gofa: mucks hand 
pooltae collected 450 from pot
*** SUMMARY ***
Total pot 450 | Rake 0 
Board [Jh Qd Jd 3c 9c]
Seat 1: 1gofa (small blind) mucked [9d Td]
Seat 2: Mahu2021 (big blind) folded on the Flop
Seat 3: pooltae (button) showed [Qh 5s] and won (450) with two pair, Queens and Jacks



PokerStars Hand #244775471054: Tournament #3616119595, $9.30+$0.70 USD Hold'em No Limit - Level II (15/30) - 2023/07/12 21:21:40 CET [2023/07/12 15:21:40 ET]
Table '3616119595 1' 3-max Seat #1 is the button
Seat 1: 1gofa (470 in chips) 
Seat 2: Mahu2021 (260 in chips) 
Seat 3: pooltae (770 in chips) 
Mahu2021: posts small blind 15
pooltae: posts big blind 30
*** HOLE CARDS ***
Dealt to Mahu2021 [Jc 5h]
1gofa: raises 30 to 60
Mahu2021: folds 
pooltae: raises 710 to 770 and is all-in
1gofa: calls 410 and is all-in
Uncalled bet (300) returned to pooltae
*** FLOP *** [2h 4d 3c]
*** TURN *** [2h 4d 3c] [2d]
*** RIVER *** [2h 4d 3c 2d] [Th]
*** SHOW DOWN ***
pooltae: shows [7s 7h] (two pair, Sevens and Deuces)
1gofa: shows [9h Ah] (a pair of Deuces)
pooltae collected 955 from pot
1gofa finished the tournament in 3rd place
*** SUMMARY ***
Total pot 955 | Rake 0 
Board [2h 4d 3c 2d Th]
Seat 1: 1gofa (button) showed [9h Ah] and lost with a pair of Deuces
Seat 2: Mahu2021 (small blind) folded before Flop
Seat 3: pooltae (big blind) showed [7s 7h] and won (955) with two pair, Sevens and Deuces



PokerStars Hand #244775478559: Tournament #3616119595, $9.30+$0.70 USD Hold'em No Limit - Level II (15/30) - 2023/07/12 21:22:02 CET [2023/07/12 15:22:02 ET]
Table '3616119595 1' 3-max Seat #3 is the button
Seat 2: Mahu2021 (245 in chips) 
Seat 3: pooltae (1255 in chips) 
pooltae: posts small blind 15
Mahu2021: posts big blind 30
*** HOLE CARDS ***
Dealt to Mahu2021 [Th 8s]
pooltae: raises 1225 to 1255 and is all-in
Mahu2021: folds 
Uncalled bet (1225) returned to pooltae
pooltae collected 60 from pot
*** SUMMARY ***
Total pot 60 | Rake 0 
Seat 2: Mahu2021 (big blind) folded before Flop
Seat 3: pooltae (button) (small blind) collected (60)



PokerStars Hand #244775481530: Tournament #3616119595, $9.30+$0.70 USD Hold'em No Limit - Level II (15/30) - 2023/07/12 21:22:10 CET [2023/07/12 15:22:10 ET]
Table '3616119595 1' 3-max Seat #2 is the button
Seat 2: Mahu2021 (215 in chips) 
Seat 3: pooltae (1285 in chips) 
Mahu2021: posts small blind 15
pooltae: posts big blind 30
*** HOLE CARDS ***
Dealt to Mahu2021 [Ad Qs]
Mahu2021: calls 15
pooltae: checks 
*** FLOP *** [9d Ac 5s]
pooltae: bets 30
Mahu2021: raises 155 to 185 and is all-in
pooltae: calls 155
*** TURN *** [9d Ac 5s] [3s]
*** RIVER *** [9d Ac 5s 3s] [Kh]
*** SHOW DOWN ***
pooltae: shows [6s 8s] (high card Ace)
Mahu2021: shows [Ad Qs] (a pair of Aces)
Mahu2021 collected 430 from pot
*** SUMMARY ***
Total pot 430 | Rake 0 
Board [9d Ac 5s 3s Kh]
Seat 2: Mahu2021 (button) (small blind) showed [Ad Qs] and won (430) with a pair of Aces
Seat 3: pooltae (big blind) showed [6s 8s] and lost with high card Ace



PokerStars Hand #244775487534: Tournament #3616119595, $9.30+$0.70 USD Hold'em No Limit - Level II (15/30) - 2023/07/12 21:22:27 CET [2023/07/12 15:22:27 ET]
Table '3616119595 1' 3-max Seat #3 is the button
Seat 2: Mahu2021 (430 in chips) 
Seat 3: pooltae (1070 in chips) 
pooltae: posts small blind 15
Mahu2021: posts big blind 30
*** HOLE CARDS ***
Dealt to Mahu2021 [3h 2h]
pooltae: raises 1040 to 1070 and is all-in
Mahu2021: folds 
Uncalled bet (1040) returned to pooltae
pooltae collected 60 from pot
*** SUMMARY ***
Total pot 60 | Rake 0 
Seat 2: Mahu2021 (big blind) folded before Flop
Seat 3: pooltae (button) (small blind) collected (60)



PokerStars Hand #244775490236: Tournament #3616119595, $9.30+$0.70 USD Hold'em No Limit - Level II (15/30) - 2023/07/12 21:22:35 CET [2023/07/12 15:22:35 ET]
Table '3616119595 1' 3-max Seat #2 is the button
Seat 2: Mahu2021 (400 in chips) 
Seat 3: pooltae (1100 in chips) 
Mahu2021: posts small blind 15
pooltae: posts big blind 30
*** HOLE CARDS ***
Dealt to Mahu2021 [Qh 9s]
Mahu2021: calls 15
pooltae: checks 
*** FLOP *** [3c Ac Ts]
pooltae: bets 30
Mahu2021: folds 
Uncalled bet (30) returned to pooltae
pooltae collected 60 from pot
*** SUMMARY ***
Total pot 60 | Rake 0 
Board [3c Ac Ts]
Seat 2: Mahu2021 (button) (small blind) folded on the Flop
Seat 3: pooltae (big blind) collected (60)



PokerStars Hand #244775493565: Tournament #3616119595, $9.30+$0.70 USD Hold'em No Limit - Level II (15/30) - 2023/07/12 21:22:44 CET [2023/07/12 15:22:44 ET]
Table '3616119595 1' 3-max Seat #3 is the button
Seat 2: Mahu2021 (370 in chips) 
Seat 3: pooltae (1130 in chips) 
pooltae: posts small blind 15
Mahu2021: posts big blind 30
*** HOLE CARDS ***
Dealt to Mahu2021 [Tc Jc]
pooltae: calls 15
Mahu2021: checks 
*** FLOP *** [7s 6d 6h]
Mahu2021: checks 
pooltae: checks 
*** TURN *** [7s 6d 6h] [3s]
Mahu2021: checks 
pooltae: bets 30
Mahu2021: folds 
Uncalled bet (30) returned to pooltae
pooltae collected 60 from pot
*** SUMMARY ***
Total pot 60 | Rake 0 
Board [7s 6d 6h 3s]
Seat 2: Mahu2021 (big blind) folded on the Turn
Seat 3: pooltae (button) (small blind) collected (60)



PokerStars Hand #244775499282: Tournament #3616119595, $9.30+$0.70 USD Hold'em No Limit - Level III (20/40) - 2023/07/12 21:23:00 CET [2023/07/12 15:23:00 ET]
Table '3616119595 1' 3-max Seat #2 is the button
Seat 2: Mahu2021 (340 in chips) 
Seat 3: pooltae (1160 in chips) 
Mahu2021: posts small blind 20
pooltae: posts big blind 40
*** HOLE CARDS ***
Dealt to Mahu2021 [Td 5d]
Mahu2021: folds 
Uncalled bet (20) returned to pooltae
pooltae collected 40 from pot
*** SUMMARY ***
Total pot 40 | Rake 0 
Seat 2: Mahu2021 (button) (small blind) folded before Flop
Seat 3: pooltae (big blind) collected (40)



PokerStars Hand #244775501088: Tournament #3616119595, $9.30+$0.70 USD Hold'em No Limit - Level III (20/40) - 2023/07/12 21:23:05 CET [2023/07/12 15:23:05 ET]
Table '3616119595 1' 3-max Seat #3 is the button
Seat 2: Mahu2021 (320 in chips) 
Seat 3: pooltae (1180 in chips) 
pooltae: posts small blind 20
Mahu2021: posts big blind 40
*** HOLE CARDS ***
Dealt to Mahu2021 [5d 8s]
pooltae: calls 20
Mahu2021: checks 
*** FLOP *** [As Th 9s]
Mahu2021: checks 
pooltae: bets 40
Mahu2021: folds 
Uncalled bet (40) returned to pooltae
pooltae collected 80 from pot
*** SUMMARY ***
Total pot 80 | Rake 0 
Board [As Th 9s]
Seat 2: Mahu2021 (big blind) folded on the Flop
Seat 3: pooltae (button) (small blind) collected (80)



PokerStars Hand #244775504676: Tournament #3616119595, $9.30+$0.70 USD Hold'em No Limit - Level III (20/40) - 2023/07/12 21:23:15 CET [2023/07/12 15:23:15 ET]
Table '3616119595 1' 3-max Seat #2 is the button
Seat 2: Mahu2021 (280 in chips) 
Seat 3: pooltae (1220 in chips) 
Mahu2021: posts small blind 20
pooltae: posts big blind 40
*** HOLE CARDS ***
Dealt to Mahu2021 [Tc Qh]
Mahu2021: calls 20
pooltae: checks 
*** FLOP *** [3h 4c 7h]
pooltae: checks 
Mahu2021: checks 
*** TURN *** [3h 4c 7h] [Jc]
pooltae: bets 40
Mahu2021: folds 
Uncalled bet (40) returned to pooltae
pooltae collected 80 from pot
*** SUMMARY ***
Total pot 80 | Rake 0 
Board [3h 4c 7h Jc]
Seat 2: Mahu2021 (button) (small blind) folded on the Turn
Seat 3: pooltae (big blind) collected (80)



PokerStars Hand #244775509243: Tournament #3616119595, $9.30+$0.70 USD Hold'em No Limit - Level III (20/40) - 2023/07/12 21:23:28 CET [2023/07/12 15:23:28 ET]
Table '3616119595 1' 3-max Seat #3 is the button
Seat 2: Mahu2021 (240 in chips) 
Seat 3: pooltae (1260 in chips) 
pooltae: posts small blind 20
Mahu2021: posts big blind 40
*** HOLE CARDS ***
Dealt to Mahu2021 [2s 6c]
pooltae: folds 
Uncalled bet (20) returned to Mahu2021
Mahu2021 collected 40 from pot
Mahu2021: doesn't show hand 
*** SUMMARY ***
Total pot 40 | Rake 0 
Seat 2: Mahu2021 (big blind) collected (40)
Seat 3: pooltae (button) (small blind) folded before Flop



PokerStars Hand #244775510844: Tournament #3616119595, $9.30+$0.70 USD Hold'em No Limit - Level III (20/40) - 2023/07/12 21:23:33 CET [2023/07/12 15:23:33 ET]
Table '3616119595 1' 3-max Seat #2 is the button
Seat 2: Mahu2021 (260 in chips) 
Seat 3: pooltae (1240 in chips) 
Mahu2021: posts small blind 20
pooltae: posts big blind 40
*** HOLE CARDS ***
Dealt to Mahu2021 [5c 9d]
Mahu2021: folds 
Uncalled bet (20) returned to pooltae
pooltae collected 40 from pot
*** SUMMARY ***
Total pot 40 | Rake 0 
Seat 2: Mahu2021 (button) (small blind) folded before Flop
Seat 3: pooltae (big blind) collected (40)



PokerStars Hand #244775512521: Tournament #3616119595, $9.30+$0.70 USD Hold'em No Limit - Level III (20/40) - 2023/07/12 21:23:38 CET [2023/07/12 15:23:38 ET]
Table '3616119595 1' 3-max Seat #3 is the button
Seat 2: Mahu2021 (240 in chips) 
Seat 3: pooltae (1260 in chips) 
pooltae: posts small blind 20
Mahu2021: posts big blind 40
*** HOLE CARDS ***
Dealt to Mahu2021 [Kc 5c]
pooltae: raises 40 to 80
Mahu2021: raises 160 to 240 and is all-in
pooltae: calls 160
*** FLOP *** [Qh Ac 6c]
*** TURN *** [Qh Ac 6c] [8d]
*** RIVER *** [Qh Ac 6c 8d] [Qd]
*** SHOW DOWN ***
Mahu2021: shows [Kc 5c] (a pair of Queens)
pooltae: shows [Ks As] (two pair, Aces and Queens)
pooltae collected 480 from pot
Mahu2021 finished the tournament in 2nd place
pooltae wins the tournament and receives $20.00 - congratulations!
*** SUMMARY ***
Total pot 480 | Rake 0 
Board [Qh Ac 6c 8d Qd]
Seat 2: Mahu2021 (big blind) showed [Kc 5c] and lost with a pair of Queens
Seat 3: pooltae (button) (small blind) showed [Ks As] and won (480) with two pair, Aces and Queens



