PokerStars Hand #249886240238: Tournament #3739770401, $1.84+$0.16 USD Hold'em No Limit - Level I (10/20) - 2024/04/09 20:49:18 CET [2024/04/09 14:49:18 ET]
Table '3739770401 1' 3-max Seat #1 is the button
Seat 1: gini777gini (500 in chips) 
Seat 2: Mahu2021 (500 in chips) 
Seat 3: TheDonMaster27 (500 in chips) 
Mahu2021: posts small blind 10
TheDonMaster27: posts big blind 20
*** HOLE CARDS ***
Dealt to Mahu2021 [6c 8d]
gini777gini: folds 
Mahu2021: folds 
Uncalled bet (10) returned to TheDonMaster27
TheDonMaster27 collected 20 from pot
*** SUMMARY ***
Total pot 20 | Rake 0 
Seat 1: gini777gini (button) folded before Flop (didn't bet)
Seat 2: Mahu2021 (small blind) folded before Flop
Seat 3: TheDonMaster27 (big blind) collected (20)



PokerStars Hand #249886241826: Tournament #3739770401, $1.84+$0.16 USD Hold'em No Limit - Level I (10/20) - 2024/04/09 20:49:23 CET [2024/04/09 14:49:23 ET]
Table '3739770401 1' 3-max Seat #2 is the button
Seat 1: gini777gini (500 in chips) 
Seat 2: Mahu2021 (490 in chips) 
Seat 3: TheDonMaster27 (510 in chips) 
TheDonMaster27: posts small blind 10
gini777gini: posts big blind 20
*** HOLE CARDS ***
Dealt to Mahu2021 [3c 6s]
Mahu2021: folds 
TheDonMaster27: raises 20 to 40
gini777gini: calls 20
*** FLOP *** [6h Jc Tc]
TheDonMaster27: checks 
gini777gini: bets 40
TheDonMaster27: folds 
Uncalled bet (40) returned to gini777gini
gini777gini collected 80 from pot
*** SUMMARY ***
Total pot 80 | Rake 0 
Board [6h Jc Tc]
Seat 1: gini777gini (big blind) collected (80)
Seat 2: Mahu2021 (button) folded before Flop (didn't bet)
Seat 3: TheDonMaster27 (small blind) folded on the Flop



PokerStars Hand #249886250837: Tournament #3739770401, $1.84+$0.16 USD Hold'em No Limit - Level I (10/20) - 2024/04/09 20:49:53 CET [2024/04/09 14:49:53 ET]
Table '3739770401 1' 3-max Seat #3 is the button
Seat 1: gini777gini (540 in chips) 
Seat 2: Mahu2021 (490 in chips) 
Seat 3: TheDonMaster27 (470 in chips) 
gini777gini: posts small blind 10
Mahu2021: posts big blind 20
*** HOLE CARDS ***
Dealt to Mahu2021 [Ts 8s]
TheDonMaster27: folds 
gini777gini: folds 
Uncalled bet (10) returned to Mahu2021
Mahu2021 collected 20 from pot
Mahu2021: doesn't show hand 
*** SUMMARY ***
Total pot 20 | Rake 0 
Seat 1: gini777gini (small blind) folded before Flop
Seat 2: Mahu2021 (big blind) collected (20)
Seat 3: TheDonMaster27 (button) folded before Flop (didn't bet)



PokerStars Hand #249886252643: Tournament #3739770401, $1.84+$0.16 USD Hold'em No Limit - Level I (10/20) - 2024/04/09 20:49:59 CET [2024/04/09 14:49:59 ET]
Table '3739770401 1' 3-max Seat #1 is the button
Seat 1: gini777gini (530 in chips) 
Seat 2: Mahu2021 (500 in chips) 
Seat 3: TheDonMaster27 (470 in chips) 
Mahu2021: posts small blind 10
TheDonMaster27: posts big blind 20
*** HOLE CARDS ***
Dealt to Mahu2021 [As 2h]
gini777gini: raises 40 to 60
Mahu2021: folds 
TheDonMaster27: calls 40
*** FLOP *** [3s Qs 8s]
TheDonMaster27: checks 
gini777gini: checks 
*** TURN *** [3s Qs 8s] [5c]
TheDonMaster27: checks 
gini777gini: checks 
*** RIVER *** [3s Qs 8s 5c] [Th]
TheDonMaster27: bets 130
gini777gini: folds 
Uncalled bet (130) returned to TheDonMaster27
TheDonMaster27 collected 130 from pot
*** SUMMARY ***
Total pot 130 | Rake 0 
Board [3s Qs 8s 5c Th]
Seat 1: gini777gini (button) folded on the River
Seat 2: Mahu2021 (small blind) folded before Flop
Seat 3: TheDonMaster27 (big blind) collected (130)



PokerStars Hand #249886259647: Tournament #3739770401, $1.84+$0.16 USD Hold'em No Limit - Level I (10/20) - 2024/04/09 20:50:22 CET [2024/04/09 14:50:22 ET]
Table '3739770401 1' 3-max Seat #2 is the button
Seat 1: gini777gini (470 in chips) 
Seat 2: Mahu2021 (490 in chips) 
Seat 3: TheDonMaster27 (540 in chips) 
TheDonMaster27: posts small blind 10
gini777gini: posts big blind 20
*** HOLE CARDS ***
Dealt to Mahu2021 [5h Ah]
Mahu2021: raises 20 to 40
TheDonMaster27: calls 30
gini777gini: calls 20
*** FLOP *** [2d 7s 3d]
TheDonMaster27: checks 
gini777gini: checks 
Mahu2021: checks 
*** TURN *** [2d 7s 3d] [6d]
TheDonMaster27: bets 40
gini777gini: folds 
Mahu2021: calls 40
*** RIVER *** [2d 7s 3d 6d] [9d]
TheDonMaster27: bets 100
Mahu2021: folds 
Uncalled bet (100) returned to TheDonMaster27
TheDonMaster27 collected 200 from pot
*** SUMMARY ***
Total pot 200 | Rake 0 
Board [2d 7s 3d 6d 9d]
Seat 1: gini777gini (big blind) folded on the Turn
Seat 2: Mahu2021 (button) folded on the River
Seat 3: TheDonMaster27 (small blind) collected (200)



PokerStars Hand #249886269731: Tournament #3739770401, $1.84+$0.16 USD Hold'em No Limit - Level I (10/20) - 2024/04/09 20:50:54 CET [2024/04/09 14:50:54 ET]
Table '3739770401 1' 3-max Seat #3 is the button
Seat 1: gini777gini (430 in chips) 
Seat 2: Mahu2021 (410 in chips) 
Seat 3: TheDonMaster27 (660 in chips) 
gini777gini: posts small blind 10
Mahu2021: posts big blind 20
*** HOLE CARDS ***
Dealt to Mahu2021 [8h As]
TheDonMaster27: raises 40 to 60
gini777gini: folds 
Mahu2021: calls 40
*** FLOP *** [Th 7d Js]
Mahu2021: checks 
TheDonMaster27: checks 
*** TURN *** [Th 7d Js] [4h]
Mahu2021: bets 40
TheDonMaster27: calls 40
*** RIVER *** [Th 7d Js 4h] [Jh]
Mahu2021: bets 210
TheDonMaster27: folds 
Uncalled bet (210) returned to Mahu2021
Mahu2021 collected 210 from pot
Mahu2021: doesn't show hand 
*** SUMMARY ***
Total pot 210 | Rake 0 
Board [Th 7d Js 4h Jh]
Seat 1: gini777gini (small blind) folded before Flop
Seat 2: Mahu2021 (big blind) collected (210)
Seat 3: TheDonMaster27 (button) folded on the River



PokerStars Hand #249886275221: Tournament #3739770401, $1.84+$0.16 USD Hold'em No Limit - Level I (10/20) - 2024/04/09 20:51:13 CET [2024/04/09 14:51:13 ET]
Table '3739770401 1' 3-max Seat #1 is the button
Seat 1: gini777gini (420 in chips) 
Seat 2: Mahu2021 (520 in chips) 
Seat 3: TheDonMaster27 (560 in chips) 
Mahu2021: posts small blind 10
TheDonMaster27: posts big blind 20
*** HOLE CARDS ***
Dealt to Mahu2021 [8d Ah]
gini777gini: folds 
Mahu2021: raises 20 to 40
TheDonMaster27: raises 60 to 100
Mahu2021: folds 
Uncalled bet (60) returned to TheDonMaster27
TheDonMaster27 collected 80 from pot
*** SUMMARY ***
Total pot 80 | Rake 0 
Seat 1: gini777gini (button) folded before Flop (didn't bet)
Seat 2: Mahu2021 (small blind) folded before Flop
Seat 3: TheDonMaster27 (big blind) collected (80)



PokerStars Hand #249886282311: Tournament #3739770401, $1.84+$0.16 USD Hold'em No Limit - Level II (15/30) - 2024/04/09 20:51:36 CET [2024/04/09 14:51:36 ET]
Table '3739770401 1' 3-max Seat #2 is the button
Seat 1: gini777gini (420 in chips) 
Seat 2: Mahu2021 (480 in chips) 
Seat 3: TheDonMaster27 (600 in chips) 
TheDonMaster27: posts small blind 15
gini777gini: posts big blind 30
*** HOLE CARDS ***
Dealt to Mahu2021 [3s 4h]
Mahu2021: folds 
TheDonMaster27: folds 
Uncalled bet (15) returned to gini777gini
gini777gini collected 30 from pot
*** SUMMARY ***
Total pot 30 | Rake 0 
Seat 1: gini777gini (big blind) collected (30)
Seat 2: Mahu2021 (button) folded before Flop (didn't bet)
Seat 3: TheDonMaster27 (small blind) folded before Flop



PokerStars Hand #249886284027: Tournament #3739770401, $1.84+$0.16 USD Hold'em No Limit - Level II (15/30) - 2024/04/09 20:51:41 CET [2024/04/09 14:51:41 ET]
Table '3739770401 1' 3-max Seat #3 is the button
Seat 1: gini777gini (435 in chips) 
Seat 2: Mahu2021 (480 in chips) 
Seat 3: TheDonMaster27 (585 in chips) 
gini777gini: posts small blind 15
Mahu2021: posts big blind 30
*** HOLE CARDS ***
Dealt to Mahu2021 [8c 3h]
TheDonMaster27: raises 30 to 60
gini777gini: folds 
Mahu2021: folds 
Uncalled bet (30) returned to TheDonMaster27
TheDonMaster27 collected 75 from pot
*** SUMMARY ***
Total pot 75 | Rake 0 
Seat 1: gini777gini (small blind) folded before Flop
Seat 2: Mahu2021 (big blind) folded before Flop
Seat 3: TheDonMaster27 (button) collected (75)



PokerStars Hand #249886287732: Tournament #3739770401, $1.84+$0.16 USD Hold'em No Limit - Level II (15/30) - 2024/04/09 20:51:53 CET [2024/04/09 14:51:53 ET]
Table '3739770401 1' 3-max Seat #1 is the button
Seat 1: gini777gini (420 in chips) 
Seat 2: Mahu2021 (450 in chips) 
Seat 3: TheDonMaster27 (630 in chips) 
Mahu2021: posts small blind 15
TheDonMaster27: posts big blind 30
*** HOLE CARDS ***
Dealt to Mahu2021 [3c 8c]
gini777gini: calls 30
Mahu2021: folds 
TheDonMaster27: checks 
*** FLOP *** [Ts 5s 5d]
TheDonMaster27: checks 
gini777gini: checks 
*** TURN *** [Ts 5s 5d] [Jc]
TheDonMaster27: checks 
gini777gini: bets 38
TheDonMaster27: folds 
Uncalled bet (38) returned to gini777gini
gini777gini collected 75 from pot
*** SUMMARY ***
Total pot 75 | Rake 0 
Board [Ts 5s 5d Jc]
Seat 1: gini777gini (button) collected (75)
Seat 2: Mahu2021 (small blind) folded before Flop
Seat 3: TheDonMaster27 (big blind) folded on the Turn



PokerStars Hand #249886293391: Tournament #3739770401, $1.84+$0.16 USD Hold'em No Limit - Level II (15/30) - 2024/04/09 20:52:12 CET [2024/04/09 14:52:12 ET]
Table '3739770401 1' 3-max Seat #2 is the button
Seat 1: gini777gini (465 in chips) 
Seat 2: Mahu2021 (435 in chips) 
Seat 3: TheDonMaster27 (600 in chips) 
TheDonMaster27: posts small blind 15
gini777gini: posts big blind 30
*** HOLE CARDS ***
Dealt to Mahu2021 [7c Qc]
Mahu2021: calls 30
TheDonMaster27: folds 
gini777gini: checks 
*** FLOP *** [Jh 8s Ad]
gini777gini: checks 
Mahu2021: checks 
*** TURN *** [Jh 8s Ad] [9h]
gini777gini: checks 
Mahu2021: checks 
*** RIVER *** [Jh 8s Ad 9h] [Ks]
gini777gini: checks 
Mahu2021: bets 30
gini777gini: folds 
Uncalled bet (30) returned to Mahu2021
Mahu2021 collected 75 from pot
Mahu2021: doesn't show hand 
*** SUMMARY ***
Total pot 75 | Rake 0 
Board [Jh 8s Ad 9h Ks]
Seat 1: gini777gini (big blind) folded on the River
Seat 2: Mahu2021 (button) collected (75)
Seat 3: TheDonMaster27 (small blind) folded before Flop



PokerStars Hand #249886300886: Tournament #3739770401, $1.84+$0.16 USD Hold'em No Limit - Level II (15/30) - 2024/04/09 20:52:36 CET [2024/04/09 14:52:36 ET]
Table '3739770401 1' 3-max Seat #3 is the button
Seat 1: gini777gini (435 in chips) 
Seat 2: Mahu2021 (480 in chips) 
Seat 3: TheDonMaster27 (585 in chips) 
gini777gini: posts small blind 15
Mahu2021: posts big blind 30
*** HOLE CARDS ***
Dealt to Mahu2021 [6h 9d]
TheDonMaster27: raises 30 to 60
gini777gini: folds 
Mahu2021: folds 
Uncalled bet (30) returned to TheDonMaster27
TheDonMaster27 collected 75 from pot
*** SUMMARY ***
Total pot 75 | Rake 0 
Seat 1: gini777gini (small blind) folded before Flop
Seat 2: Mahu2021 (big blind) folded before Flop
Seat 3: TheDonMaster27 (button) collected (75)



PokerStars Hand #249886303079: Tournament #3739770401, $1.84+$0.16 USD Hold'em No Limit - Level II (15/30) - 2024/04/09 20:52:43 CET [2024/04/09 14:52:43 ET]
Table '3739770401 1' 3-max Seat #1 is the button
Seat 1: gini777gini (420 in chips) 
Seat 2: Mahu2021 (450 in chips) 
Seat 3: TheDonMaster27 (630 in chips) 
Mahu2021: posts small blind 15
TheDonMaster27: posts big blind 30
*** HOLE CARDS ***
Dealt to Mahu2021 [8c Kd]
gini777gini: folds 
Mahu2021: calls 15
TheDonMaster27: raises 60 to 90
Mahu2021: folds 
Uncalled bet (60) returned to TheDonMaster27
TheDonMaster27 collected 60 from pot
*** SUMMARY ***
Total pot 60 | Rake 0 
Seat 1: gini777gini (button) folded before Flop (didn't bet)
Seat 2: Mahu2021 (small blind) folded before Flop
Seat 3: TheDonMaster27 (big blind) collected (60)



PokerStars Hand #249886306262: Tournament #3739770401, $1.84+$0.16 USD Hold'em No Limit - Level II (15/30) - 2024/04/09 20:52:53 CET [2024/04/09 14:52:53 ET]
Table '3739770401 1' 3-max Seat #2 is the button
Seat 1: gini777gini (420 in chips) 
Seat 2: Mahu2021 (420 in chips) 
Seat 3: TheDonMaster27 (660 in chips) 
TheDonMaster27: posts small blind 15
gini777gini: posts big blind 30
*** HOLE CARDS ***
Dealt to Mahu2021 [Qh 8d]
Mahu2021: calls 30
TheDonMaster27: calls 15
gini777gini: raises 60 to 90
Mahu2021: folds 
TheDonMaster27: folds 
Uncalled bet (60) returned to gini777gini
gini777gini collected 90 from pot
*** SUMMARY ***
Total pot 90 | Rake 0 
Seat 1: gini777gini (big blind) collected (90)
Seat 2: Mahu2021 (button) folded before Flop
Seat 3: TheDonMaster27 (small blind) folded before Flop



PokerStars Hand #249886309701: Tournament #3739770401, $1.84+$0.16 USD Hold'em No Limit - Level II (15/30) - 2024/04/09 20:53:05 CET [2024/04/09 14:53:05 ET]
Table '3739770401 1' 3-max Seat #3 is the button
Seat 1: gini777gini (480 in chips) 
Seat 2: Mahu2021 (390 in chips) 
Seat 3: TheDonMaster27 (630 in chips) 
gini777gini: posts small blind 15
Mahu2021: posts big blind 30
*** HOLE CARDS ***
Dealt to Mahu2021 [5d 9s]
TheDonMaster27: raises 30 to 60
gini777gini: calls 45
Mahu2021: folds 
*** FLOP *** [Qs Ts 2s]
gini777gini: checks 
TheDonMaster27: checks 
*** TURN *** [Qs Ts 2s] [7c]
gini777gini: checks 
TheDonMaster27: bets 30
gini777gini: calls 30
*** RIVER *** [Qs Ts 2s 7c] [Ah]
gini777gini: checks 
TheDonMaster27: checks 
*** SHOW DOWN ***
gini777gini: shows [As Jd] (a pair of Aces)
TheDonMaster27: mucks hand 
gini777gini collected 210 from pot
*** SUMMARY ***
Total pot 210 | Rake 0 
Board [Qs Ts 2s 7c Ah]
Seat 1: gini777gini (small blind) showed [As Jd] and won (210) with a pair of Aces
Seat 2: Mahu2021 (big blind) folded before Flop
Seat 3: TheDonMaster27 (button) mucked [Qd 9d]



PokerStars Hand #249886319913: Tournament #3739770401, $1.84+$0.16 USD Hold'em No Limit - Level III (20/40) - 2024/04/09 20:53:39 CET [2024/04/09 14:53:39 ET]
Table '3739770401 1' 3-max Seat #1 is the button
Seat 1: gini777gini (600 in chips) 
Seat 2: Mahu2021 (360 in chips) 
Seat 3: TheDonMaster27 (540 in chips) 
Mahu2021: posts small blind 20
TheDonMaster27: posts big blind 40
*** HOLE CARDS ***
Dealt to Mahu2021 [4h 5h]
gini777gini: calls 40
Mahu2021: calls 20
TheDonMaster27: checks 
*** FLOP *** [3c 5c Kc]
Mahu2021: checks 
TheDonMaster27: checks 
gini777gini: bets 60
Mahu2021: folds 
TheDonMaster27: calls 60
*** TURN *** [3c 5c Kc] [Js]
TheDonMaster27: checks 
gini777gini: bets 160
TheDonMaster27: calls 160
*** RIVER *** [3c 5c Kc Js] [9s]
TheDonMaster27: checks 
gini777gini: bets 280
TheDonMaster27: calls 280 and is all-in
*** SHOW DOWN ***
gini777gini: shows [7c 8c] (a flush, King high)
TheDonMaster27: shows [Qs Jc] (a pair of Jacks)
gini777gini collected 1120 from pot
TheDonMaster27 finished the tournament in 3rd place
*** SUMMARY ***
Total pot 1120 | Rake 0 
Board [3c 5c Kc Js 9s]
Seat 1: gini777gini (button) showed [7c 8c] and won (1120) with a flush, King high
Seat 2: Mahu2021 (small blind) folded on the Flop
Seat 3: TheDonMaster27 (big blind) showed [Qs Jc] and lost with a pair of Jacks



PokerStars Hand #249886331687: Tournament #3739770401, $1.84+$0.16 USD Hold'em No Limit - Level III (20/40) - 2024/04/09 20:54:18 CET [2024/04/09 14:54:18 ET]
Table '3739770401 1' 3-max Seat #2 is the button
Seat 1: gini777gini (1180 in chips) 
Seat 2: Mahu2021 (320 in chips) 
Mahu2021: posts small blind 20
gini777gini: posts big blind 40
*** HOLE CARDS ***
Dealt to Mahu2021 [Th Ad]
Mahu2021: calls 20
gini777gini: checks 
*** FLOP *** [Qs 6d 5c]
gini777gini: checks 
Mahu2021: bets 40
gini777gini: calls 40
*** TURN *** [Qs 6d 5c] [3h]
gini777gini: checks 
Mahu2021: checks 
*** RIVER *** [Qs 6d 5c 3h] [8d]
gini777gini: bets 160
Mahu2021: folds 
Uncalled bet (160) returned to gini777gini
gini777gini collected 160 from pot
*** SUMMARY ***
Total pot 160 | Rake 0 
Board [Qs 6d 5c 3h 8d]
Seat 1: gini777gini (big blind) collected (160)
Seat 2: Mahu2021 (button) (small blind) folded on the River



PokerStars Hand #249886337574: Tournament #3739770401, $1.84+$0.16 USD Hold'em No Limit - Level III (20/40) - 2024/04/09 20:54:37 CET [2024/04/09 14:54:37 ET]
Table '3739770401 1' 3-max Seat #1 is the button
Seat 1: gini777gini (1260 in chips) 
Seat 2: Mahu2021 (240 in chips) 
gini777gini: posts small blind 20
Mahu2021: posts big blind 40
*** HOLE CARDS ***
Dealt to Mahu2021 [6s Ks]
gini777gini: calls 20
Mahu2021: checks 
*** FLOP *** [5c 9c Jh]
Mahu2021: checks 
gini777gini: checks 
*** TURN *** [5c 9c Jh] [Kh]
Mahu2021: bets 40
gini777gini: folds 
Uncalled bet (40) returned to Mahu2021
Mahu2021 collected 80 from pot
Mahu2021: doesn't show hand 
*** SUMMARY ***
Total pot 80 | Rake 0 
Board [5c 9c Jh Kh]
Seat 1: gini777gini (button) (small blind) folded on the Turn
Seat 2: Mahu2021 (big blind) collected (80)



PokerStars Hand #249886341381: Tournament #3739770401, $1.84+$0.16 USD Hold'em No Limit - Level III (20/40) - 2024/04/09 20:54:49 CET [2024/04/09 14:54:49 ET]
Table '3739770401 1' 3-max Seat #2 is the button
Seat 1: gini777gini (1220 in chips) 
Seat 2: Mahu2021 (280 in chips) 
Mahu2021: posts small blind 20
gini777gini: posts big blind 40
*** HOLE CARDS ***
Dealt to Mahu2021 [6d Qh]
Mahu2021: calls 20
gini777gini: raises 1180 to 1220 and is all-in
Mahu2021: folds 
Uncalled bet (1180) returned to gini777gini
gini777gini collected 80 from pot
*** SUMMARY ***
Total pot 80 | Rake 0 
Seat 1: gini777gini (big blind) collected (80)
Seat 2: Mahu2021 (button) (small blind) folded before Flop



PokerStars Hand #249886343904: Tournament #3739770401, $1.84+$0.16 USD Hold'em No Limit - Level III (20/40) - 2024/04/09 20:54:58 CET [2024/04/09 14:54:58 ET]
Table '3739770401 1' 3-max Seat #1 is the button
Seat 1: gini777gini (1260 in chips) 
Seat 2: Mahu2021 (240 in chips) 
gini777gini: posts small blind 20
Mahu2021: posts big blind 40
*** HOLE CARDS ***
Dealt to Mahu2021 [2c 4h]
gini777gini: calls 20
Mahu2021: checks 
*** FLOP *** [Jc 2h 9s]
Mahu2021: checks 
gini777gini: bets 80
Mahu2021: folds 
Uncalled bet (80) returned to gini777gini
gini777gini collected 80 from pot
*** SUMMARY ***
Total pot 80 | Rake 0 
Board [Jc 2h 9s]
Seat 1: gini777gini (button) (small blind) collected (80)
Seat 2: Mahu2021 (big blind) folded on the Flop



PokerStars Hand #249886347959: Tournament #3739770401, $1.84+$0.16 USD Hold'em No Limit - Level III (20/40) - 2024/04/09 20:55:11 CET [2024/04/09 14:55:11 ET]
Table '3739770401 1' 3-max Seat #2 is the button
Seat 1: gini777gini (1300 in chips) 
Seat 2: Mahu2021 (200 in chips) 
Mahu2021: posts small blind 20
gini777gini: posts big blind 40
*** HOLE CARDS ***
Dealt to Mahu2021 [2d 3s]
Mahu2021: folds 
Uncalled bet (20) returned to gini777gini
gini777gini collected 40 from pot
*** SUMMARY ***
Total pot 40 | Rake 0 
Seat 1: gini777gini (big blind) collected (40)
Seat 2: Mahu2021 (button) (small blind) folded before Flop



PokerStars Hand #249886349229: Tournament #3739770401, $1.84+$0.16 USD Hold'em No Limit - Level III (20/40) - 2024/04/09 20:55:16 CET [2024/04/09 14:55:16 ET]
Table '3739770401 1' 3-max Seat #1 is the button
Seat 1: gini777gini (1320 in chips) 
Seat 2: Mahu2021 (180 in chips) 
gini777gini: posts small blind 20
Mahu2021: posts big blind 40
*** HOLE CARDS ***
Dealt to Mahu2021 [Kc Jc]
gini777gini: folds 
Uncalled bet (20) returned to Mahu2021
Mahu2021 collected 40 from pot
Mahu2021: doesn't show hand 
*** SUMMARY ***
Total pot 40 | Rake 0 
Seat 1: gini777gini (button) (small blind) folded before Flop
Seat 2: Mahu2021 (big blind) collected (40)



PokerStars Hand #249886350924: Tournament #3739770401, $1.84+$0.16 USD Hold'em No Limit - Level IV (30/60) - 2024/04/09 20:55:23 CET [2024/04/09 14:55:23 ET]
Table '3739770401 1' 3-max Seat #2 is the button
Seat 1: gini777gini (1300 in chips) 
Seat 2: Mahu2021 (200 in chips) 
Mahu2021: posts small blind 30
gini777gini: posts big blind 60
*** HOLE CARDS ***
Dealt to Mahu2021 [Kd 7c]
Mahu2021: raises 140 to 200 and is all-in
gini777gini: folds 
Uncalled bet (140) returned to Mahu2021
Mahu2021 collected 120 from pot
Mahu2021: doesn't show hand 
*** SUMMARY ***
Total pot 120 | Rake 0 
Seat 1: gini777gini (big blind) folded before Flop
Seat 2: Mahu2021 (button) (small blind) collected (120)



PokerStars Hand #249886352283: Tournament #3739770401, $1.84+$0.16 USD Hold'em No Limit - Level IV (30/60) - 2024/04/09 20:55:29 CET [2024/04/09 14:55:29 ET]
Table '3739770401 1' 3-max Seat #1 is the button
Seat 1: gini777gini (1240 in chips) 
Seat 2: Mahu2021 (260 in chips) 
gini777gini: posts small blind 30
Mahu2021: posts big blind 60
*** HOLE CARDS ***
Dealt to Mahu2021 [8d Kc]
gini777gini: folds 
Uncalled bet (30) returned to Mahu2021
Mahu2021 collected 60 from pot
Mahu2021: doesn't show hand 
*** SUMMARY ***
Total pot 60 | Rake 0 
Seat 1: gini777gini (button) (small blind) folded before Flop
Seat 2: Mahu2021 (big blind) collected (60)



PokerStars Hand #249886353140: Tournament #3739770401, $1.84+$0.16 USD Hold'em No Limit - Level IV (30/60) - 2024/04/09 20:55:34 CET [2024/04/09 14:55:34 ET]
Table '3739770401 1' 3-max Seat #2 is the button
Seat 1: gini777gini (1210 in chips) 
Seat 2: Mahu2021 (290 in chips) 
Mahu2021: posts small blind 30
gini777gini: posts big blind 60
*** HOLE CARDS ***
Dealt to Mahu2021 [5c 3d]
Mahu2021: folds 
Uncalled bet (30) returned to gini777gini
gini777gini collected 60 from pot
*** SUMMARY ***
Total pot 60 | Rake 0 
Seat 1: gini777gini (big blind) collected (60)
Seat 2: Mahu2021 (button) (small blind) folded before Flop



PokerStars Hand #249886354120: Tournament #3739770401, $1.84+$0.16 USD Hold'em No Limit - Level IV (30/60) - 2024/04/09 20:55:38 CET [2024/04/09 14:55:38 ET]
Table '3739770401 1' 3-max Seat #1 is the button
Seat 1: gini777gini (1240 in chips) 
Seat 2: Mahu2021 (260 in chips) 
gini777gini: posts small blind 30
Mahu2021: posts big blind 60
*** HOLE CARDS ***
Dealt to Mahu2021 [Jh Kd]
gini777gini: calls 30
Mahu2021: raises 200 to 260 and is all-in
gini777gini: folds 
Uncalled bet (200) returned to Mahu2021
Mahu2021 collected 120 from pot
Mahu2021: doesn't show hand 
*** SUMMARY ***
Total pot 120 | Rake 0 
Seat 1: gini777gini (button) (small blind) folded before Flop
Seat 2: Mahu2021 (big blind) collected (120)



PokerStars Hand #249886355684: Tournament #3739770401, $1.84+$0.16 USD Hold'em No Limit - Level IV (30/60) - 2024/04/09 20:55:45 CET [2024/04/09 14:55:45 ET]
Table '3739770401 1' 3-max Seat #2 is the button
Seat 1: gini777gini (1180 in chips) 
Seat 2: Mahu2021 (320 in chips) 
Mahu2021: posts small blind 30
gini777gini: posts big blind 60
*** HOLE CARDS ***
Dealt to Mahu2021 [7s Jh]
Mahu2021: raises 260 to 320 and is all-in
gini777gini: folds 
Uncalled bet (260) returned to Mahu2021
Mahu2021 collected 120 from pot
Mahu2021: doesn't show hand 
*** SUMMARY ***
Total pot 120 | Rake 0 
Seat 1: gini777gini (big blind) folded before Flop
Seat 2: Mahu2021 (button) (small blind) collected (120)



PokerStars Hand #249886356997: Tournament #3739770401, $1.84+$0.16 USD Hold'em No Limit - Level IV (30/60) - 2024/04/09 20:55:51 CET [2024/04/09 14:55:51 ET]
Table '3739770401 1' 3-max Seat #1 is the button
Seat 1: gini777gini (1120 in chips) 
Seat 2: Mahu2021 (380 in chips) 
gini777gini: posts small blind 30
Mahu2021: posts big blind 60
*** HOLE CARDS ***
Dealt to Mahu2021 [2h 7s]
gini777gini: raises 120 to 180
Mahu2021: folds 
Uncalled bet (120) returned to gini777gini
gini777gini collected 120 from pot
*** SUMMARY ***
Total pot 120 | Rake 0 
Seat 1: gini777gini (button) (small blind) collected (120)
Seat 2: Mahu2021 (big blind) folded before Flop



PokerStars Hand #249886358195: Tournament #3739770401, $1.84+$0.16 USD Hold'em No Limit - Level IV (30/60) - 2024/04/09 20:55:57 CET [2024/04/09 14:55:57 ET]
Table '3739770401 1' 3-max Seat #2 is the button
Seat 1: gini777gini (1180 in chips) 
Seat 2: Mahu2021 (320 in chips) 
Mahu2021: posts small blind 30
gini777gini: posts big blind 60
*** HOLE CARDS ***
Dealt to Mahu2021 [7d 8s]
Mahu2021: calls 30
gini777gini: checks 
*** FLOP *** [Kd Ah Jc]
gini777gini: checks 
Mahu2021: bets 60
gini777gini: folds 
Uncalled bet (60) returned to Mahu2021
Mahu2021 collected 120 from pot
Mahu2021: doesn't show hand 
*** SUMMARY ***
Total pot 120 | Rake 0 
Board [Kd Ah Jc]
Seat 1: gini777gini (big blind) folded on the Flop
Seat 2: Mahu2021 (button) (small blind) collected (120)



PokerStars Hand #249886360906: Tournament #3739770401, $1.84+$0.16 USD Hold'em No Limit - Level IV (30/60) - 2024/04/09 20:56:09 CET [2024/04/09 14:56:09 ET]
Table '3739770401 1' 3-max Seat #1 is the button
Seat 1: gini777gini (1120 in chips) 
Seat 2: Mahu2021 (380 in chips) 
gini777gini: posts small blind 30
Mahu2021: posts big blind 60
*** HOLE CARDS ***
Dealt to Mahu2021 [Kd 8h]
gini777gini: calls 30
Mahu2021: checks 
*** FLOP *** [7c Ah 7d]
Mahu2021: checks 
gini777gini: checks 
*** TURN *** [7c Ah 7d] [Qh]
Mahu2021: bets 60
gini777gini: folds 
Uncalled bet (60) returned to Mahu2021
Mahu2021 collected 120 from pot
Mahu2021: doesn't show hand 
*** SUMMARY ***
Total pot 120 | Rake 0 
Board [7c Ah 7d Qh]
Seat 1: gini777gini (button) (small blind) folded on the Turn
Seat 2: Mahu2021 (big blind) collected (120)



PokerStars Hand #249886364070: Tournament #3739770401, $1.84+$0.16 USD Hold'em No Limit - Level IV (30/60) - 2024/04/09 20:56:24 CET [2024/04/09 14:56:24 ET]
Table '3739770401 1' 3-max Seat #2 is the button
Seat 1: gini777gini (1060 in chips) 
Seat 2: Mahu2021 (440 in chips) 
Mahu2021: posts small blind 30
gini777gini: posts big blind 60
*** HOLE CARDS ***
Dealt to Mahu2021 [Qs As]
Mahu2021: calls 30
gini777gini: checks 
*** FLOP *** [Jd Qc 9h]
gini777gini: checks 
Mahu2021: bets 60
gini777gini: calls 60
*** TURN *** [Jd Qc 9h] [5c]
gini777gini: checks 
Mahu2021: bets 60
gini777gini: calls 60
*** RIVER *** [Jd Qc 9h 5c] [2h]
gini777gini: checks 
Mahu2021: bets 260 and is all-in
gini777gini: calls 260
*** SHOW DOWN ***
Mahu2021: shows [Qs As] (a pair of Queens)
gini777gini: shows [9d Tc] (a pair of Nines)
Mahu2021 collected 880 from pot
*** SUMMARY ***
Total pot 880 | Rake 0 
Board [Jd Qc 9h 5c 2h]
Seat 1: gini777gini (big blind) showed [9d Tc] and lost with a pair of Nines
Seat 2: Mahu2021 (button) (small blind) showed [Qs As] and won (880) with a pair of Queens



PokerStars Hand #249886369708: Tournament #3739770401, $1.84+$0.16 USD Hold'em No Limit - Level IV (30/60) - 2024/04/09 20:56:49 CET [2024/04/09 14:56:49 ET]
Table '3739770401 1' 3-max Seat #1 is the button
Seat 1: gini777gini (620 in chips) 
Seat 2: Mahu2021 (880 in chips) 
gini777gini: posts small blind 30
Mahu2021: posts big blind 60
*** HOLE CARDS ***
Dealt to Mahu2021 [4c 3c]
gini777gini: folds 
Uncalled bet (30) returned to Mahu2021
Mahu2021 collected 60 from pot
Mahu2021: doesn't show hand 
*** SUMMARY ***
Total pot 60 | Rake 0 
Seat 1: gini777gini (button) (small blind) folded before Flop
Seat 2: Mahu2021 (big blind) collected (60)



PokerStars Hand #249886371663: Tournament #3739770401, $1.84+$0.16 USD Hold'em No Limit - Level IV (30/60) - 2024/04/09 20:56:58 CET [2024/04/09 14:56:58 ET]
Table '3739770401 1' 3-max Seat #2 is the button
Seat 1: gini777gini (590 in chips) 
Seat 2: Mahu2021 (910 in chips) 
Mahu2021: posts small blind 30
gini777gini: posts big blind 60
*** HOLE CARDS ***
Dealt to Mahu2021 [2d 4h]
Mahu2021: calls 30
gini777gini: checks 
*** FLOP *** [Ah 5s Td]
gini777gini: checks 
Mahu2021: bets 60
gini777gini: folds 
Uncalled bet (60) returned to Mahu2021
Mahu2021 collected 120 from pot
Mahu2021: doesn't show hand 
*** SUMMARY ***
Total pot 120 | Rake 0 
Board [Ah 5s Td]
Seat 1: gini777gini (big blind) folded on the Flop
Seat 2: Mahu2021 (button) (small blind) collected (120)



PokerStars Hand #249886374536: Tournament #3739770401, $1.84+$0.16 USD Hold'em No Limit - Level IV (30/60) - 2024/04/09 20:57:11 CET [2024/04/09 14:57:11 ET]
Table '3739770401 1' 3-max Seat #1 is the button
Seat 1: gini777gini (530 in chips) 
Seat 2: Mahu2021 (970 in chips) 
gini777gini: posts small blind 30
Mahu2021: posts big blind 60
*** HOLE CARDS ***
Dealt to Mahu2021 [Td Js]
gini777gini: folds 
Uncalled bet (30) returned to Mahu2021
Mahu2021 collected 60 from pot
Mahu2021: doesn't show hand 
*** SUMMARY ***
Total pot 60 | Rake 0 
Seat 1: gini777gini (button) (small blind) folded before Flop
Seat 2: Mahu2021 (big blind) collected (60)



PokerStars Hand #249886375523: Tournament #3739770401, $1.84+$0.16 USD Hold'em No Limit - Level IV (30/60) - 2024/04/09 20:57:15 CET [2024/04/09 14:57:15 ET]
Table '3739770401 1' 3-max Seat #2 is the button
Seat 1: gini777gini (500 in chips) 
Seat 2: Mahu2021 (1000 in chips) 
Mahu2021: posts small blind 30
gini777gini: posts big blind 60
*** HOLE CARDS ***
Dealt to Mahu2021 [6s 9d]
Mahu2021: calls 30
gini777gini: raises 440 to 500 and is all-in
Mahu2021: folds 
Uncalled bet (440) returned to gini777gini
gini777gini collected 120 from pot
*** SUMMARY ***
Total pot 120 | Rake 0 
Seat 1: gini777gini (big blind) collected (120)
Seat 2: Mahu2021 (button) (small blind) folded before Flop



PokerStars Hand #249886377983: Tournament #3739770401, $1.84+$0.16 USD Hold'em No Limit - Level V (40/80) - 2024/04/09 20:57:26 CET [2024/04/09 14:57:26 ET]
Table '3739770401 1' 3-max Seat #1 is the button
Seat 1: gini777gini (560 in chips) 
Seat 2: Mahu2021 (940 in chips) 
gini777gini: posts small blind 40
Mahu2021: posts big blind 80
*** HOLE CARDS ***
Dealt to Mahu2021 [As Th]
gini777gini: raises 480 to 560 and is all-in
Mahu2021: calls 480
*** FLOP *** [Qs 6c Jc]
*** TURN *** [Qs 6c Jc] [Kh]
*** RIVER *** [Qs 6c Jc Kh] [2d]
*** SHOW DOWN ***
Mahu2021: shows [As Th] (a straight, Ten to Ace)
gini777gini: shows [7h Ad] (high card Ace)
Mahu2021 collected 1120 from pot
gini777gini finished the tournament in 2nd place
Mahu2021 wins the tournament and receives $4.00 - congratulations!
*** SUMMARY ***
Total pot 1120 | Rake 0 
Board [Qs 6c Jc Kh 2d]
Seat 1: gini777gini (button) (small blind) showed [7h Ad] and lost with high card Ace
Seat 2: Mahu2021 (big blind) showed [As Th] and won (1120) with a straight, Ten to Ace



