PokerStars Hand #250547038950: Tournament #3755545849, $1.84+$0.16 USD Hold'em No Limit - Level I (10/20) - 2024/05/17 16:46:03 CET [2024/05/17 10:46:03 ET]
Table '3755545849 1' 3-max Seat #1 is the button
Seat 1: Mahu2021 (500 in chips) 
Seat 2: fcbanikpico11 (500 in chips) 
Seat 3: flaquima (500 in chips) 
fcbanikpico11: posts small blind 10
flaquima: posts big blind 20
*** HOLE CARDS ***
Dealt to Mahu2021 [Qc 8s]
Mahu2021: folds 
fcbanikpico11: raises 20 to 40
flaquima: calls 20
*** FLOP *** [6c Qd 9c]
fcbanikpico11: checks 
flaquima: bets 40
fcbanikpico11: calls 40
*** TURN *** [6c Qd 9c] [2c]
fcbanikpico11: checks 
flaquima: checks 
*** RIVER *** [6c Qd 9c 2c] [8d]
fcbanikpico11: bets 60
flaquima: raises 280 to 340
fcbanikpico11: calls 280
*** SHOW DOWN ***
flaquima: shows [5d Jc] (high card Queen)
fcbanikpico11: shows [6d 6s] (three of a kind, Sixes)
fcbanikpico11 collected 840 from pot
*** SUMMARY ***
Total pot 840 | Rake 0 
Board [6c Qd 9c 2c 8d]
Seat 1: Mahu2021 (button) folded before Flop (didn't bet)
Seat 2: fcbanikpico11 (small blind) showed [6d 6s] and won (840) with three of a kind, Sixes
Seat 3: flaquima (big blind) showed [5d Jc] and lost with high card Queen



PokerStars Hand #250547044101: Tournament #3755545849, $1.84+$0.16 USD Hold'em No Limit - Level I (10/20) - 2024/05/17 16:46:27 CET [2024/05/17 10:46:27 ET]
Table '3755545849 1' 3-max Seat #2 is the button
Seat 1: Mahu2021 (500 in chips) 
Seat 2: fcbanikpico11 (920 in chips) 
Seat 3: flaquima (80 in chips) 
flaquima: posts small blind 10
Mahu2021: posts big blind 20
*** HOLE CARDS ***
Dealt to Mahu2021 [5d 8c]
fcbanikpico11: calls 20
flaquima: raises 60 to 80 and is all-in
Mahu2021: folds 
fcbanikpico11: calls 60
*** FLOP *** [Tc 5h 4d]
*** TURN *** [Tc 5h 4d] [Jc]
*** RIVER *** [Tc 5h 4d Jc] [Ts]
*** SHOW DOWN ***
flaquima: shows [Ah Qs] (a pair of Tens)
fcbanikpico11: shows [8h 7d] (a pair of Tens - lower kicker)
flaquima collected 180 from pot
*** SUMMARY ***
Total pot 180 | Rake 0 
Board [Tc 5h 4d Jc Ts]
Seat 1: Mahu2021 (big blind) folded before Flop
Seat 2: fcbanikpico11 (button) showed [8h 7d] and lost with a pair of Tens
Seat 3: flaquima (small blind) showed [Ah Qs] and won (180) with a pair of Tens



PokerStars Hand #250547047392: Tournament #3755545849, $1.84+$0.16 USD Hold'em No Limit - Level I (10/20) - 2024/05/17 16:46:43 CET [2024/05/17 10:46:43 ET]
Table '3755545849 1' 3-max Seat #3 is the button
Seat 1: Mahu2021 (480 in chips) 
Seat 2: fcbanikpico11 (840 in chips) 
Seat 3: flaquima (180 in chips) 
Mahu2021: posts small blind 10
fcbanikpico11: posts big blind 20
*** HOLE CARDS ***
Dealt to Mahu2021 [9d Kc]
flaquima: raises 160 to 180 and is all-in
Mahu2021: folds 
fcbanikpico11: calls 160
*** FLOP *** [Qh 9c 3d]
*** TURN *** [Qh 9c 3d] [Jc]
*** RIVER *** [Qh 9c 3d Jc] [4d]
*** SHOW DOWN ***
fcbanikpico11: shows [Ks 8h] (high card King)
flaquima: shows [5d As] (high card Ace)
flaquima collected 370 from pot
*** SUMMARY ***
Total pot 370 | Rake 0 
Board [Qh 9c 3d Jc 4d]
Seat 1: Mahu2021 (small blind) folded before Flop
Seat 2: fcbanikpico11 (big blind) showed [Ks 8h] and lost with high card King
Seat 3: flaquima (button) showed [5d As] and won (370) with high card Ace



PokerStars Hand #250547050607: Tournament #3755545849, $1.84+$0.16 USD Hold'em No Limit - Level I (10/20) - 2024/05/17 16:46:58 CET [2024/05/17 10:46:58 ET]
Table '3755545849 1' 3-max Seat #1 is the button
Seat 1: Mahu2021 (470 in chips) 
Seat 2: fcbanikpico11 (660 in chips) 
Seat 3: flaquima (370 in chips) 
fcbanikpico11: posts small blind 10
flaquima: posts big blind 20
*** HOLE CARDS ***
Dealt to Mahu2021 [Qc Ts]
Mahu2021: calls 20
fcbanikpico11: raises 20 to 40
flaquima: folds 
Mahu2021: calls 20
*** FLOP *** [4d 5s 3s]
fcbanikpico11: bets 20
Mahu2021: calls 20
*** TURN *** [4d 5s 3s] [5d]
fcbanikpico11: bets 20
Mahu2021: calls 20
*** RIVER *** [4d 5s 3s 5d] [Kc]
fcbanikpico11: bets 20
Mahu2021: raises 80 to 100
fcbanikpico11: folds 
Uncalled bet (80) returned to Mahu2021
Mahu2021 collected 220 from pot
Mahu2021: doesn't show hand 
*** SUMMARY ***
Total pot 220 | Rake 0 
Board [4d 5s 3s 5d Kc]
Seat 1: Mahu2021 (button) collected (220)
Seat 2: fcbanikpico11 (small blind) folded on the River
Seat 3: flaquima (big blind) folded before Flop



PokerStars Hand #250547055559: Tournament #3755545849, $1.84+$0.16 USD Hold'em No Limit - Level I (10/20) - 2024/05/17 16:47:20 CET [2024/05/17 10:47:20 ET]
Table '3755545849 1' 3-max Seat #2 is the button
Seat 1: Mahu2021 (590 in chips) 
Seat 2: fcbanikpico11 (560 in chips) 
Seat 3: flaquima (350 in chips) 
flaquima: posts small blind 10
Mahu2021: posts big blind 20
*** HOLE CARDS ***
Dealt to Mahu2021 [5s Jh]
fcbanikpico11: calls 20
flaquima: raises 330 to 350 and is all-in
Mahu2021: folds 
fcbanikpico11: folds 
Uncalled bet (330) returned to flaquima
flaquima collected 60 from pot
*** SUMMARY ***
Total pot 60 | Rake 0 
Seat 1: Mahu2021 (big blind) folded before Flop
Seat 2: fcbanikpico11 (button) folded before Flop
Seat 3: flaquima (small blind) collected (60)



PokerStars Hand #250547057669: Tournament #3755545849, $1.84+$0.16 USD Hold'em No Limit - Level I (10/20) - 2024/05/17 16:47:30 CET [2024/05/17 10:47:30 ET]
Table '3755545849 1' 3-max Seat #3 is the button
Seat 1: Mahu2021 (570 in chips) 
Seat 2: fcbanikpico11 (540 in chips) 
Seat 3: flaquima (390 in chips) 
Mahu2021: posts small blind 10
fcbanikpico11: posts big blind 20
*** HOLE CARDS ***
Dealt to Mahu2021 [7h Th]
flaquima: folds 
Mahu2021: calls 10
fcbanikpico11: checks 
*** FLOP *** [Ah Qs Ks]
Mahu2021: checks 
fcbanikpico11: checks 
*** TURN *** [Ah Qs Ks] [Ad]
Mahu2021: bets 40
fcbanikpico11: folds 
Uncalled bet (40) returned to Mahu2021
Mahu2021 collected 40 from pot
Mahu2021: doesn't show hand 
*** SUMMARY ***
Total pot 40 | Rake 0 
Board [Ah Qs Ks Ad]
Seat 1: Mahu2021 (small blind) collected (40)
Seat 2: fcbanikpico11 (big blind) folded on the Turn
Seat 3: flaquima (button) folded before Flop (didn't bet)



PokerStars Hand #250547061226: Tournament #3755545849, $1.84+$0.16 USD Hold'em No Limit - Level I (10/20) - 2024/05/17 16:47:46 CET [2024/05/17 10:47:46 ET]
Table '3755545849 1' 3-max Seat #1 is the button
Seat 1: Mahu2021 (590 in chips) 
Seat 2: fcbanikpico11 (520 in chips) 
Seat 3: flaquima (390 in chips) 
fcbanikpico11: posts small blind 10
flaquima: posts big blind 20
*** HOLE CARDS ***
Dealt to Mahu2021 [Td 7h]
Mahu2021: folds 
fcbanikpico11: calls 10
flaquima: checks 
*** FLOP *** [8c Jd 7d]
fcbanikpico11: checks 
flaquima: checks 
*** TURN *** [8c Jd 7d] [3c]
fcbanikpico11: bets 20
flaquima: folds 
Uncalled bet (20) returned to fcbanikpico11
fcbanikpico11 collected 40 from pot
fcbanikpico11: doesn't show hand 
*** SUMMARY ***
Total pot 40 | Rake 0 
Board [8c Jd 7d 3c]
Seat 1: Mahu2021 (button) folded before Flop (didn't bet)
Seat 2: fcbanikpico11 (small blind) collected (40)
Seat 3: flaquima (big blind) folded on the Turn



PokerStars Hand #250547064343: Tournament #3755545849, $1.84+$0.16 USD Hold'em No Limit - Level I (10/20) - 2024/05/17 16:48:01 CET [2024/05/17 10:48:01 ET]
Table '3755545849 1' 3-max Seat #2 is the button
Seat 1: Mahu2021 (590 in chips) 
Seat 2: fcbanikpico11 (540 in chips) 
Seat 3: flaquima (370 in chips) 
flaquima: posts small blind 10
Mahu2021: posts big blind 20
*** HOLE CARDS ***
Dealt to Mahu2021 [4s Qs]
fcbanikpico11: folds 
flaquima: raises 350 to 370 and is all-in
Mahu2021: folds 
Uncalled bet (350) returned to flaquima
flaquima collected 40 from pot
*** SUMMARY ***
Total pot 40 | Rake 0 
Seat 1: Mahu2021 (big blind) folded before Flop
Seat 2: fcbanikpico11 (button) folded before Flop (didn't bet)
Seat 3: flaquima (small blind) collected (40)



PokerStars Hand #250547067530: Tournament #3755545849, $1.84+$0.16 USD Hold'em No Limit - Level II (15/30) - 2024/05/17 16:48:16 CET [2024/05/17 10:48:16 ET]
Table '3755545849 1' 3-max Seat #3 is the button
Seat 1: Mahu2021 (570 in chips) 
Seat 2: fcbanikpico11 (540 in chips) 
Seat 3: flaquima (390 in chips) 
Mahu2021: posts small blind 15
fcbanikpico11: posts big blind 30
*** HOLE CARDS ***
Dealt to Mahu2021 [Ts 2s]
flaquima: folds 
Mahu2021: folds 
Uncalled bet (15) returned to fcbanikpico11
fcbanikpico11 collected 30 from pot
fcbanikpico11: doesn't show hand 
*** SUMMARY ***
Total pot 30 | Rake 0 
Seat 1: Mahu2021 (small blind) folded before Flop
Seat 2: fcbanikpico11 (big blind) collected (30)
Seat 3: flaquima (button) folded before Flop (didn't bet)



PokerStars Hand #250547068782: Tournament #3755545849, $1.84+$0.16 USD Hold'em No Limit - Level II (15/30) - 2024/05/17 16:48:22 CET [2024/05/17 10:48:22 ET]
Table '3755545849 1' 3-max Seat #1 is the button
Seat 1: Mahu2021 (555 in chips) 
Seat 2: fcbanikpico11 (555 in chips) 
Seat 3: flaquima (390 in chips) 
fcbanikpico11: posts small blind 15
flaquima: posts big blind 30
*** HOLE CARDS ***
Dealt to Mahu2021 [7c 6s]
Mahu2021: folds 
fcbanikpico11: calls 15
flaquima: raises 30 to 60
fcbanikpico11: calls 30
*** FLOP *** [4d Ks 4s]
fcbanikpico11: bets 30
flaquima: folds 
Uncalled bet (30) returned to fcbanikpico11
fcbanikpico11 collected 120 from pot
fcbanikpico11: doesn't show hand 
*** SUMMARY ***
Total pot 120 | Rake 0 
Board [4d Ks 4s]
Seat 1: Mahu2021 (button) folded before Flop (didn't bet)
Seat 2: fcbanikpico11 (small blind) collected (120)
Seat 3: flaquima (big blind) folded on the Flop



PokerStars Hand #250547073850: Tournament #3755545849, $1.84+$0.16 USD Hold'em No Limit - Level II (15/30) - 2024/05/17 16:48:45 CET [2024/05/17 10:48:45 ET]
Table '3755545849 1' 3-max Seat #2 is the button
Seat 1: Mahu2021 (555 in chips) 
Seat 2: fcbanikpico11 (615 in chips) 
Seat 3: flaquima (330 in chips) 
flaquima: posts small blind 15
Mahu2021: posts big blind 30
*** HOLE CARDS ***
Dealt to Mahu2021 [8s Jd]
fcbanikpico11: calls 30
flaquima: calls 15
Mahu2021: checks 
*** FLOP *** [2c Qs Qd]
flaquima: checks 
Mahu2021: checks 
fcbanikpico11: checks 
*** TURN *** [2c Qs Qd] [4d]
flaquima: checks 
Mahu2021: checks 
fcbanikpico11: checks 
*** RIVER *** [2c Qs Qd 4d] [4h]
flaquima: checks 
Mahu2021: checks 
fcbanikpico11: bets 60
flaquima: folds 
Mahu2021: folds 
Uncalled bet (60) returned to fcbanikpico11
fcbanikpico11 collected 90 from pot
fcbanikpico11: doesn't show hand 
*** SUMMARY ***
Total pot 90 | Rake 0 
Board [2c Qs Qd 4d 4h]
Seat 1: Mahu2021 (big blind) folded on the River
Seat 2: fcbanikpico11 (button) collected (90)
Seat 3: flaquima (small blind) folded on the River



PokerStars Hand #250547078499: Tournament #3755545849, $1.84+$0.16 USD Hold'em No Limit - Level II (15/30) - 2024/05/17 16:49:07 CET [2024/05/17 10:49:07 ET]
Table '3755545849 1' 3-max Seat #3 is the button
Seat 1: Mahu2021 (525 in chips) 
Seat 2: fcbanikpico11 (675 in chips) 
Seat 3: flaquima (300 in chips) 
Mahu2021: posts small blind 15
fcbanikpico11: posts big blind 30
*** HOLE CARDS ***
Dealt to Mahu2021 [Jh 5s]
flaquima: calls 30
Mahu2021: calls 15
fcbanikpico11: checks 
*** FLOP *** [8d 6s Ad]
Mahu2021: checks 
fcbanikpico11: checks 
flaquima: bets 30
Mahu2021: folds 
fcbanikpico11: calls 30
*** TURN *** [8d 6s Ad] [6c]
fcbanikpico11: checks 
flaquima: checks 
*** RIVER *** [8d 6s Ad 6c] [Ac]
fcbanikpico11: bets 30
flaquima: calls 30
*** SHOW DOWN ***
fcbanikpico11: shows [4h 7h] (two pair, Aces and Sixes)
flaquima: shows [5d Kd] (two pair, Aces and Sixes - King kicker)
flaquima collected 210 from pot
*** SUMMARY ***
Total pot 210 | Rake 0 
Board [8d 6s Ad 6c Ac]
Seat 1: Mahu2021 (small blind) folded on the Flop
Seat 2: fcbanikpico11 (big blind) showed [4h 7h] and lost with two pair, Aces and Sixes
Seat 3: flaquima (button) showed [5d Kd] and won (210) with two pair, Aces and Sixes



PokerStars Hand #250547083248: Tournament #3755545849, $1.84+$0.16 USD Hold'em No Limit - Level II (15/30) - 2024/05/17 16:49:29 CET [2024/05/17 10:49:29 ET]
Table '3755545849 1' 3-max Seat #1 is the button
Seat 1: Mahu2021 (495 in chips) 
Seat 2: fcbanikpico11 (585 in chips) 
Seat 3: flaquima (420 in chips) 
fcbanikpico11: posts small blind 15
flaquima: posts big blind 30
*** HOLE CARDS ***
Dealt to Mahu2021 [5h 2d]
Mahu2021: folds 
fcbanikpico11: calls 15
flaquima: checks 
*** FLOP *** [Jc Ac 8h]
fcbanikpico11: checks 
flaquima: checks 
*** TURN *** [Jc Ac 8h] [2c]
fcbanikpico11: bets 30
flaquima: calls 30
*** RIVER *** [Jc Ac 8h 2c] [7c]
fcbanikpico11: bets 30
flaquima: folds 
Uncalled bet (30) returned to fcbanikpico11
fcbanikpico11 collected 120 from pot
fcbanikpico11: doesn't show hand 
*** SUMMARY ***
Total pot 120 | Rake 0 
Board [Jc Ac 8h 2c 7c]
Seat 1: Mahu2021 (button) folded before Flop (didn't bet)
Seat 2: fcbanikpico11 (small blind) collected (120)
Seat 3: flaquima (big blind) folded on the River



PokerStars Hand #250547087006: Tournament #3755545849, $1.84+$0.16 USD Hold'em No Limit - Level II (15/30) - 2024/05/17 16:49:47 CET [2024/05/17 10:49:47 ET]
Table '3755545849 1' 3-max Seat #2 is the button
Seat 1: Mahu2021 (495 in chips) 
Seat 2: fcbanikpico11 (645 in chips) 
Seat 3: flaquima (360 in chips) 
flaquima: posts small blind 15
Mahu2021: posts big blind 30
*** HOLE CARDS ***
Dealt to Mahu2021 [3d 9d]
fcbanikpico11: raises 30 to 60
flaquima: raises 300 to 360 and is all-in
Mahu2021: folds 
fcbanikpico11: calls 300
*** FLOP *** [Ts 7h Tc]
*** TURN *** [Ts 7h Tc] [Kc]
*** RIVER *** [Ts 7h Tc Kc] [4c]
*** SHOW DOWN ***
flaquima: shows [9c Ah] (a pair of Tens)
fcbanikpico11: shows [Jh Qs] (a pair of Tens - lower kicker)
flaquima collected 750 from pot
*** SUMMARY ***
Total pot 750 | Rake 0 
Board [Ts 7h Tc Kc 4c]
Seat 1: Mahu2021 (big blind) folded before Flop
Seat 2: fcbanikpico11 (button) showed [Jh Qs] and lost with a pair of Tens
Seat 3: flaquima (small blind) showed [9c Ah] and won (750) with a pair of Tens



PokerStars Hand #250547091716: Tournament #3755545849, $1.84+$0.16 USD Hold'em No Limit - Level III (20/40) - 2024/05/17 16:50:09 CET [2024/05/17 10:50:09 ET]
Table '3755545849 1' 3-max Seat #3 is the button
Seat 1: Mahu2021 (465 in chips) 
Seat 2: fcbanikpico11 (285 in chips) 
Seat 3: flaquima (750 in chips) 
Mahu2021: posts small blind 20
fcbanikpico11: posts big blind 40
*** HOLE CARDS ***
Dealt to Mahu2021 [3s Kd]
flaquima: calls 40
Mahu2021: calls 20
fcbanikpico11: raises 245 to 285 and is all-in
flaquima: folds 
Mahu2021: folds 
Uncalled bet (245) returned to fcbanikpico11
fcbanikpico11 collected 120 from pot
fcbanikpico11: doesn't show hand 
*** SUMMARY ***
Total pot 120 | Rake 0 
Seat 1: Mahu2021 (small blind) folded before Flop
Seat 2: fcbanikpico11 (big blind) collected (120)
Seat 3: flaquima (button) folded before Flop



PokerStars Hand #250547093930: Tournament #3755545849, $1.84+$0.16 USD Hold'em No Limit - Level III (20/40) - 2024/05/17 16:50:19 CET [2024/05/17 10:50:19 ET]
Table '3755545849 1' 3-max Seat #1 is the button
Seat 1: Mahu2021 (425 in chips) 
Seat 2: fcbanikpico11 (365 in chips) 
Seat 3: flaquima (710 in chips) 
fcbanikpico11: posts small blind 20
flaquima: posts big blind 40
*** HOLE CARDS ***
Dealt to Mahu2021 [8c Ah]
Mahu2021: raises 385 to 425 and is all-in
fcbanikpico11: calls 345 and is all-in
flaquima: folds 
Uncalled bet (60) returned to Mahu2021
*** FLOP *** [Th 8s 8d]
*** TURN *** [Th 8s 8d] [3c]
*** RIVER *** [Th 8s 8d 3c] [Jc]
*** SHOW DOWN ***
fcbanikpico11: shows [7c Ac] (a pair of Eights)
Mahu2021: shows [8c Ah] (three of a kind, Eights)
Mahu2021 collected 770 from pot
fcbanikpico11 finished the tournament in 3rd place
*** SUMMARY ***
Total pot 770 | Rake 0 
Board [Th 8s 8d 3c Jc]
Seat 1: Mahu2021 (button) showed [8c Ah] and won (770) with three of a kind, Eights
Seat 2: fcbanikpico11 (small blind) showed [7c Ac] and lost with a pair of Eights
Seat 3: flaquima (big blind) folded before Flop



PokerStars Hand #250547097834: Tournament #3755545849, $1.84+$0.16 USD Hold'em No Limit - Level III (20/40) - 2024/05/17 16:50:38 CET [2024/05/17 10:50:38 ET]
Table '3755545849 1' 3-max Seat #3 is the button
Seat 1: Mahu2021 (830 in chips) 
Seat 3: flaquima (670 in chips) 
flaquima: posts small blind 20
Mahu2021: posts big blind 40
*** HOLE CARDS ***
Dealt to Mahu2021 [Ah 7h]
flaquima: calls 20
Mahu2021: raises 80 to 120
flaquima: calls 80
*** FLOP *** [Js 8s 5c]
Mahu2021: checks 
flaquima: bets 240
Mahu2021: folds 
Uncalled bet (240) returned to flaquima
flaquima collected 240 from pot
*** SUMMARY ***
Total pot 240 | Rake 0 
Board [Js 8s 5c]
Seat 1: Mahu2021 (big blind) folded on the Flop
Seat 3: flaquima (button) (small blind) collected (240)



PokerStars Hand #250547101083: Tournament #3755545849, $1.84+$0.16 USD Hold'em No Limit - Level III (20/40) - 2024/05/17 16:50:53 CET [2024/05/17 10:50:53 ET]
Table '3755545849 1' 3-max Seat #1 is the button
Seat 1: Mahu2021 (710 in chips) 
Seat 3: flaquima (790 in chips) 
Mahu2021: posts small blind 20
flaquima: posts big blind 40
*** HOLE CARDS ***
Dealt to Mahu2021 [3c Ac]
Mahu2021: raises 40 to 80
flaquima: raises 710 to 790 and is all-in
Mahu2021: folds 
Uncalled bet (710) returned to flaquima
flaquima collected 160 from pot
*** SUMMARY ***
Total pot 160 | Rake 0 
Seat 1: Mahu2021 (button) (small blind) folded before Flop
Seat 3: flaquima (big blind) collected (160)



PokerStars Hand #250547103428: Tournament #3755545849, $1.84+$0.16 USD Hold'em No Limit - Level III (20/40) - 2024/05/17 16:51:04 CET [2024/05/17 10:51:04 ET]
Table '3755545849 1' 3-max Seat #3 is the button
Seat 1: Mahu2021 (630 in chips) 
Seat 3: flaquima (870 in chips) 
flaquima: posts small blind 20
Mahu2021: posts big blind 40
*** HOLE CARDS ***
Dealt to Mahu2021 [Ks 4s]
flaquima: calls 20
Mahu2021: checks 
*** FLOP *** [Qh Tc 5c]
Mahu2021: checks 
flaquima: checks 
*** TURN *** [Qh Tc 5c] [2s]
Mahu2021: checks 
flaquima: bets 40
Mahu2021: calls 40
*** RIVER *** [Qh Tc 5c 2s] [3d]
Mahu2021: checks 
flaquima: checks 
*** SHOW DOWN ***
Mahu2021: shows [Ks 4s] (high card King)
flaquima: mucks hand 
Mahu2021 collected 160 from pot
*** SUMMARY ***
Total pot 160 | Rake 0 
Board [Qh Tc 5c 2s 3d]
Seat 1: Mahu2021 (big blind) showed [Ks 4s] and won (160) with high card King
Seat 3: flaquima (button) (small blind) mucked [7h 8h]



PokerStars Hand #250547107271: Tournament #3755545849, $1.84+$0.16 USD Hold'em No Limit - Level III (20/40) - 2024/05/17 16:51:23 CET [2024/05/17 10:51:23 ET]
Table '3755545849 1' 3-max Seat #1 is the button
Seat 1: Mahu2021 (710 in chips) 
Seat 3: flaquima (790 in chips) 
Mahu2021: posts small blind 20
flaquima: posts big blind 40
*** HOLE CARDS ***
Dealt to Mahu2021 [7s 5d]
Mahu2021: folds 
Uncalled bet (20) returned to flaquima
flaquima collected 40 from pot
*** SUMMARY ***
Total pot 40 | Rake 0 
Seat 1: Mahu2021 (button) (small blind) folded before Flop
Seat 3: flaquima (big blind) collected (40)



PokerStars Hand #250547108244: Tournament #3755545849, $1.84+$0.16 USD Hold'em No Limit - Level III (20/40) - 2024/05/17 16:51:27 CET [2024/05/17 10:51:27 ET]
Table '3755545849 1' 3-max Seat #3 is the button
Seat 1: Mahu2021 (690 in chips) 
Seat 3: flaquima (810 in chips) 
flaquima: posts small blind 20
Mahu2021: posts big blind 40
*** HOLE CARDS ***
Dealt to Mahu2021 [2s 5h]
flaquima: folds 
Uncalled bet (20) returned to Mahu2021
Mahu2021 collected 40 from pot
Mahu2021: doesn't show hand 
*** SUMMARY ***
Total pot 40 | Rake 0 
Seat 1: Mahu2021 (big blind) collected (40)
Seat 3: flaquima (button) (small blind) folded before Flop



PokerStars Hand #250547109247: Tournament #3755545849, $1.84+$0.16 USD Hold'em No Limit - Level III (20/40) - 2024/05/17 16:51:32 CET [2024/05/17 10:51:32 ET]
Table '3755545849 1' 3-max Seat #1 is the button
Seat 1: Mahu2021 (710 in chips) 
Seat 3: flaquima (790 in chips) 
Mahu2021: posts small blind 20
flaquima: posts big blind 40
*** HOLE CARDS ***
Dealt to Mahu2021 [Td 7s]
Mahu2021: folds 
Uncalled bet (20) returned to flaquima
flaquima collected 40 from pot
*** SUMMARY ***
Total pot 40 | Rake 0 
Seat 1: Mahu2021 (button) (small blind) folded before Flop
Seat 3: flaquima (big blind) collected (40)



PokerStars Hand #250547111366: Tournament #3755545849, $1.84+$0.16 USD Hold'em No Limit - Level III (20/40) - 2024/05/17 16:51:42 CET [2024/05/17 10:51:42 ET]
Table '3755545849 1' 3-max Seat #3 is the button
Seat 1: Mahu2021 (690 in chips) 
Seat 3: flaquima (810 in chips) 
flaquima: posts small blind 20
Mahu2021: posts big blind 40
*** HOLE CARDS ***
Dealt to Mahu2021 [5h Ts]
flaquima: calls 20
Mahu2021: checks 
*** FLOP *** [5d 4d 2c]
Mahu2021: bets 80
flaquima: calls 80
*** TURN *** [5d 4d 2c] [Qs]
Mahu2021: bets 570 and is all-in
flaquima: folds 
Uncalled bet (570) returned to Mahu2021
Mahu2021 collected 240 from pot
Mahu2021: doesn't show hand 
*** SUMMARY ***
Total pot 240 | Rake 0 
Board [5d 4d 2c Qs]
Seat 1: Mahu2021 (big blind) collected (240)
Seat 3: flaquima (button) (small blind) folded on the Turn



PokerStars Hand #250547114893: Tournament #3755545849, $1.84+$0.16 USD Hold'em No Limit - Level III (20/40) - 2024/05/17 16:51:58 CET [2024/05/17 10:51:58 ET]
Table '3755545849 1' 3-max Seat #1 is the button
Seat 1: Mahu2021 (810 in chips) 
Seat 3: flaquima (690 in chips) 
Mahu2021: posts small blind 20
flaquima: posts big blind 40
*** HOLE CARDS ***
Dealt to Mahu2021 [Qd 2h]
Mahu2021: calls 20
flaquima: raises 80 to 120
Mahu2021: folds 
Uncalled bet (80) returned to flaquima
flaquima collected 80 from pot
*** SUMMARY ***
Total pot 80 | Rake 0 
Seat 1: Mahu2021 (button) (small blind) folded before Flop
Seat 3: flaquima (big blind) collected (80)



PokerStars Hand #250547119019: Tournament #3755545849, $1.84+$0.16 USD Hold'em No Limit - Level IV (30/60) - 2024/05/17 16:52:17 CET [2024/05/17 10:52:17 ET]
Table '3755545849 1' 3-max Seat #3 is the button
Seat 1: Mahu2021 (770 in chips) 
Seat 3: flaquima (730 in chips) 
flaquima: posts small blind 30
Mahu2021: posts big blind 60
*** HOLE CARDS ***
Dealt to Mahu2021 [Js Ad]
flaquima: calls 30
Mahu2021: raises 180 to 240
flaquima: folds 
Uncalled bet (180) returned to Mahu2021
Mahu2021 collected 120 from pot
Mahu2021: doesn't show hand 
*** SUMMARY ***
Total pot 120 | Rake 0 
Seat 1: Mahu2021 (big blind) collected (120)
Seat 3: flaquima (button) (small blind) folded before Flop



PokerStars Hand #250547120752: Tournament #3755545849, $1.84+$0.16 USD Hold'em No Limit - Level IV (30/60) - 2024/05/17 16:52:26 CET [2024/05/17 10:52:26 ET]
Table '3755545849 1' 3-max Seat #1 is the button
Seat 1: Mahu2021 (830 in chips) 
Seat 3: flaquima (670 in chips) 
Mahu2021: posts small blind 30
flaquima: posts big blind 60
*** HOLE CARDS ***
Dealt to Mahu2021 [Ts 8d]
Mahu2021: calls 30
flaquima: checks 
*** FLOP *** [2d 7d 8s]
flaquima: checks 
Mahu2021: bets 120
flaquima: folds 
Uncalled bet (120) returned to Mahu2021
Mahu2021 collected 120 from pot
Mahu2021: doesn't show hand 
*** SUMMARY ***
Total pot 120 | Rake 0 
Board [2d 7d 8s]
Seat 1: Mahu2021 (button) (small blind) collected (120)
Seat 3: flaquima (big blind) folded on the Flop



PokerStars Hand #250547123410: Tournament #3755545849, $1.84+$0.16 USD Hold'em No Limit - Level IV (30/60) - 2024/05/17 16:52:38 CET [2024/05/17 10:52:38 ET]
Table '3755545849 1' 3-max Seat #3 is the button
Seat 1: Mahu2021 (890 in chips) 
Seat 3: flaquima (610 in chips) 
flaquima: posts small blind 30
Mahu2021: posts big blind 60
*** HOLE CARDS ***
Dealt to Mahu2021 [Ks 5d]
flaquima: folds 
Uncalled bet (30) returned to Mahu2021
Mahu2021 collected 60 from pot
Mahu2021: doesn't show hand 
*** SUMMARY ***
Total pot 60 | Rake 0 
Seat 1: Mahu2021 (big blind) collected (60)
Seat 3: flaquima (button) (small blind) folded before Flop



PokerStars Hand #250547124423: Tournament #3755545849, $1.84+$0.16 USD Hold'em No Limit - Level IV (30/60) - 2024/05/17 16:52:42 CET [2024/05/17 10:52:42 ET]
Table '3755545849 1' 3-max Seat #1 is the button
Seat 1: Mahu2021 (920 in chips) 
Seat 3: flaquima (580 in chips) 
Mahu2021: posts small blind 30
flaquima: posts big blind 60
*** HOLE CARDS ***
Dealt to Mahu2021 [Ts Kh]
Mahu2021: raises 60 to 120
flaquima: folds 
Uncalled bet (60) returned to Mahu2021
Mahu2021 collected 120 from pot
Mahu2021: doesn't show hand 
*** SUMMARY ***
Total pot 120 | Rake 0 
Seat 1: Mahu2021 (button) (small blind) collected (120)
Seat 3: flaquima (big blind) folded before Flop



PokerStars Hand #250547125828: Tournament #3755545849, $1.84+$0.16 USD Hold'em No Limit - Level IV (30/60) - 2024/05/17 16:52:49 CET [2024/05/17 10:52:49 ET]
Table '3755545849 1' 3-max Seat #3 is the button
Seat 1: Mahu2021 (980 in chips) 
Seat 3: flaquima (520 in chips) 
flaquima: posts small blind 30
Mahu2021: posts big blind 60
*** HOLE CARDS ***
Dealt to Mahu2021 [Qs 9h]
flaquima: folds 
Uncalled bet (30) returned to Mahu2021
Mahu2021 collected 60 from pot
Mahu2021: doesn't show hand 
*** SUMMARY ***
Total pot 60 | Rake 0 
Seat 1: Mahu2021 (big blind) collected (60)
Seat 3: flaquima (button) (small blind) folded before Flop



PokerStars Hand #250547126752: Tournament #3755545849, $1.84+$0.16 USD Hold'em No Limit - Level IV (30/60) - 2024/05/17 16:52:53 CET [2024/05/17 10:52:53 ET]
Table '3755545849 1' 3-max Seat #1 is the button
Seat 1: Mahu2021 (1010 in chips) 
Seat 3: flaquima (490 in chips) 
Mahu2021: posts small blind 30
flaquima: posts big blind 60
*** HOLE CARDS ***
Dealt to Mahu2021 [Td 7c]
Mahu2021: calls 30
flaquima: checks 
*** FLOP *** [Tc Js 8d]
flaquima: checks 
Mahu2021: bets 60
flaquima: calls 60
*** TURN *** [Tc Js 8d] [Jc]
flaquima: checks 
Mahu2021: bets 240
flaquima: folds 
Uncalled bet (240) returned to Mahu2021
Mahu2021 collected 240 from pot
Mahu2021: doesn't show hand 
*** SUMMARY ***
Total pot 240 | Rake 0 
Board [Tc Js 8d Jc]
Seat 1: Mahu2021 (button) (small blind) collected (240)
Seat 3: flaquima (big blind) folded on the Turn



PokerStars Hand #250547130615: Tournament #3755545849, $1.84+$0.16 USD Hold'em No Limit - Level IV (30/60) - 2024/05/17 16:53:11 CET [2024/05/17 10:53:11 ET]
Table '3755545849 1' 3-max Seat #3 is the button
Seat 1: Mahu2021 (1130 in chips) 
Seat 3: flaquima (370 in chips) 
flaquima: posts small blind 30
Mahu2021: posts big blind 60
*** HOLE CARDS ***
Dealt to Mahu2021 [4c 8d]
flaquima: calls 30
Mahu2021: checks 
*** FLOP *** [4s Qd Qs]
Mahu2021: checks 
flaquima: checks 
*** TURN *** [4s Qd Qs] [9s]
Mahu2021: checks 
flaquima: bets 60
Mahu2021: calls 60
*** RIVER *** [4s Qd Qs 9s] [Kd]
Mahu2021: checks 
flaquima: checks 
*** SHOW DOWN ***
Mahu2021: shows [4c 8d] (two pair, Queens and Fours)
flaquima: shows [9d 8h] (two pair, Queens and Nines)
flaquima collected 240 from pot
*** SUMMARY ***
Total pot 240 | Rake 0 
Board [4s Qd Qs 9s Kd]
Seat 1: Mahu2021 (big blind) showed [4c 8d] and lost with two pair, Queens and Fours
Seat 3: flaquima (button) (small blind) showed [9d 8h] and won (240) with two pair, Queens and Nines



PokerStars Hand #250547134013: Tournament #3755545849, $1.84+$0.16 USD Hold'em No Limit - Level IV (30/60) - 2024/05/17 16:53:27 CET [2024/05/17 10:53:27 ET]
Table '3755545849 1' 3-max Seat #1 is the button
Seat 1: Mahu2021 (1010 in chips) 
Seat 3: flaquima (490 in chips) 
Mahu2021: posts small blind 30
flaquima: posts big blind 60
*** HOLE CARDS ***
Dealt to Mahu2021 [Jh Ah]
Mahu2021: raises 950 to 1010 and is all-in
flaquima: folds 
Uncalled bet (950) returned to Mahu2021
Mahu2021 collected 120 from pot
Mahu2021: doesn't show hand 
*** SUMMARY ***
Total pot 120 | Rake 0 
Seat 1: Mahu2021 (button) (small blind) collected (120)
Seat 3: flaquima (big blind) folded before Flop



PokerStars Hand #250547135604: Tournament #3755545849, $1.84+$0.16 USD Hold'em No Limit - Level IV (30/60) - 2024/05/17 16:53:35 CET [2024/05/17 10:53:35 ET]
Table '3755545849 1' 3-max Seat #3 is the button
Seat 1: Mahu2021 (1070 in chips) 
Seat 3: flaquima (430 in chips) 
flaquima: posts small blind 30
Mahu2021: posts big blind 60
*** HOLE CARDS ***
Dealt to Mahu2021 [8c Kd]
flaquima: raises 370 to 430 and is all-in
Mahu2021: calls 370
*** FLOP *** [8d 7d 6d]
*** TURN *** [8d 7d 6d] [6c]
*** RIVER *** [8d 7d 6d 6c] [Th]
*** SHOW DOWN ***
Mahu2021: shows [8c Kd] (two pair, Eights and Sixes)
flaquima: shows [Ks 7c] (two pair, Sevens and Sixes)
Mahu2021 collected 860 from pot
flaquima finished the tournament in 2nd place
Mahu2021 wins the tournament and receives $4.00 - congratulations!
*** SUMMARY ***
Total pot 860 | Rake 0 
Board [8d 7d 6d 6c Th]
Seat 1: Mahu2021 (big blind) showed [8c Kd] and won (860) with two pair, Eights and Sixes
Seat 3: flaquima (button) (small blind) showed [Ks 7c] and lost with two pair, Sevens and Sixes



