PokerStars Hand #244339008024: Tournament #3606055442, $0.92+$0.08 USD Hold'em No Limit - Level I (10/20) - 2023/06/18 19:15:52 CET [2023/06/18 13:15:52 ET]
Table '3606055442 1' 3-max Seat #1 is the button
Seat 1: northernjord (500 in chips) 
Seat 2: Mahu2021 (500 in chips) 
Seat 3: Aerobuero (500 in chips) 
Mahu2021: posts small blind 10
Aerobuero: posts big blind 20
*** HOLE CARDS ***
Dealt to Mahu2021 [Ad Qd]
northernjord: raises 20 to 40
Mahu2021: calls 30
Aerobuero: calls 20
*** FLOP *** [Ah 4c 5h]
Mahu2021: bets 120
Aerobuero: folds 
northernjord: calls 120
*** TURN *** [Ah 4c 5h] [Jh]
Mahu2021: bets 340 and is all-in
northernjord: calls 340 and is all-in
*** RIVER *** [Ah 4c 5h Jh] [8h]
*** SHOW DOWN ***
Mahu2021: shows [Ad Qd] (a pair of Aces)
northernjord: shows [Kd 4h] (a flush, Ace high)
northernjord collected 1040 from pot
Mahu2021 finished the tournament in 3rd place
*** SUMMARY ***
Total pot 1040 | Rake 0 
Board [Ah 4c 5h Jh 8h]
Seat 1: northernjord (button) showed [Kd 4h] and won (1040) with a flush, Ace high
Seat 2: Mahu2021 (small blind) showed [Ad Qd] and lost with a pair of Aces
Seat 3: Aerobuero (big blind) folded on the Flop



