PokerStars Hand #243027249136: Tournament #3576011279, $0.92+$0.08 USD Hold'em No Limit - Level I (10/20) - 2023/04/11 18:14:05 CET [2023/04/11 12:14:05 ET]
Table '3576011279 1' 3-max Seat #1 is the button
Seat 1: anca393 (500 in chips) 
Seat 2: isaac2289 (500 in chips) 
Seat 3: Mahu2021 (500 in chips) 
isaac2289: posts small blind 10
Mahu2021: posts big blind 20
*** HOLE CARDS ***
Dealt to Mahu2021 [8s Ad]
anca393: calls 20
isaac2289: folds 
Mahu2021: checks 
*** FLOP *** [Kc 2d Kh]
Mahu2021: checks 
anca393: bets 20
Mahu2021: calls 20
*** TURN *** [Kc 2d Kh] [Ks]
Mahu2021: checks 
anca393: bets 20
Mahu2021: calls 20
*** RIVER *** [Kc 2d Kh Ks] [Jc]
Mahu2021: checks 
anca393: bets 65
Mahu2021: folds 
Uncalled bet (65) returned to anca393
anca393 collected 130 from pot
*** SUMMARY ***
Total pot 130 | Rake 0 
Board [Kc 2d Kh Ks Jc]
Seat 1: anca393 (button) collected (130)
Seat 2: isaac2289 (small blind) folded before Flop
Seat 3: Mahu2021 (big blind) folded on the River



PokerStars Hand #243027256105: Tournament #3576011279, $0.92+$0.08 USD Hold'em No Limit - Level I (10/20) - 2023/04/11 18:14:28 CET [2023/04/11 12:14:28 ET]
Table '3576011279 1' 3-max Seat #2 is the button
Seat 1: anca393 (570 in chips) 
Seat 2: isaac2289 (490 in chips) 
Seat 3: Mahu2021 (440 in chips) 
Mahu2021: posts small blind 10
anca393: posts big blind 20
*** HOLE CARDS ***
Dealt to Mahu2021 [Qs 7h]
isaac2289: folds 
Mahu2021: calls 10
anca393: checks 
*** FLOP *** [5h Jc Js]
Mahu2021: bets 20
anca393: calls 20
*** TURN *** [5h Jc Js] [9c]
Mahu2021: checks 
anca393: bets 20
Mahu2021: folds 
Uncalled bet (20) returned to anca393
anca393 collected 80 from pot
*** SUMMARY ***
Total pot 80 | Rake 0 
Board [5h Jc Js 9c]
Seat 1: anca393 (big blind) collected (80)
Seat 2: isaac2289 (button) folded before Flop (didn't bet)
Seat 3: Mahu2021 (small blind) folded on the Turn



PokerStars Hand #243027262451: Tournament #3576011279, $0.92+$0.08 USD Hold'em No Limit - Level I (10/20) - 2023/04/11 18:14:49 CET [2023/04/11 12:14:49 ET]
Table '3576011279 1' 3-max Seat #3 is the button
Seat 1: anca393 (610 in chips) 
Seat 2: isaac2289 (490 in chips) 
Seat 3: Mahu2021 (400 in chips) 
anca393: posts small blind 10
isaac2289: posts big blind 20
*** HOLE CARDS ***
Dealt to Mahu2021 [5s 9h]
Mahu2021: folds 
anca393: raises 20 to 40
isaac2289: raises 450 to 490 and is all-in
anca393: calls 450
*** FLOP *** [Kc 6c Kh]
*** TURN *** [Kc 6c Kh] [4h]
*** RIVER *** [Kc 6c Kh 4h] [6d]
*** SHOW DOWN ***
anca393: shows [Jd Qh] (two pair, Kings and Sixes)
isaac2289: shows [Js Jh] (two pair, Kings and Jacks)
isaac2289 collected 980 from pot
*** SUMMARY ***
Total pot 980 | Rake 0 
Board [Kc 6c Kh 4h 6d]
Seat 1: anca393 (small blind) showed [Jd Qh] and lost with two pair, Kings and Sixes
Seat 2: isaac2289 (big blind) showed [Js Jh] and won (980) with two pair, Kings and Jacks
Seat 3: Mahu2021 (button) folded before Flop (didn't bet)



PokerStars Hand #243027266836: Tournament #3576011279, $0.92+$0.08 USD Hold'em No Limit - Level I (10/20) - 2023/04/11 18:15:04 CET [2023/04/11 12:15:04 ET]
Table '3576011279 1' 3-max Seat #1 is the button
Seat 1: anca393 (120 in chips) 
Seat 2: isaac2289 (980 in chips) 
Seat 3: Mahu2021 (400 in chips) 
isaac2289: posts small blind 10
Mahu2021: posts big blind 20
*** HOLE CARDS ***
Dealt to Mahu2021 [Qd 7h]
anca393: raises 100 to 120 and is all-in
isaac2289: folds 
Mahu2021: folds 
Uncalled bet (100) returned to anca393
anca393 collected 50 from pot
*** SUMMARY ***
Total pot 50 | Rake 0 
Seat 1: anca393 (button) collected (50)
Seat 2: isaac2289 (small blind) folded before Flop
Seat 3: Mahu2021 (big blind) folded before Flop



PokerStars Hand #243027268848: Tournament #3576011279, $0.92+$0.08 USD Hold'em No Limit - Level I (10/20) - 2023/04/11 18:15:10 CET [2023/04/11 12:15:10 ET]
Table '3576011279 1' 3-max Seat #2 is the button
Seat 1: anca393 (150 in chips) 
Seat 2: isaac2289 (970 in chips) 
Seat 3: Mahu2021 (380 in chips) 
Mahu2021: posts small blind 10
anca393: posts big blind 20
*** HOLE CARDS ***
Dealt to Mahu2021 [7s 4h]
isaac2289: folds 
Mahu2021: folds 
Uncalled bet (10) returned to anca393
anca393 collected 20 from pot
*** SUMMARY ***
Total pot 20 | Rake 0 
Seat 1: anca393 (big blind) collected (20)
Seat 2: isaac2289 (button) folded before Flop (didn't bet)
Seat 3: Mahu2021 (small blind) folded before Flop



PokerStars Hand #243027270866: Tournament #3576011279, $0.92+$0.08 USD Hold'em No Limit - Level I (10/20) - 2023/04/11 18:15:17 CET [2023/04/11 12:15:17 ET]
Table '3576011279 1' 3-max Seat #3 is the button
Seat 1: anca393 (160 in chips) 
Seat 2: isaac2289 (970 in chips) 
Seat 3: Mahu2021 (370 in chips) 
anca393: posts small blind 10
isaac2289: posts big blind 20
*** HOLE CARDS ***
Dealt to Mahu2021 [8h 6s]
Mahu2021: folds 
anca393: calls 10
isaac2289: checks 
*** FLOP *** [Kc 8c 8s]
anca393: checks 
isaac2289: checks 
*** TURN *** [Kc 8c 8s] [Jh]
anca393: checks 
isaac2289: checks 
*** RIVER *** [Kc 8c 8s Jh] [5c]
anca393: checks 
isaac2289: checks 
*** SHOW DOWN ***
anca393: shows [3s Ks] (two pair, Kings and Eights)
isaac2289: mucks hand 
anca393 collected 40 from pot
*** SUMMARY ***
Total pot 40 | Rake 0 
Board [Kc 8c 8s Jh 5c]
Seat 1: anca393 (small blind) showed [3s Ks] and won (40) with two pair, Kings and Eights
Seat 2: isaac2289 (big blind) mucked [Qh 4d]
Seat 3: Mahu2021 (button) folded before Flop (didn't bet)



PokerStars Hand #243027275198: Tournament #3576011279, $0.92+$0.08 USD Hold'em No Limit - Level I (10/20) - 2023/04/11 18:15:32 CET [2023/04/11 12:15:32 ET]
Table '3576011279 1' 3-max Seat #1 is the button
Seat 1: anca393 (180 in chips) 
Seat 2: isaac2289 (950 in chips) 
Seat 3: Mahu2021 (370 in chips) 
isaac2289: posts small blind 10
Mahu2021: posts big blind 20
*** HOLE CARDS ***
Dealt to Mahu2021 [5s 6s]
anca393: calls 20
isaac2289: folds 
Mahu2021: checks 
*** FLOP *** [2d Qc Td]
Mahu2021: checks 
anca393: checks 
*** TURN *** [2d Qc Td] [Th]
Mahu2021: checks 
anca393: bets 20
Mahu2021: folds 
Uncalled bet (20) returned to anca393
anca393 collected 50 from pot
*** SUMMARY ***
Total pot 50 | Rake 0 
Board [2d Qc Td Th]
Seat 1: anca393 (button) collected (50)
Seat 2: isaac2289 (small blind) folded before Flop
Seat 3: Mahu2021 (big blind) folded on the Turn



PokerStars Hand #243027280915: Tournament #3576011279, $0.92+$0.08 USD Hold'em No Limit - Level I (10/20) - 2023/04/11 18:15:51 CET [2023/04/11 12:15:51 ET]
Table '3576011279 1' 3-max Seat #2 is the button
Seat 1: anca393 (210 in chips) 
Seat 2: isaac2289 (940 in chips) 
Seat 3: Mahu2021 (350 in chips) 
Mahu2021: posts small blind 10
anca393: posts big blind 20
*** HOLE CARDS ***
Dealt to Mahu2021 [As 6h]
isaac2289: folds 
Mahu2021: raises 330 to 350 and is all-in
anca393: folds 
Uncalled bet (330) returned to Mahu2021
Mahu2021 collected 40 from pot
Mahu2021: doesn't show hand 
*** SUMMARY ***
Total pot 40 | Rake 0 
Seat 1: anca393 (big blind) folded before Flop
Seat 2: isaac2289 (button) folded before Flop (didn't bet)
Seat 3: Mahu2021 (small blind) collected (40)



PokerStars Hand #243027283319: Tournament #3576011279, $0.92+$0.08 USD Hold'em No Limit - Level I (10/20) - 2023/04/11 18:15:59 CET [2023/04/11 12:15:59 ET]
Table '3576011279 1' 3-max Seat #3 is the button
Seat 1: anca393 (190 in chips) 
Seat 2: isaac2289 (940 in chips) 
Seat 3: Mahu2021 (370 in chips) 
anca393: posts small blind 10
isaac2289: posts big blind 20
*** HOLE CARDS ***
Dealt to Mahu2021 [2c 9s]
Mahu2021: folds 
anca393: raises 170 to 190 and is all-in
isaac2289: folds 
Uncalled bet (170) returned to anca393
anca393 collected 40 from pot
*** SUMMARY ***
Total pot 40 | Rake 0 
Seat 1: anca393 (small blind) collected (40)
Seat 2: isaac2289 (big blind) folded before Flop
Seat 3: Mahu2021 (button) folded before Flop (didn't bet)



PokerStars Hand #243027285433: Tournament #3576011279, $0.92+$0.08 USD Hold'em No Limit - Level I (10/20) - 2023/04/11 18:16:06 CET [2023/04/11 12:16:06 ET]
Table '3576011279 1' 3-max Seat #1 is the button
Seat 1: anca393 (210 in chips) 
Seat 2: isaac2289 (920 in chips) 
Seat 3: Mahu2021 (370 in chips) 
isaac2289: posts small blind 10
Mahu2021: posts big blind 20
*** HOLE CARDS ***
Dealt to Mahu2021 [Ad 9c]
anca393: calls 20
isaac2289: calls 10
Mahu2021: checks 
*** FLOP *** [Th Qd 2h]
isaac2289: checks 
Mahu2021: checks 
anca393: bets 20
isaac2289: folds 
Mahu2021: folds 
Uncalled bet (20) returned to anca393
anca393 collected 60 from pot
*** SUMMARY ***
Total pot 60 | Rake 0 
Board [Th Qd 2h]
Seat 1: anca393 (button) collected (60)
Seat 2: isaac2289 (small blind) folded on the Flop
Seat 3: Mahu2021 (big blind) folded on the Flop



PokerStars Hand #243027288934: Tournament #3576011279, $0.92+$0.08 USD Hold'em No Limit - Level I (10/20) - 2023/04/11 18:16:18 CET [2023/04/11 12:16:18 ET]
Table '3576011279 1' 3-max Seat #2 is the button
Seat 1: anca393 (250 in chips) 
Seat 2: isaac2289 (900 in chips) 
Seat 3: Mahu2021 (350 in chips) 
Mahu2021: posts small blind 10
anca393: posts big blind 20
*** HOLE CARDS ***
Dealt to Mahu2021 [8s Kc]
isaac2289: folds 
Mahu2021: raises 330 to 350 and is all-in
anca393: folds 
Uncalled bet (330) returned to Mahu2021
Mahu2021 collected 40 from pot
Mahu2021: doesn't show hand 
*** SUMMARY ***
Total pot 40 | Rake 0 
Seat 1: anca393 (big blind) folded before Flop
Seat 2: isaac2289 (button) folded before Flop (didn't bet)
Seat 3: Mahu2021 (small blind) collected (40)



PokerStars Hand #243027291659: Tournament #3576011279, $0.92+$0.08 USD Hold'em No Limit - Level I (10/20) - 2023/04/11 18:16:27 CET [2023/04/11 12:16:27 ET]
Table '3576011279 1' 3-max Seat #3 is the button
Seat 1: anca393 (230 in chips) 
Seat 2: isaac2289 (900 in chips) 
Seat 3: Mahu2021 (370 in chips) 
anca393: posts small blind 10
isaac2289: posts big blind 20
*** HOLE CARDS ***
Dealt to Mahu2021 [Ts 2d]
Mahu2021: folds 
anca393: calls 10
isaac2289: checks 
*** FLOP *** [7c Td 2c]
anca393: bets 20
isaac2289: calls 20
*** TURN *** [7c Td 2c] [Tc]
anca393: bets 40
isaac2289: calls 40
*** RIVER *** [7c Td 2c Tc] [Qh]
anca393: bets 80
isaac2289: calls 80
*** SHOW DOWN ***
anca393: shows [Jh Jc] (two pair, Jacks and Tens)
isaac2289: mucks hand 
anca393 collected 320 from pot
*** SUMMARY ***
Total pot 320 | Rake 0 
Board [7c Td 2c Tc Qh]
Seat 1: anca393 (small blind) showed [Jh Jc] and won (320) with two pair, Jacks and Tens
Seat 2: isaac2289 (big blind) mucked [3s 3d]
Seat 3: Mahu2021 (button) folded before Flop (didn't bet)



PokerStars Hand #243027297283: Tournament #3576011279, $0.92+$0.08 USD Hold'em No Limit - Level I (10/20) - 2023/04/11 18:16:45 CET [2023/04/11 12:16:45 ET]
Table '3576011279 1' 3-max Seat #1 is the button
Seat 1: anca393 (390 in chips) 
Seat 2: isaac2289 (740 in chips) 
Seat 3: Mahu2021 (370 in chips) 
isaac2289: posts small blind 10
Mahu2021: posts big blind 20
*** HOLE CARDS ***
Dealt to Mahu2021 [Qh Kd]
anca393: folds 
isaac2289: folds 
Uncalled bet (10) returned to Mahu2021
Mahu2021 collected 20 from pot
Mahu2021: doesn't show hand 
*** SUMMARY ***
Total pot 20 | Rake 0 
Seat 1: anca393 (button) folded before Flop (didn't bet)
Seat 2: isaac2289 (small blind) folded before Flop
Seat 3: Mahu2021 (big blind) collected (20)



PokerStars Hand #243027298773: Tournament #3576011279, $0.92+$0.08 USD Hold'em No Limit - Level I (10/20) - 2023/04/11 18:16:50 CET [2023/04/11 12:16:50 ET]
Table '3576011279 1' 3-max Seat #2 is the button
Seat 1: anca393 (390 in chips) 
Seat 2: isaac2289 (730 in chips) 
Seat 3: Mahu2021 (380 in chips) 
Mahu2021: posts small blind 10
anca393: posts big blind 20
*** HOLE CARDS ***
Dealt to Mahu2021 [2s As]
isaac2289: calls 20
Mahu2021: calls 10
anca393: raises 370 to 390 and is all-in
isaac2289: folds 
Mahu2021: folds 
Uncalled bet (370) returned to anca393
anca393 collected 60 from pot
*** SUMMARY ***
Total pot 60 | Rake 0 
Seat 1: anca393 (big blind) collected (60)
Seat 2: isaac2289 (button) folded before Flop
Seat 3: Mahu2021 (small blind) folded before Flop



PokerStars Hand #243027303387: Tournament #3576011279, $0.92+$0.08 USD Hold'em No Limit - Level I (10/20) - 2023/04/11 18:17:05 CET [2023/04/11 12:17:05 ET]
Table '3576011279 1' 3-max Seat #3 is the button
Seat 1: anca393 (430 in chips) 
Seat 2: isaac2289 (710 in chips) 
Seat 3: Mahu2021 (360 in chips) 
anca393: posts small blind 10
isaac2289: posts big blind 20
*** HOLE CARDS ***
Dealt to Mahu2021 [9c Ks]
Mahu2021: calls 20
anca393: calls 10
isaac2289: checks 
*** FLOP *** [Jc Js 2s]
anca393: checks 
isaac2289: checks 
Mahu2021: bets 20
anca393: folds 
isaac2289: calls 20
*** TURN *** [Jc Js 2s] [Kd]
isaac2289: checks 
Mahu2021: checks 
*** RIVER *** [Jc Js 2s Kd] [2c]
isaac2289: bets 20
Mahu2021: calls 20
*** SHOW DOWN ***
isaac2289: shows [Kc 5c] (two pair, Kings and Jacks)
Mahu2021: shows [9c Ks] (two pair, Kings and Jacks - Nine kicker)
Mahu2021 collected 140 from pot
*** SUMMARY ***
Total pot 140 | Rake 0 
Board [Jc Js 2s Kd 2c]
Seat 1: anca393 (small blind) folded on the Flop
Seat 2: isaac2289 (big blind) showed [Kc 5c] and lost with two pair, Kings and Jacks
Seat 3: Mahu2021 (button) showed [9c Ks] and won (140) with two pair, Kings and Jacks



PokerStars Hand #243027311323: Tournament #3576011279, $0.92+$0.08 USD Hold'em No Limit - Level II (15/30) - 2023/04/11 18:17:32 CET [2023/04/11 12:17:32 ET]
Table '3576011279 1' 3-max Seat #1 is the button
Seat 1: anca393 (410 in chips) 
Seat 2: isaac2289 (650 in chips) 
Seat 3: Mahu2021 (440 in chips) 
isaac2289: posts small blind 15
Mahu2021: posts big blind 30
*** HOLE CARDS ***
Dealt to Mahu2021 [3h 9c]
anca393: folds 
isaac2289: calls 15
Mahu2021: checks 
*** FLOP *** [Kc 4d 3s]
isaac2289: checks 
Mahu2021: bets 30
isaac2289: calls 30
*** TURN *** [Kc 4d 3s] [6c]
isaac2289: checks 
Mahu2021: checks 
*** RIVER *** [Kc 4d 3s 6c] [Jc]
isaac2289: bets 120
Mahu2021: folds 
Uncalled bet (120) returned to isaac2289
isaac2289 collected 120 from pot
*** SUMMARY ***
Total pot 120 | Rake 0 
Board [Kc 4d 3s 6c Jc]
Seat 1: anca393 (button) folded before Flop (didn't bet)
Seat 2: isaac2289 (small blind) collected (120)
Seat 3: Mahu2021 (big blind) folded on the River



PokerStars Hand #243027317142: Tournament #3576011279, $0.92+$0.08 USD Hold'em No Limit - Level II (15/30) - 2023/04/11 18:17:52 CET [2023/04/11 12:17:52 ET]
Table '3576011279 1' 3-max Seat #2 is the button
Seat 1: anca393 (410 in chips) 
Seat 2: isaac2289 (710 in chips) 
Seat 3: Mahu2021 (380 in chips) 
Mahu2021: posts small blind 15
anca393: posts big blind 30
*** HOLE CARDS ***
Dealt to Mahu2021 [2c 7d]
isaac2289: folds 
Mahu2021: folds 
Uncalled bet (15) returned to anca393
anca393 collected 30 from pot
*** SUMMARY ***
Total pot 30 | Rake 0 
Seat 1: anca393 (big blind) collected (30)
Seat 2: isaac2289 (button) folded before Flop (didn't bet)
Seat 3: Mahu2021 (small blind) folded before Flop



PokerStars Hand #243027318561: Tournament #3576011279, $0.92+$0.08 USD Hold'em No Limit - Level II (15/30) - 2023/04/11 18:17:56 CET [2023/04/11 12:17:56 ET]
Table '3576011279 1' 3-max Seat #3 is the button
Seat 1: anca393 (425 in chips) 
Seat 2: isaac2289 (710 in chips) 
Seat 3: Mahu2021 (365 in chips) 
anca393: posts small blind 15
isaac2289: posts big blind 30
*** HOLE CARDS ***
Dealt to Mahu2021 [Qc 3c]
Mahu2021: folds 
anca393: calls 15
isaac2289: raises 680 to 710 and is all-in
anca393: folds 
Uncalled bet (680) returned to isaac2289
isaac2289 collected 60 from pot
*** SUMMARY ***
Total pot 60 | Rake 0 
Seat 1: anca393 (small blind) folded before Flop
Seat 2: isaac2289 (big blind) collected (60)
Seat 3: Mahu2021 (button) folded before Flop (didn't bet)



PokerStars Hand #243027321117: Tournament #3576011279, $0.92+$0.08 USD Hold'em No Limit - Level II (15/30) - 2023/04/11 18:18:05 CET [2023/04/11 12:18:05 ET]
Table '3576011279 1' 3-max Seat #1 is the button
Seat 1: anca393 (395 in chips) 
Seat 2: isaac2289 (740 in chips) 
Seat 3: Mahu2021 (365 in chips) 
isaac2289: posts small blind 15
Mahu2021: posts big blind 30
*** HOLE CARDS ***
Dealt to Mahu2021 [5c Ts]
anca393: calls 30
isaac2289: calls 15
Mahu2021: checks 
*** FLOP *** [Kc 3h 8d]
isaac2289: checks 
Mahu2021: checks 
anca393: bets 30
isaac2289: folds 
Mahu2021: folds 
Uncalled bet (30) returned to anca393
anca393 collected 90 from pot
*** SUMMARY ***
Total pot 90 | Rake 0 
Board [Kc 3h 8d]
Seat 1: anca393 (button) collected (90)
Seat 2: isaac2289 (small blind) folded on the Flop
Seat 3: Mahu2021 (big blind) folded on the Flop



PokerStars Hand #243027324491: Tournament #3576011279, $0.92+$0.08 USD Hold'em No Limit - Level II (15/30) - 2023/04/11 18:18:16 CET [2023/04/11 12:18:16 ET]
Table '3576011279 1' 3-max Seat #2 is the button
Seat 1: anca393 (455 in chips) 
Seat 2: isaac2289 (710 in chips) 
Seat 3: Mahu2021 (335 in chips) 
Mahu2021: posts small blind 15
anca393: posts big blind 30
*** HOLE CARDS ***
Dealt to Mahu2021 [2c 4s]
isaac2289: folds 
Mahu2021: folds 
Uncalled bet (15) returned to anca393
anca393 collected 30 from pot
*** SUMMARY ***
Total pot 30 | Rake 0 
Seat 1: anca393 (big blind) collected (30)
Seat 2: isaac2289 (button) folded before Flop (didn't bet)
Seat 3: Mahu2021 (small blind) folded before Flop



PokerStars Hand #243027326154: Tournament #3576011279, $0.92+$0.08 USD Hold'em No Limit - Level II (15/30) - 2023/04/11 18:18:22 CET [2023/04/11 12:18:22 ET]
Table '3576011279 1' 3-max Seat #3 is the button
Seat 1: anca393 (470 in chips) 
Seat 2: isaac2289 (710 in chips) 
Seat 3: Mahu2021 (320 in chips) 
anca393: posts small blind 15
isaac2289: posts big blind 30
*** HOLE CARDS ***
Dealt to Mahu2021 [2s 5h]
Mahu2021: folds 
anca393: calls 15
isaac2289: checks 
*** FLOP *** [6s 8h 8s]
anca393: checks 
isaac2289: checks 
*** TURN *** [6s 8h 8s] [Td]
anca393: checks 
isaac2289: bets 30
anca393: folds 
Uncalled bet (30) returned to isaac2289
isaac2289 collected 60 from pot
*** SUMMARY ***
Total pot 60 | Rake 0 
Board [6s 8h 8s Td]
Seat 1: anca393 (small blind) folded on the Turn
Seat 2: isaac2289 (big blind) collected (60)
Seat 3: Mahu2021 (button) folded before Flop (didn't bet)



PokerStars Hand #243027331631: Tournament #3576011279, $0.92+$0.08 USD Hold'em No Limit - Level II (15/30) - 2023/04/11 18:18:40 CET [2023/04/11 12:18:40 ET]
Table '3576011279 1' 3-max Seat #1 is the button
Seat 1: anca393 (440 in chips) 
Seat 2: isaac2289 (740 in chips) 
Seat 3: Mahu2021 (320 in chips) 
isaac2289: posts small blind 15
Mahu2021: posts big blind 30
*** HOLE CARDS ***
Dealt to Mahu2021 [2c Qh]
anca393: calls 30
isaac2289: calls 15
Mahu2021: checks 
*** FLOP *** [As Jh 2d]
isaac2289: checks 
Mahu2021: checks 
anca393: bets 30
isaac2289: folds 
Mahu2021: calls 30
*** TURN *** [As Jh 2d] [3s]
Mahu2021: checks 
anca393: bets 30
Mahu2021: calls 30
*** RIVER *** [As Jh 2d 3s] [Qs]
Mahu2021: bets 230 and is all-in
anca393: folds 
Uncalled bet (230) returned to Mahu2021
Mahu2021 collected 210 from pot
Mahu2021: doesn't show hand 
*** SUMMARY ***
Total pot 210 | Rake 0 
Board [As Jh 2d 3s Qs]
Seat 1: anca393 (button) folded on the River
Seat 2: isaac2289 (small blind) folded on the Flop
Seat 3: Mahu2021 (big blind) collected (210)



PokerStars Hand #243027339195: Tournament #3576011279, $0.92+$0.08 USD Hold'em No Limit - Level II (15/30) - 2023/04/11 18:19:05 CET [2023/04/11 12:19:05 ET]
Table '3576011279 1' 3-max Seat #2 is the button
Seat 1: anca393 (350 in chips) 
Seat 2: isaac2289 (710 in chips) 
Seat 3: Mahu2021 (440 in chips) 
Mahu2021: posts small blind 15
anca393: posts big blind 30
*** HOLE CARDS ***
Dealt to Mahu2021 [6s 7c]
isaac2289: raises 680 to 710 and is all-in
Mahu2021: folds 
anca393: folds 
Uncalled bet (680) returned to isaac2289
isaac2289 collected 75 from pot
*** SUMMARY ***
Total pot 75 | Rake 0 
Seat 1: anca393 (big blind) folded before Flop
Seat 2: isaac2289 (button) collected (75)
Seat 3: Mahu2021 (small blind) folded before Flop



PokerStars Hand #243027341250: Tournament #3576011279, $0.92+$0.08 USD Hold'em No Limit - Level II (15/30) - 2023/04/11 18:19:12 CET [2023/04/11 12:19:12 ET]
Table '3576011279 1' 3-max Seat #3 is the button
Seat 1: anca393 (320 in chips) 
Seat 2: isaac2289 (755 in chips) 
Seat 3: Mahu2021 (425 in chips) 
anca393: posts small blind 15
isaac2289: posts big blind 30
*** HOLE CARDS ***
Dealt to Mahu2021 [3d 3h]
Mahu2021: raises 395 to 425 and is all-in
anca393: calls 305 and is all-in
isaac2289: folds 
Uncalled bet (105) returned to Mahu2021
*** FLOP *** [5s Js 9h]
*** TURN *** [5s Js 9h] [7s]
*** RIVER *** [5s Js 9h 7s] [3c]
*** SHOW DOWN ***
anca393: shows [Ac 8c] (high card Ace)
Mahu2021: shows [3d 3h] (three of a kind, Threes)
Mahu2021 collected 670 from pot
anca393 finished the tournament in 3rd place
*** SUMMARY ***
Total pot 670 | Rake 0 
Board [5s Js 9h 7s 3c]
Seat 1: anca393 (small blind) showed [Ac 8c] and lost with high card Ace
Seat 2: isaac2289 (big blind) folded before Flop
Seat 3: Mahu2021 (button) showed [3d 3h] and won (670) with three of a kind, Threes



PokerStars Hand #243027346402: Tournament #3576011279, $0.92+$0.08 USD Hold'em No Limit - Level II (15/30) - 2023/04/11 18:19:29 CET [2023/04/11 12:19:29 ET]
Table '3576011279 1' 3-max Seat #2 is the button
Seat 2: isaac2289 (725 in chips) 
Seat 3: Mahu2021 (775 in chips) 
isaac2289: posts small blind 15
Mahu2021: posts big blind 30
*** HOLE CARDS ***
Dealt to Mahu2021 [Js Ad]
isaac2289: calls 15
Mahu2021: raises 745 to 775 and is all-in
isaac2289: folds 
Uncalled bet (745) returned to Mahu2021
Mahu2021 collected 60 from pot
Mahu2021: doesn't show hand 
*** SUMMARY ***
Total pot 60 | Rake 0 
Seat 2: isaac2289 (button) (small blind) folded before Flop
Seat 3: Mahu2021 (big blind) collected (60)



PokerStars Hand #243027348565: Tournament #3576011279, $0.92+$0.08 USD Hold'em No Limit - Level II (15/30) - 2023/04/11 18:19:36 CET [2023/04/11 12:19:36 ET]
Table '3576011279 1' 3-max Seat #3 is the button
Seat 2: isaac2289 (695 in chips) 
Seat 3: Mahu2021 (805 in chips) 
Mahu2021: posts small blind 15
isaac2289: posts big blind 30
*** HOLE CARDS ***
Dealt to Mahu2021 [Jh Qc]
Mahu2021: calls 15
isaac2289: raises 665 to 695 and is all-in
Mahu2021: folds 
Uncalled bet (665) returned to isaac2289
isaac2289 collected 60 from pot
*** SUMMARY ***
Total pot 60 | Rake 0 
Seat 2: isaac2289 (big blind) collected (60)
Seat 3: Mahu2021 (button) (small blind) folded before Flop



PokerStars Hand #243027350816: Tournament #3576011279, $0.92+$0.08 USD Hold'em No Limit - Level II (15/30) - 2023/04/11 18:19:43 CET [2023/04/11 12:19:43 ET]
Table '3576011279 1' 3-max Seat #2 is the button
Seat 2: isaac2289 (725 in chips) 
Seat 3: Mahu2021 (775 in chips) 
isaac2289: posts small blind 15
Mahu2021: posts big blind 30
*** HOLE CARDS ***
Dealt to Mahu2021 [Ah 5c]
isaac2289: calls 15
Mahu2021: checks 
*** FLOP *** [8h Th 3h]
Mahu2021: bets 30
isaac2289: folds 
Uncalled bet (30) returned to Mahu2021
Mahu2021 collected 60 from pot
Mahu2021: doesn't show hand 
*** SUMMARY ***
Total pot 60 | Rake 0 
Board [8h Th 3h]
Seat 2: isaac2289 (button) (small blind) folded on the Flop
Seat 3: Mahu2021 (big blind) collected (60)



PokerStars Hand #243027353985: Tournament #3576011279, $0.92+$0.08 USD Hold'em No Limit - Level II (15/30) - 2023/04/11 18:19:54 CET [2023/04/11 12:19:54 ET]
Table '3576011279 1' 3-max Seat #3 is the button
Seat 2: isaac2289 (695 in chips) 
Seat 3: Mahu2021 (805 in chips) 
Mahu2021: posts small blind 15
isaac2289: posts big blind 30
*** HOLE CARDS ***
Dealt to Mahu2021 [9d 6s]
Mahu2021: calls 15
isaac2289: checks 
*** FLOP *** [2s Jd Js]
isaac2289: checks 
Mahu2021: bets 30
isaac2289: calls 30
*** TURN *** [2s Jd Js] [Qs]
isaac2289: checks 
Mahu2021: checks 
*** RIVER *** [2s Jd Js Qs] [8d]
isaac2289: bets 30
Mahu2021: folds 
Uncalled bet (30) returned to isaac2289
isaac2289 collected 120 from pot
*** SUMMARY ***
Total pot 120 | Rake 0 
Board [2s Jd Js Qs 8d]
Seat 2: isaac2289 (big blind) collected (120)
Seat 3: Mahu2021 (button) (small blind) folded on the River



PokerStars Hand #243027359974: Tournament #3576011279, $0.92+$0.08 USD Hold'em No Limit - Level III (20/40) - 2023/04/11 18:20:14 CET [2023/04/11 12:20:14 ET]
Table '3576011279 1' 3-max Seat #2 is the button
Seat 2: isaac2289 (755 in chips) 
Seat 3: Mahu2021 (745 in chips) 
isaac2289: posts small blind 20
Mahu2021: posts big blind 40
*** HOLE CARDS ***
Dealt to Mahu2021 [8s 4c]
isaac2289: raises 715 to 755 and is all-in
Mahu2021: folds 
Uncalled bet (715) returned to isaac2289
isaac2289 collected 80 from pot
*** SUMMARY ***
Total pot 80 | Rake 0 
Seat 2: isaac2289 (button) (small blind) collected (80)
Seat 3: Mahu2021 (big blind) folded before Flop



PokerStars Hand #243027361668: Tournament #3576011279, $0.92+$0.08 USD Hold'em No Limit - Level III (20/40) - 2023/04/11 18:20:19 CET [2023/04/11 12:20:19 ET]
Table '3576011279 1' 3-max Seat #3 is the button
Seat 2: isaac2289 (795 in chips) 
Seat 3: Mahu2021 (705 in chips) 
Mahu2021: posts small blind 20
isaac2289: posts big blind 40
*** HOLE CARDS ***
Dealt to Mahu2021 [Jd 5d]
Mahu2021: calls 20
isaac2289: checks 
*** FLOP *** [Qh 3s 5c]
isaac2289: checks 
Mahu2021: bets 40
isaac2289: folds 
Uncalled bet (40) returned to Mahu2021
Mahu2021 collected 80 from pot
Mahu2021: doesn't show hand 
*** SUMMARY ***
Total pot 80 | Rake 0 
Board [Qh 3s 5c]
Seat 2: isaac2289 (big blind) folded on the Flop
Seat 3: Mahu2021 (button) (small blind) collected (80)



PokerStars Hand #243027364688: Tournament #3576011279, $0.92+$0.08 USD Hold'em No Limit - Level III (20/40) - 2023/04/11 18:20:30 CET [2023/04/11 12:20:30 ET]
Table '3576011279 1' 3-max Seat #2 is the button
Seat 2: isaac2289 (755 in chips) 
Seat 3: Mahu2021 (745 in chips) 
isaac2289: posts small blind 20
Mahu2021: posts big blind 40
*** HOLE CARDS ***
Dealt to Mahu2021 [7h Js]
isaac2289: folds 
Uncalled bet (20) returned to Mahu2021
Mahu2021 collected 40 from pot
Mahu2021: doesn't show hand 
*** SUMMARY ***
Total pot 40 | Rake 0 
Seat 2: isaac2289 (button) (small blind) folded before Flop
Seat 3: Mahu2021 (big blind) collected (40)



PokerStars Hand #243027366063: Tournament #3576011279, $0.92+$0.08 USD Hold'em No Limit - Level III (20/40) - 2023/04/11 18:20:34 CET [2023/04/11 12:20:34 ET]
Table '3576011279 1' 3-max Seat #3 is the button
Seat 2: isaac2289 (735 in chips) 
Seat 3: Mahu2021 (765 in chips) 
Mahu2021: posts small blind 20
isaac2289: posts big blind 40
*** HOLE CARDS ***
Dealt to Mahu2021 [As 2c]
Mahu2021: calls 20
isaac2289: raises 695 to 735 and is all-in
Mahu2021: folds 
Uncalled bet (695) returned to isaac2289
isaac2289 collected 80 from pot
*** SUMMARY ***
Total pot 80 | Rake 0 
Seat 2: isaac2289 (big blind) collected (80)
Seat 3: Mahu2021 (button) (small blind) folded before Flop



PokerStars Hand #243027368333: Tournament #3576011279, $0.92+$0.08 USD Hold'em No Limit - Level III (20/40) - 2023/04/11 18:20:42 CET [2023/04/11 12:20:42 ET]
Table '3576011279 1' 3-max Seat #2 is the button
Seat 2: isaac2289 (775 in chips) 
Seat 3: Mahu2021 (725 in chips) 
isaac2289: posts small blind 20
Mahu2021: posts big blind 40
*** HOLE CARDS ***
Dealt to Mahu2021 [8h Jd]
isaac2289: raises 735 to 775 and is all-in
Mahu2021: folds 
Uncalled bet (735) returned to isaac2289
isaac2289 collected 80 from pot
*** SUMMARY ***
Total pot 80 | Rake 0 
Seat 2: isaac2289 (button) (small blind) collected (80)
Seat 3: Mahu2021 (big blind) folded before Flop



PokerStars Hand #243027370046: Tournament #3576011279, $0.92+$0.08 USD Hold'em No Limit - Level III (20/40) - 2023/04/11 18:20:48 CET [2023/04/11 12:20:48 ET]
Table '3576011279 1' 3-max Seat #3 is the button
Seat 2: isaac2289 (815 in chips) 
Seat 3: Mahu2021 (685 in chips) 
Mahu2021: posts small blind 20
isaac2289: posts big blind 40
*** HOLE CARDS ***
Dealt to Mahu2021 [3c 5c]
Mahu2021: calls 20
isaac2289: checks 
*** FLOP *** [7s 6s Tc]
isaac2289: checks 
Mahu2021: checks 
*** TURN *** [7s 6s Tc] [Kd]
isaac2289: checks 
Mahu2021: checks 
*** RIVER *** [7s 6s Tc Kd] [Js]
isaac2289: checks 
Mahu2021: checks 
*** SHOW DOWN ***
isaac2289: shows [4s 6h] (a pair of Sixes)
Mahu2021: mucks hand 
isaac2289 collected 80 from pot
*** SUMMARY ***
Total pot 80 | Rake 0 
Board [7s 6s Tc Kd Js]
Seat 2: isaac2289 (big blind) showed [4s 6h] and won (80) with a pair of Sixes
Seat 3: Mahu2021 (button) (small blind) mucked [3c 5c]



PokerStars Hand #243027374721: Tournament #3576011279, $0.92+$0.08 USD Hold'em No Limit - Level III (20/40) - 2023/04/11 18:21:03 CET [2023/04/11 12:21:03 ET]
Table '3576011279 1' 3-max Seat #2 is the button
Seat 2: isaac2289 (855 in chips) 
Seat 3: Mahu2021 (645 in chips) 
isaac2289: posts small blind 20
Mahu2021: posts big blind 40
*** HOLE CARDS ***
Dealt to Mahu2021 [3c 7c]
isaac2289: folds 
Uncalled bet (20) returned to Mahu2021
Mahu2021 collected 40 from pot
Mahu2021: doesn't show hand 
*** SUMMARY ***
Total pot 40 | Rake 0 
Seat 2: isaac2289 (button) (small blind) folded before Flop
Seat 3: Mahu2021 (big blind) collected (40)



PokerStars Hand #243027375869: Tournament #3576011279, $0.92+$0.08 USD Hold'em No Limit - Level III (20/40) - 2023/04/11 18:21:07 CET [2023/04/11 12:21:07 ET]
Table '3576011279 1' 3-max Seat #3 is the button
Seat 2: isaac2289 (835 in chips) 
Seat 3: Mahu2021 (665 in chips) 
Mahu2021: posts small blind 20
isaac2289: posts big blind 40
*** HOLE CARDS ***
Dealt to Mahu2021 [Ad Qs]
Mahu2021: calls 20
isaac2289: checks 
*** FLOP *** [9s Th 3h]
isaac2289: checks 
Mahu2021: bets 40
isaac2289: calls 40
*** TURN *** [9s Th 3h] [9h]
isaac2289: checks 
Mahu2021: checks 
*** RIVER *** [9s Th 3h 9h] [5c]
isaac2289: bets 755 and is all-in
Mahu2021: folds 
Uncalled bet (755) returned to isaac2289
isaac2289 collected 160 from pot
*** SUMMARY ***
Total pot 160 | Rake 0 
Board [9s Th 3h 9h 5c]
Seat 2: isaac2289 (big blind) collected (160)
Seat 3: Mahu2021 (button) (small blind) folded on the River



PokerStars Hand #243027380761: Tournament #3576011279, $0.92+$0.08 USD Hold'em No Limit - Level III (20/40) - 2023/04/11 18:21:23 CET [2023/04/11 12:21:23 ET]
Table '3576011279 1' 3-max Seat #2 is the button
Seat 2: isaac2289 (915 in chips) 
Seat 3: Mahu2021 (585 in chips) 
isaac2289: posts small blind 20
Mahu2021: posts big blind 40
*** HOLE CARDS ***
Dealt to Mahu2021 [Td Kh]
isaac2289: raises 875 to 915 and is all-in
Mahu2021: calls 545 and is all-in
Uncalled bet (330) returned to isaac2289
*** FLOP *** [Jh Th 5h]
*** TURN *** [Jh Th 5h] [9d]
*** RIVER *** [Jh Th 5h 9d] [8s]
*** SHOW DOWN ***
Mahu2021: shows [Td Kh] (a pair of Tens)
isaac2289: shows [6c Ac] (high card Ace)
Mahu2021 collected 1170 from pot
*** SUMMARY ***
Total pot 1170 | Rake 0 
Board [Jh Th 5h 9d 8s]
Seat 2: isaac2289 (button) (small blind) showed [6c Ac] and lost with high card Ace
Seat 3: Mahu2021 (big blind) showed [Td Kh] and won (1170) with a pair of Tens



PokerStars Hand #243027384471: Tournament #3576011279, $0.92+$0.08 USD Hold'em No Limit - Level III (20/40) - 2023/04/11 18:21:36 CET [2023/04/11 12:21:36 ET]
Table '3576011279 1' 3-max Seat #3 is the button
Seat 2: isaac2289 (330 in chips) 
Seat 3: Mahu2021 (1170 in chips) 
Mahu2021: posts small blind 20
isaac2289: posts big blind 40
*** HOLE CARDS ***
Dealt to Mahu2021 [9c 9d]
Mahu2021: raises 1130 to 1170 and is all-in
isaac2289: folds 
Uncalled bet (1130) returned to Mahu2021
Mahu2021 collected 80 from pot
Mahu2021: doesn't show hand 
*** SUMMARY ***
Total pot 80 | Rake 0 
Seat 2: isaac2289 (big blind) folded before Flop
Seat 3: Mahu2021 (button) (small blind) collected (80)



PokerStars Hand #243027386262: Tournament #3576011279, $0.92+$0.08 USD Hold'em No Limit - Level III (20/40) - 2023/04/11 18:21:42 CET [2023/04/11 12:21:42 ET]
Table '3576011279 1' 3-max Seat #2 is the button
Seat 2: isaac2289 (290 in chips) 
Seat 3: Mahu2021 (1210 in chips) 
isaac2289: posts small blind 20
Mahu2021: posts big blind 40
*** HOLE CARDS ***
Dealt to Mahu2021 [3c Qc]
isaac2289: folds 
Uncalled bet (20) returned to Mahu2021
Mahu2021 collected 40 from pot
Mahu2021: doesn't show hand 
*** SUMMARY ***
Total pot 40 | Rake 0 
Seat 2: isaac2289 (button) (small blind) folded before Flop
Seat 3: Mahu2021 (big blind) collected (40)



PokerStars Hand #243027387505: Tournament #3576011279, $0.92+$0.08 USD Hold'em No Limit - Level III (20/40) - 2023/04/11 18:21:46 CET [2023/04/11 12:21:46 ET]
Table '3576011279 1' 3-max Seat #3 is the button
Seat 2: isaac2289 (270 in chips) 
Seat 3: Mahu2021 (1230 in chips) 
Mahu2021: posts small blind 20
isaac2289: posts big blind 40
*** HOLE CARDS ***
Dealt to Mahu2021 [Qh 5h]
Mahu2021: raises 1190 to 1230 and is all-in
isaac2289: calls 230 and is all-in
Uncalled bet (960) returned to Mahu2021
*** FLOP *** [3h Ac Qd]
*** TURN *** [3h Ac Qd] [Qc]
*** RIVER *** [3h Ac Qd Qc] [7h]
*** SHOW DOWN ***
isaac2289: shows [5c 8c] (a pair of Queens)
Mahu2021: shows [Qh 5h] (three of a kind, Queens)
Mahu2021 collected 540 from pot
isaac2289 finished the tournament in 2nd place
Mahu2021 wins the tournament and receives $3.00 - congratulations!
*** SUMMARY ***
Total pot 540 | Rake 0 
Board [3h Ac Qd Qc 7h]
Seat 2: isaac2289 (big blind) showed [5c 8c] and lost with a pair of Queens
Seat 3: Mahu2021 (button) (small blind) showed [Qh 5h] and won (540) with three of a kind, Queens



