PokerStars Hand #252957141130: Tournament #3812643260, $1.84+$0.16 USD Hold'em No Limit - Level I (10/20) - 2024/10/16 19:23:05 CET [2024/10/16 13:23:05 ET]
Table '3812643260 1' 3-max Seat #1 is the button
Seat 1: Mahu2021 (500 in chips) 
Seat 2: Ironmaiden665 (500 in chips) 
Seat 3: The_Freshlex (500 in chips) 
Ironmaiden665: posts small blind 10
The_Freshlex: posts big blind 20
*** HOLE CARDS ***
Dealt to Mahu2021 [7s 4h]
Mahu2021: folds 
Ironmaiden665: raises 20 to 40
The_Freshlex: calls 20
*** FLOP *** [As 7d Qs]
Ironmaiden665: bets 40
The_Freshlex: folds 
Uncalled bet (40) returned to Ironmaiden665
Ironmaiden665 collected 80 from pot
Ironmaiden665: doesn't show hand 
*** SUMMARY ***
Total pot 80 | Rake 0 
Board [As 7d Qs]
Seat 1: Mahu2021 (button) folded before Flop (didn't bet)
Seat 2: Ironmaiden665 (small blind) collected (80)
Seat 3: The_Freshlex (big blind) folded on the Flop



PokerStars Hand #252957144076: Tournament #3812643260, $1.84+$0.16 USD Hold'em No Limit - Level I (10/20) - 2024/10/16 19:23:17 CET [2024/10/16 13:23:17 ET]
Table '3812643260 1' 3-max Seat #2 is the button
Seat 1: Mahu2021 (500 in chips) 
Seat 2: Ironmaiden665 (540 in chips) 
Seat 3: The_Freshlex (460 in chips) 
The_Freshlex: posts small blind 10
Mahu2021: posts big blind 20
*** HOLE CARDS ***
Dealt to Mahu2021 [4d Td]
Ironmaiden665: folds 
The_Freshlex: raises 30 to 50
Mahu2021: folds 
Uncalled bet (30) returned to The_Freshlex
The_Freshlex collected 40 from pot
The_Freshlex: doesn't show hand 
*** SUMMARY ***
Total pot 40 | Rake 0 
Seat 1: Mahu2021 (big blind) folded before Flop
Seat 2: Ironmaiden665 (button) folded before Flop (didn't bet)
Seat 3: The_Freshlex (small blind) collected (40)



PokerStars Hand #252957145997: Tournament #3812643260, $1.84+$0.16 USD Hold'em No Limit - Level I (10/20) - 2024/10/16 19:23:24 CET [2024/10/16 13:23:24 ET]
Table '3812643260 1' 3-max Seat #3 is the button
Seat 1: Mahu2021 (480 in chips) 
Seat 2: Ironmaiden665 (540 in chips) 
Seat 3: The_Freshlex (480 in chips) 
Mahu2021: posts small blind 10
Ironmaiden665: posts big blind 20
*** HOLE CARDS ***
Dealt to Mahu2021 [As Th]
The_Freshlex: folds 
Mahu2021: raises 40 to 60
Ironmaiden665: folds 
Uncalled bet (40) returned to Mahu2021
Mahu2021 collected 40 from pot
Mahu2021: doesn't show hand 
*** SUMMARY ***
Total pot 40 | Rake 0 
Seat 1: Mahu2021 (small blind) collected (40)
Seat 2: Ironmaiden665 (big blind) folded before Flop
Seat 3: The_Freshlex (button) folded before Flop (didn't bet)



PokerStars Hand #252957147924: Tournament #3812643260, $1.84+$0.16 USD Hold'em No Limit - Level I (10/20) - 2024/10/16 19:23:31 CET [2024/10/16 13:23:31 ET]
Table '3812643260 1' 3-max Seat #1 is the button
Seat 1: Mahu2021 (500 in chips) 
Seat 2: Ironmaiden665 (520 in chips) 
Seat 3: The_Freshlex (480 in chips) 
Ironmaiden665: posts small blind 10
The_Freshlex: posts big blind 20
*** HOLE CARDS ***
Dealt to Mahu2021 [7d 4d]
Mahu2021: calls 20
Ironmaiden665: folds 
The_Freshlex: checks 
*** FLOP *** [Td Ac 4c]
The_Freshlex: checks 
Mahu2021: bets 20
The_Freshlex: raises 30 to 50
Mahu2021: raises 50 to 100
The_Freshlex: calls 50
*** TURN *** [Td Ac 4c] [Th]
The_Freshlex: bets 20
Mahu2021: raises 40 to 60
The_Freshlex: calls 40
*** RIVER *** [Td Ac 4c Th] [9h]
The_Freshlex: checks 
Mahu2021: bets 80
The_Freshlex: folds 
Uncalled bet (80) returned to Mahu2021
Mahu2021 collected 370 from pot
Mahu2021: doesn't show hand 
*** SUMMARY ***
Total pot 370 | Rake 0 
Board [Td Ac 4c Th 9h]
Seat 1: Mahu2021 (button) collected (370)
Seat 2: Ironmaiden665 (small blind) folded before Flop
Seat 3: The_Freshlex (big blind) folded on the River



PokerStars Hand #252957153887: Tournament #3812643260, $1.84+$0.16 USD Hold'em No Limit - Level I (10/20) - 2024/10/16 19:23:54 CET [2024/10/16 13:23:54 ET]
Table '3812643260 1' 3-max Seat #2 is the button
Seat 1: Mahu2021 (690 in chips) 
Seat 2: Ironmaiden665 (510 in chips) 
Seat 3: The_Freshlex (300 in chips) 
The_Freshlex: posts small blind 10
Mahu2021: posts big blind 20
*** HOLE CARDS ***
Dealt to Mahu2021 [4s Jh]
Ironmaiden665: folds 
The_Freshlex: calls 10
Mahu2021: checks 
*** FLOP *** [8h 3c 8d]
The_Freshlex: checks 
Mahu2021: checks 
*** TURN *** [8h 3c 8d] [Ac]
The_Freshlex: bets 20
Mahu2021: folds 
Uncalled bet (20) returned to The_Freshlex
The_Freshlex collected 40 from pot
The_Freshlex: doesn't show hand 
*** SUMMARY ***
Total pot 40 | Rake 0 
Board [8h 3c 8d Ac]
Seat 1: Mahu2021 (big blind) folded on the Turn
Seat 2: Ironmaiden665 (button) folded before Flop (didn't bet)
Seat 3: The_Freshlex (small blind) collected (40)



PokerStars Hand #252957159055: Tournament #3812643260, $1.84+$0.16 USD Hold'em No Limit - Level I (10/20) - 2024/10/16 19:24:14 CET [2024/10/16 13:24:14 ET]
Table '3812643260 1' 3-max Seat #3 is the button
Seat 1: Mahu2021 (670 in chips) 
Seat 2: Ironmaiden665 (510 in chips) 
Seat 3: The_Freshlex (320 in chips) 
Mahu2021: posts small blind 10
Ironmaiden665: posts big blind 20
*** HOLE CARDS ***
Dealt to Mahu2021 [4s Jd]
The_Freshlex: folds 
Mahu2021: folds 
Uncalled bet (10) returned to Ironmaiden665
Ironmaiden665 collected 20 from pot
Ironmaiden665: doesn't show hand 
*** SUMMARY ***
Total pot 20 | Rake 0 
Seat 1: Mahu2021 (small blind) folded before Flop
Seat 2: Ironmaiden665 (big blind) collected (20)
Seat 3: The_Freshlex (button) folded before Flop (didn't bet)



PokerStars Hand #252957160277: Tournament #3812643260, $1.84+$0.16 USD Hold'em No Limit - Level I (10/20) - 2024/10/16 19:24:19 CET [2024/10/16 13:24:19 ET]
Table '3812643260 1' 3-max Seat #1 is the button
Seat 1: Mahu2021 (660 in chips) 
Seat 2: Ironmaiden665 (520 in chips) 
Seat 3: The_Freshlex (320 in chips) 
Ironmaiden665: posts small blind 10
The_Freshlex: posts big blind 20
*** HOLE CARDS ***
Dealt to Mahu2021 [5d 2h]
Mahu2021: folds 
Ironmaiden665: folds 
Uncalled bet (10) returned to The_Freshlex
The_Freshlex collected 20 from pot
The_Freshlex: doesn't show hand 
*** SUMMARY ***
Total pot 20 | Rake 0 
Seat 1: Mahu2021 (button) folded before Flop (didn't bet)
Seat 2: Ironmaiden665 (small blind) folded before Flop
Seat 3: The_Freshlex (big blind) collected (20)



PokerStars Hand #252957161773: Tournament #3812643260, $1.84+$0.16 USD Hold'em No Limit - Level I (10/20) - 2024/10/16 19:24:25 CET [2024/10/16 13:24:25 ET]
Table '3812643260 1' 3-max Seat #2 is the button
Seat 1: Mahu2021 (660 in chips) 
Seat 2: Ironmaiden665 (510 in chips) 
Seat 3: The_Freshlex (330 in chips) 
The_Freshlex: posts small blind 10
Mahu2021: posts big blind 20
*** HOLE CARDS ***
Dealt to Mahu2021 [Ah 6s]
Ironmaiden665: calls 20
The_Freshlex: calls 10
Mahu2021: checks 
*** FLOP *** [7c 2h Ad]
The_Freshlex: checks 
Mahu2021: bets 20
Ironmaiden665: folds 
The_Freshlex: folds 
Uncalled bet (20) returned to Mahu2021
Mahu2021 collected 60 from pot
Mahu2021: doesn't show hand 
*** SUMMARY ***
Total pot 60 | Rake 0 
Board [7c 2h Ad]
Seat 1: Mahu2021 (big blind) collected (60)
Seat 2: Ironmaiden665 (button) folded on the Flop
Seat 3: The_Freshlex (small blind) folded on the Flop



PokerStars Hand #252957168359: Tournament #3812643260, $1.84+$0.16 USD Hold'em No Limit - Level I (10/20) - 2024/10/16 19:24:50 CET [2024/10/16 13:24:50 ET]
Table '3812643260 1' 3-max Seat #3 is the button
Seat 1: Mahu2021 (700 in chips) 
Seat 2: Ironmaiden665 (490 in chips) 
Seat 3: The_Freshlex (310 in chips) 
Mahu2021: posts small blind 10
Ironmaiden665: posts big blind 20
*** HOLE CARDS ***
Dealt to Mahu2021 [4d 8d]
The_Freshlex: folds 
Mahu2021: calls 10
Ironmaiden665: checks 
*** FLOP *** [7s 3s 6h]
Mahu2021: checks 
Ironmaiden665: checks 
*** TURN *** [7s 3s 6h] [Kc]
Mahu2021: checks 
Ironmaiden665: checks 
*** RIVER *** [7s 3s 6h Kc] [Js]
Mahu2021: checks 
Ironmaiden665: checks 
*** SHOW DOWN ***
Mahu2021: shows [4d 8d] (high card King)
Ironmaiden665: shows [2s Ah] (high card Ace)
Ironmaiden665 collected 40 from pot
*** SUMMARY ***
Total pot 40 | Rake 0 
Board [7s 3s 6h Kc Js]
Seat 1: Mahu2021 (small blind) showed [4d 8d] and lost with high card King
Seat 2: Ironmaiden665 (big blind) showed [2s Ah] and won (40) with high card Ace
Seat 3: The_Freshlex (button) folded before Flop (didn't bet)



PokerStars Hand #252957174537: Tournament #3812643260, $1.84+$0.16 USD Hold'em No Limit - Level II (15/30) - 2024/10/16 19:25:13 CET [2024/10/16 13:25:13 ET]
Table '3812643260 1' 3-max Seat #1 is the button
Seat 1: Mahu2021 (680 in chips) 
Seat 2: Ironmaiden665 (510 in chips) 
Seat 3: The_Freshlex (310 in chips) 
Ironmaiden665: posts small blind 15
The_Freshlex: posts big blind 30
*** HOLE CARDS ***
Dealt to Mahu2021 [Jc Kd]
Mahu2021: raises 30 to 60
Ironmaiden665: folds 
The_Freshlex: folds 
Uncalled bet (30) returned to Mahu2021
Mahu2021 collected 75 from pot
Mahu2021: doesn't show hand 
*** SUMMARY ***
Total pot 75 | Rake 0 
Seat 1: Mahu2021 (button) collected (75)
Seat 2: Ironmaiden665 (small blind) folded before Flop
Seat 3: The_Freshlex (big blind) folded before Flop



PokerStars Hand #252957176162: Tournament #3812643260, $1.84+$0.16 USD Hold'em No Limit - Level II (15/30) - 2024/10/16 19:25:20 CET [2024/10/16 13:25:20 ET]
Table '3812643260 1' 3-max Seat #2 is the button
Seat 1: Mahu2021 (725 in chips) 
Seat 2: Ironmaiden665 (495 in chips) 
Seat 3: The_Freshlex (280 in chips) 
The_Freshlex: posts small blind 15
Mahu2021: posts big blind 30
*** HOLE CARDS ***
Dealt to Mahu2021 [Qd 7h]
Ironmaiden665: calls 30
The_Freshlex: calls 15
Mahu2021: checks 
*** FLOP *** [8h 5h 4s]
The_Freshlex: checks 
Mahu2021: checks 
Ironmaiden665: checks 
*** TURN *** [8h 5h 4s] [Js]
The_Freshlex: bets 30
Mahu2021: calls 30
Ironmaiden665: calls 30
*** RIVER *** [8h 5h 4s Js] [Qs]
The_Freshlex: bets 45
Mahu2021: calls 45
Ironmaiden665: raises 45 to 90
The_Freshlex: raises 45 to 135
Mahu2021: folds 
Ironmaiden665: raises 45 to 180
The_Freshlex: calls 45
*** SHOW DOWN ***
Ironmaiden665: shows [Ks Ts] (a flush, King high)
The_Freshlex: mucks hand 
Ironmaiden665 collected 585 from pot
*** SUMMARY ***
Total pot 585 | Rake 0 
Board [8h 5h 4s Js Qs]
Seat 1: Mahu2021 (big blind) folded on the River
Seat 2: Ironmaiden665 (button) showed [Ks Ts] and won (585) with a flush, King high
Seat 3: The_Freshlex (small blind) mucked [3s 6s]



PokerStars Hand #252957183875: Tournament #3812643260, $1.84+$0.16 USD Hold'em No Limit - Level II (15/30) - 2024/10/16 19:25:50 CET [2024/10/16 13:25:50 ET]
Table '3812643260 1' 3-max Seat #3 is the button
Seat 1: Mahu2021 (620 in chips) 
Seat 2: Ironmaiden665 (840 in chips) 
Seat 3: The_Freshlex (40 in chips) 
Mahu2021: posts small blind 15
Ironmaiden665: posts big blind 30
*** HOLE CARDS ***
Dealt to Mahu2021 [Jh 8c]
The_Freshlex: folds 
Mahu2021: raises 30 to 60
Ironmaiden665: calls 30
*** FLOP *** [Ks As Ts]
Mahu2021: checks 
Ironmaiden665: checks 
*** TURN *** [Ks As Ts] [Qh]
Mahu2021: bets 60
Ironmaiden665: folds 
Uncalled bet (60) returned to Mahu2021
Mahu2021 collected 120 from pot
Mahu2021: doesn't show hand 
*** SUMMARY ***
Total pot 120 | Rake 0 
Board [Ks As Ts Qh]
Seat 1: Mahu2021 (small blind) collected (120)
Seat 2: Ironmaiden665 (big blind) folded on the Turn
Seat 3: The_Freshlex (button) folded before Flop (didn't bet)



PokerStars Hand #252957188020: Tournament #3812643260, $1.84+$0.16 USD Hold'em No Limit - Level II (15/30) - 2024/10/16 19:26:06 CET [2024/10/16 13:26:06 ET]
Table '3812643260 1' 3-max Seat #1 is the button
Seat 1: Mahu2021 (680 in chips) 
Seat 2: Ironmaiden665 (780 in chips) 
Seat 3: The_Freshlex (40 in chips) 
Ironmaiden665: posts small blind 15
The_Freshlex: posts big blind 30
*** HOLE CARDS ***
Dealt to Mahu2021 [3h 4h]
Mahu2021: folds 
Ironmaiden665: raises 60 to 90
The_Freshlex: calls 10 and is all-in
Uncalled bet (50) returned to Ironmaiden665
*** FLOP *** [Jc 9c 6h]
*** TURN *** [Jc 9c 6h] [7d]
*** RIVER *** [Jc 9c 6h 7d] [6d]
*** SHOW DOWN ***
Ironmaiden665: shows [8h 8c] (two pair, Eights and Sixes)
The_Freshlex: shows [Kh 2d] (a pair of Sixes)
Ironmaiden665 collected 80 from pot
The_Freshlex finished the tournament in 3rd place
*** SUMMARY ***
Total pot 80 | Rake 0 
Board [Jc 9c 6h 7d 6d]
Seat 1: Mahu2021 (button) folded before Flop (didn't bet)
Seat 2: Ironmaiden665 (small blind) showed [8h 8c] and won (80) with two pair, Eights and Sixes
Seat 3: The_Freshlex (big blind) showed [Kh 2d] and lost with a pair of Sixes



PokerStars Hand #252957192644: Tournament #3812643260, $1.84+$0.16 USD Hold'em No Limit - Level II (15/30) - 2024/10/16 19:26:24 CET [2024/10/16 13:26:24 ET]
Table '3812643260 1' 3-max Seat #2 is the button
Seat 1: Mahu2021 (680 in chips) 
Seat 2: Ironmaiden665 (820 in chips) 
Ironmaiden665: posts small blind 15
Mahu2021: posts big blind 30
*** HOLE CARDS ***
Dealt to Mahu2021 [2s 3d]
Ironmaiden665: folds 
Uncalled bet (15) returned to Mahu2021
Mahu2021 collected 30 from pot
Mahu2021: doesn't show hand 
*** SUMMARY ***
Total pot 30 | Rake 0 
Seat 1: Mahu2021 (big blind) collected (30)
Seat 2: Ironmaiden665 (button) (small blind) folded before Flop



PokerStars Hand #252957193737: Tournament #3812643260, $1.84+$0.16 USD Hold'em No Limit - Level II (15/30) - 2024/10/16 19:26:28 CET [2024/10/16 13:26:28 ET]
Table '3812643260 1' 3-max Seat #1 is the button
Seat 1: Mahu2021 (695 in chips) 
Seat 2: Ironmaiden665 (805 in chips) 
Mahu2021: posts small blind 15
Ironmaiden665: posts big blind 30
*** HOLE CARDS ***
Dealt to Mahu2021 [Tc Ad]
Mahu2021: raises 30 to 60
Ironmaiden665: folds 
Uncalled bet (30) returned to Mahu2021
Mahu2021 collected 60 from pot
Mahu2021: doesn't show hand 
*** SUMMARY ***
Total pot 60 | Rake 0 
Seat 1: Mahu2021 (button) (small blind) collected (60)
Seat 2: Ironmaiden665 (big blind) folded before Flop



PokerStars Hand #252957195272: Tournament #3812643260, $1.84+$0.16 USD Hold'em No Limit - Level II (15/30) - 2024/10/16 19:26:34 CET [2024/10/16 13:26:34 ET]
Table '3812643260 1' 3-max Seat #2 is the button
Seat 1: Mahu2021 (725 in chips) 
Seat 2: Ironmaiden665 (775 in chips) 
Ironmaiden665: posts small blind 15
Mahu2021: posts big blind 30
*** HOLE CARDS ***
Dealt to Mahu2021 [2c 6c]
Ironmaiden665: folds 
Uncalled bet (15) returned to Mahu2021
Mahu2021 collected 30 from pot
Mahu2021: doesn't show hand 
*** SUMMARY ***
Total pot 30 | Rake 0 
Seat 1: Mahu2021 (big blind) collected (30)
Seat 2: Ironmaiden665 (button) (small blind) folded before Flop



PokerStars Hand #252957196393: Tournament #3812643260, $1.84+$0.16 USD Hold'em No Limit - Level II (15/30) - 2024/10/16 19:26:38 CET [2024/10/16 13:26:38 ET]
Table '3812643260 1' 3-max Seat #1 is the button
Seat 1: Mahu2021 (740 in chips) 
Seat 2: Ironmaiden665 (760 in chips) 
Mahu2021: posts small blind 15
Ironmaiden665: posts big blind 30
*** HOLE CARDS ***
Dealt to Mahu2021 [6d Ad]
Mahu2021: raises 30 to 60
Ironmaiden665: folds 
Uncalled bet (30) returned to Mahu2021
Mahu2021 collected 60 from pot
Mahu2021: doesn't show hand 
*** SUMMARY ***
Total pot 60 | Rake 0 
Seat 1: Mahu2021 (button) (small blind) collected (60)
Seat 2: Ironmaiden665 (big blind) folded before Flop



PokerStars Hand #252957198032: Tournament #3812643260, $1.84+$0.16 USD Hold'em No Limit - Level II (15/30) - 2024/10/16 19:26:44 CET [2024/10/16 13:26:44 ET]
Table '3812643260 1' 3-max Seat #2 is the button
Seat 1: Mahu2021 (770 in chips) 
Seat 2: Ironmaiden665 (730 in chips) 
Ironmaiden665: posts small blind 15
Mahu2021: posts big blind 30
*** HOLE CARDS ***
Dealt to Mahu2021 [Tc Js]
Ironmaiden665: raises 60 to 90
Mahu2021: calls 60
*** FLOP *** [4s 3d 5d]
Mahu2021: checks 
Ironmaiden665: checks 
*** TURN *** [4s 3d 5d] [4c]
Mahu2021: checks 
Ironmaiden665: checks 
*** RIVER *** [4s 3d 5d 4c] [8h]
Mahu2021: checks 
Ironmaiden665: checks 
*** SHOW DOWN ***
Mahu2021: shows [Tc Js] (a pair of Fours)
Ironmaiden665: shows [7h Ac] (a pair of Fours - Ace kicker)
Ironmaiden665 collected 180 from pot
*** SUMMARY ***
Total pot 180 | Rake 0 
Board [4s 3d 5d 4c 8h]
Seat 1: Mahu2021 (big blind) showed [Tc Js] and lost with a pair of Fours
Seat 2: Ironmaiden665 (button) (small blind) showed [7h Ac] and won (180) with a pair of Fours



PokerStars Hand #252957202117: Tournament #3812643260, $1.84+$0.16 USD Hold'em No Limit - Level II (15/30) - 2024/10/16 19:27:00 CET [2024/10/16 13:27:00 ET]
Table '3812643260 1' 3-max Seat #1 is the button
Seat 1: Mahu2021 (680 in chips) 
Seat 2: Ironmaiden665 (820 in chips) 
Mahu2021: posts small blind 15
Ironmaiden665: posts big blind 30
*** HOLE CARDS ***
Dealt to Mahu2021 [7c 8h]
Mahu2021: calls 15
Ironmaiden665: checks 
*** FLOP *** [6h 2h 7d]
Ironmaiden665: checks 
Mahu2021: bets 30
Ironmaiden665: folds 
Uncalled bet (30) returned to Mahu2021
Mahu2021 collected 60 from pot
Mahu2021: doesn't show hand 
*** SUMMARY ***
Total pot 60 | Rake 0 
Board [6h 2h 7d]
Seat 1: Mahu2021 (button) (small blind) collected (60)
Seat 2: Ironmaiden665 (big blind) folded on the Flop



PokerStars Hand #252957205316: Tournament #3812643260, $1.84+$0.16 USD Hold'em No Limit - Level III (20/40) - 2024/10/16 19:27:12 CET [2024/10/16 13:27:12 ET]
Table '3812643260 1' 3-max Seat #2 is the button
Seat 1: Mahu2021 (710 in chips) 
Seat 2: Ironmaiden665 (790 in chips) 
Ironmaiden665: posts small blind 20
Mahu2021: posts big blind 40
*** HOLE CARDS ***
Dealt to Mahu2021 [Qs 9d]
Ironmaiden665: folds 
Uncalled bet (20) returned to Mahu2021
Mahu2021 collected 40 from pot
Mahu2021: doesn't show hand 
*** SUMMARY ***
Total pot 40 | Rake 0 
Seat 1: Mahu2021 (big blind) collected (40)
Seat 2: Ironmaiden665 (button) (small blind) folded before Flop



PokerStars Hand #252957206430: Tournament #3812643260, $1.84+$0.16 USD Hold'em No Limit - Level III (20/40) - 2024/10/16 19:27:16 CET [2024/10/16 13:27:16 ET]
Table '3812643260 1' 3-max Seat #1 is the button
Seat 1: Mahu2021 (730 in chips) 
Seat 2: Ironmaiden665 (770 in chips) 
Mahu2021: posts small blind 20
Ironmaiden665: posts big blind 40
*** HOLE CARDS ***
Dealt to Mahu2021 [3d Tc]
Mahu2021: folds 
Uncalled bet (20) returned to Ironmaiden665
Ironmaiden665 collected 40 from pot
Ironmaiden665: doesn't show hand 
*** SUMMARY ***
Total pot 40 | Rake 0 
Seat 1: Mahu2021 (button) (small blind) folded before Flop
Seat 2: Ironmaiden665 (big blind) collected (40)



PokerStars Hand #252957207552: Tournament #3812643260, $1.84+$0.16 USD Hold'em No Limit - Level III (20/40) - 2024/10/16 19:27:21 CET [2024/10/16 13:27:21 ET]
Table '3812643260 1' 3-max Seat #2 is the button
Seat 1: Mahu2021 (710 in chips) 
Seat 2: Ironmaiden665 (790 in chips) 
Ironmaiden665: posts small blind 20
Mahu2021: posts big blind 40
*** HOLE CARDS ***
Dealt to Mahu2021 [9d 8s]
Ironmaiden665: folds 
Uncalled bet (20) returned to Mahu2021
Mahu2021 collected 40 from pot
Mahu2021: doesn't show hand 
*** SUMMARY ***
Total pot 40 | Rake 0 
Seat 1: Mahu2021 (big blind) collected (40)
Seat 2: Ironmaiden665 (button) (small blind) folded before Flop



PokerStars Hand #252957208630: Tournament #3812643260, $1.84+$0.16 USD Hold'em No Limit - Level III (20/40) - 2024/10/16 19:27:25 CET [2024/10/16 13:27:25 ET]
Table '3812643260 1' 3-max Seat #1 is the button
Seat 1: Mahu2021 (730 in chips) 
Seat 2: Ironmaiden665 (770 in chips) 
Mahu2021: posts small blind 20
Ironmaiden665: posts big blind 40
*** HOLE CARDS ***
Dealt to Mahu2021 [9c Qh]
Mahu2021: raises 80 to 120
Ironmaiden665: raises 120 to 240
Mahu2021: folds 
Uncalled bet (120) returned to Ironmaiden665
Ironmaiden665 collected 240 from pot
Ironmaiden665: doesn't show hand 
*** SUMMARY ***
Total pot 240 | Rake 0 
Seat 1: Mahu2021 (button) (small blind) folded before Flop
Seat 2: Ironmaiden665 (big blind) collected (240)



PokerStars Hand #252957210846: Tournament #3812643260, $1.84+$0.16 USD Hold'em No Limit - Level III (20/40) - 2024/10/16 19:27:33 CET [2024/10/16 13:27:33 ET]
Table '3812643260 1' 3-max Seat #2 is the button
Seat 1: Mahu2021 (610 in chips) 
Seat 2: Ironmaiden665 (890 in chips) 
Ironmaiden665: posts small blind 20
Mahu2021: posts big blind 40
*** HOLE CARDS ***
Dealt to Mahu2021 [8h Ah]
Ironmaiden665: folds 
Uncalled bet (20) returned to Mahu2021
Mahu2021 collected 40 from pot
Mahu2021: doesn't show hand 
*** SUMMARY ***
Total pot 40 | Rake 0 
Seat 1: Mahu2021 (big blind) collected (40)
Seat 2: Ironmaiden665 (button) (small blind) folded before Flop



PokerStars Hand #252957212606: Tournament #3812643260, $1.84+$0.16 USD Hold'em No Limit - Level III (20/40) - 2024/10/16 19:27:39 CET [2024/10/16 13:27:39 ET]
Table '3812643260 1' 3-max Seat #1 is the button
Seat 1: Mahu2021 (630 in chips) 
Seat 2: Ironmaiden665 (870 in chips) 
Mahu2021: posts small blind 20
Ironmaiden665: posts big blind 40
*** HOLE CARDS ***
Dealt to Mahu2021 [6h 9d]
Mahu2021: folds 
Uncalled bet (20) returned to Ironmaiden665
Ironmaiden665 collected 40 from pot
Ironmaiden665: doesn't show hand 
*** SUMMARY ***
Total pot 40 | Rake 0 
Seat 1: Mahu2021 (button) (small blind) folded before Flop
Seat 2: Ironmaiden665 (big blind) collected (40)



PokerStars Hand #252957213746: Tournament #3812643260, $1.84+$0.16 USD Hold'em No Limit - Level III (20/40) - 2024/10/16 19:27:44 CET [2024/10/16 13:27:44 ET]
Table '3812643260 1' 3-max Seat #2 is the button
Seat 1: Mahu2021 (610 in chips) 
Seat 2: Ironmaiden665 (890 in chips) 
Ironmaiden665: posts small blind 20
Mahu2021: posts big blind 40
*** HOLE CARDS ***
Dealt to Mahu2021 [5h Qs]
Ironmaiden665: calls 20
Mahu2021: checks 
*** FLOP *** [7c Qc 7d]
Mahu2021: bets 40
Ironmaiden665: calls 40
*** TURN *** [7c Qc 7d] [Jh]
Mahu2021: bets 40
Ironmaiden665: raises 40 to 80
Mahu2021: calls 40
*** RIVER *** [7c Qc 7d Jh] [As]
Mahu2021: checks 
Ironmaiden665: bets 160
Mahu2021: calls 160
*** SHOW DOWN ***
Ironmaiden665: shows [7s 8s] (three of a kind, Sevens)
Mahu2021: mucks hand 
Ironmaiden665 collected 640 from pot
*** SUMMARY ***
Total pot 640 | Rake 0 
Board [7c Qc 7d Jh As]
Seat 1: Mahu2021 (big blind) mucked [5h Qs]
Seat 2: Ironmaiden665 (button) (small blind) showed [7s 8s] and won (640) with three of a kind, Sevens



PokerStars Hand #252957220769: Tournament #3812643260, $1.84+$0.16 USD Hold'em No Limit - Level III (20/40) - 2024/10/16 19:28:10 CET [2024/10/16 13:28:10 ET]
Table '3812643260 1' 3-max Seat #1 is the button
Seat 1: Mahu2021 (290 in chips) 
Seat 2: Ironmaiden665 (1210 in chips) 
Mahu2021: posts small blind 20
Ironmaiden665: posts big blind 40
*** HOLE CARDS ***
Dealt to Mahu2021 [9c Kh]
Mahu2021: raises 250 to 290 and is all-in
Ironmaiden665: folds 
Uncalled bet (250) returned to Mahu2021
Mahu2021 collected 80 from pot
Mahu2021: doesn't show hand 
*** SUMMARY ***
Total pot 80 | Rake 0 
Seat 1: Mahu2021 (button) (small blind) collected (80)
Seat 2: Ironmaiden665 (big blind) folded before Flop



PokerStars Hand #252957222483: Tournament #3812643260, $1.84+$0.16 USD Hold'em No Limit - Level III (20/40) - 2024/10/16 19:28:17 CET [2024/10/16 13:28:17 ET]
Table '3812643260 1' 3-max Seat #2 is the button
Seat 1: Mahu2021 (330 in chips) 
Seat 2: Ironmaiden665 (1170 in chips) 
Ironmaiden665: posts small blind 20
Mahu2021: posts big blind 40
*** HOLE CARDS ***
Dealt to Mahu2021 [9d Qc]
Ironmaiden665: calls 20
Mahu2021: checks 
*** FLOP *** [Ks 3h Jc]
Mahu2021: checks 
Ironmaiden665: checks 
*** TURN *** [Ks 3h Jc] [4s]
Mahu2021: bets 40
Ironmaiden665: folds 
Uncalled bet (40) returned to Mahu2021
Mahu2021 collected 80 from pot
Mahu2021: doesn't show hand 
*** SUMMARY ***
Total pot 80 | Rake 0 
Board [Ks 3h Jc 4s]
Seat 1: Mahu2021 (big blind) collected (80)
Seat 2: Ironmaiden665 (button) (small blind) folded on the Turn



PokerStars Hand #252957225492: Tournament #3812643260, $1.84+$0.16 USD Hold'em No Limit - Level III (20/40) - 2024/10/16 19:28:28 CET [2024/10/16 13:28:28 ET]
Table '3812643260 1' 3-max Seat #1 is the button
Seat 1: Mahu2021 (370 in chips) 
Seat 2: Ironmaiden665 (1130 in chips) 
Mahu2021: posts small blind 20
Ironmaiden665: posts big blind 40
*** HOLE CARDS ***
Dealt to Mahu2021 [8h 5s]
Mahu2021: folds 
Uncalled bet (20) returned to Ironmaiden665
Ironmaiden665 collected 40 from pot
Ironmaiden665: doesn't show hand 
*** SUMMARY ***
Total pot 40 | Rake 0 
Seat 1: Mahu2021 (button) (small blind) folded before Flop
Seat 2: Ironmaiden665 (big blind) collected (40)



PokerStars Hand #252957226543: Tournament #3812643260, $1.84+$0.16 USD Hold'em No Limit - Level III (20/40) - 2024/10/16 19:28:32 CET [2024/10/16 13:28:32 ET]
Table '3812643260 1' 3-max Seat #2 is the button
Seat 1: Mahu2021 (350 in chips) 
Seat 2: Ironmaiden665 (1150 in chips) 
Ironmaiden665: posts small blind 20
Mahu2021: posts big blind 40
*** HOLE CARDS ***
Dealt to Mahu2021 [3s 4c]
Ironmaiden665: raises 40 to 80
Mahu2021: folds 
Uncalled bet (40) returned to Ironmaiden665
Ironmaiden665 collected 80 from pot
Ironmaiden665: doesn't show hand 
*** SUMMARY ***
Total pot 80 | Rake 0 
Seat 1: Mahu2021 (big blind) folded before Flop
Seat 2: Ironmaiden665 (button) (small blind) collected (80)



PokerStars Hand #252957227995: Tournament #3812643260, $1.84+$0.16 USD Hold'em No Limit - Level III (20/40) - 2024/10/16 19:28:37 CET [2024/10/16 13:28:37 ET]
Table '3812643260 1' 3-max Seat #1 is the button
Seat 1: Mahu2021 (310 in chips) 
Seat 2: Ironmaiden665 (1190 in chips) 
Mahu2021: posts small blind 20
Ironmaiden665: posts big blind 40
*** HOLE CARDS ***
Dealt to Mahu2021 [Qc Ts]
Mahu2021: raises 40 to 80
Ironmaiden665: raises 80 to 160
Mahu2021: calls 80
*** FLOP *** [9d 8c 6c]
Ironmaiden665: bets 80
Mahu2021: raises 70 to 150 and is all-in
Ironmaiden665: calls 70
*** TURN *** [9d 8c 6c] [Ah]
*** RIVER *** [9d 8c 6c Ah] [8d]
*** SHOW DOWN ***
Ironmaiden665: shows [Ad 9h] (two pair, Aces and Nines)
Mahu2021: shows [Qc Ts] (a pair of Eights)
Ironmaiden665 collected 620 from pot
Mahu2021 finished the tournament in 2nd place
Ironmaiden665 wins the tournament and receives $4.00 - congratulations!
*** SUMMARY ***
Total pot 620 | Rake 0 
Board [9d 8c 6c Ah 8d]
Seat 1: Mahu2021 (button) (small blind) showed [Qc Ts] and lost with a pair of Eights
Seat 2: Ironmaiden665 (big blind) showed [Ad 9h] and won (620) with two pair, Aces and Nines



