PokerStars Hand #248146342389: Tournament #3698012888, $1.84+$0.16 USD Hold'em No Limit - Level I (10/20) - 2024/01/08 18:32:08 CET [2024/01/08 12:32:08 ET]
Table '3698012888 1' 3-max Seat #1 is the button
Seat 1: Mahu2021 (500 in chips) 
Seat 2: MHU11 (500 in chips) 
Seat 3: amandinha27 (500 in chips) 
MHU11: posts small blind 10
amandinha27: posts big blind 20
*** HOLE CARDS ***
Dealt to Mahu2021 [8d 7s]
Mahu2021: folds 
MHU11: raises 480 to 500 and is all-in
amandinha27 is connected 
amandinha27 is connected 
amandinha27 has timed out
amandinha27: folds 
amandinha27 is sitting out
Uncalled bet (480) returned to MHU11
MHU11 collected 40 from pot
MHU11: doesn't show hand 
*** SUMMARY ***
Total pot 40 | Rake 0 
Seat 1: Mahu2021 (button) folded before Flop (didn't bet)
Seat 2: MHU11 (small blind) collected (40)
Seat 3: amandinha27 (big blind) folded before Flop



PokerStars Hand #248146353115: Tournament #3698012888, $1.84+$0.16 USD Hold'em No Limit - Level I (10/20) - 2024/01/08 18:32:40 CET [2024/01/08 12:32:40 ET]
Table '3698012888 1' 3-max Seat #2 is the button
Seat 1: Mahu2021 (500 in chips) 
Seat 2: MHU11 (520 in chips) 
Seat 3: amandinha27 (480 in chips) is sitting out
amandinha27: posts small blind 10
Mahu2021: posts big blind 20
*** HOLE CARDS ***
Dealt to Mahu2021 [4s 9d]
amandinha27 has returned
MHU11: raises 40 to 60
amandinha27: folds 
Mahu2021: folds 
Uncalled bet (40) returned to MHU11
MHU11 collected 50 from pot
MHU11: doesn't show hand 
*** SUMMARY ***
Total pot 50 | Rake 0 
Seat 1: Mahu2021 (big blind) folded before Flop
Seat 2: MHU11 (button) collected (50)
Seat 3: amandinha27 (small blind) folded before Flop



PokerStars Hand #248146355983: Tournament #3698012888, $1.84+$0.16 USD Hold'em No Limit - Level I (10/20) - 2024/01/08 18:32:48 CET [2024/01/08 12:32:48 ET]
Table '3698012888 1' 3-max Seat #3 is the button
Seat 1: Mahu2021 (480 in chips) 
Seat 2: MHU11 (550 in chips) 
Seat 3: amandinha27 (470 in chips) 
Mahu2021: posts small blind 10
MHU11: posts big blind 20
*** HOLE CARDS ***
Dealt to Mahu2021 [Qh Js]
amandinha27: raises 20 to 40
Mahu2021: calls 30
MHU11: calls 20
*** FLOP *** [5d 2h Th]
Mahu2021: checks 
MHU11: checks 
amandinha27: bets 40
Mahu2021: folds 
MHU11: calls 40
*** TURN *** [5d 2h Th] [Td]
MHU11: checks 
amandinha27: bets 133
MHU11: folds 
Uncalled bet (133) returned to amandinha27
amandinha27 collected 200 from pot
amandinha27: doesn't show hand 
*** SUMMARY ***
Total pot 200 | Rake 0 
Board [5d 2h Th Td]
Seat 1: Mahu2021 (small blind) folded on the Flop
Seat 2: MHU11 (big blind) folded on the Turn
Seat 3: amandinha27 (button) collected (200)



PokerStars Hand #248146364546: Tournament #3698012888, $1.84+$0.16 USD Hold'em No Limit - Level I (10/20) - 2024/01/08 18:33:13 CET [2024/01/08 12:33:13 ET]
Table '3698012888 1' 3-max Seat #1 is the button
Seat 1: Mahu2021 (440 in chips) 
Seat 2: MHU11 (470 in chips) 
Seat 3: amandinha27 (590 in chips) 
MHU11: posts small blind 10
amandinha27: posts big blind 20
*** HOLE CARDS ***
Dealt to Mahu2021 [7c 2s]
Mahu2021: folds 
MHU11: raises 20 to 40
amandinha27: calls 20
*** FLOP *** [Th 7d 5s]
MHU11: bets 20
amandinha27: calls 20
*** TURN *** [Th 7d 5s] [4d]
MHU11: checks 
amandinha27: bets 80
MHU11: folds 
Uncalled bet (80) returned to amandinha27
amandinha27 collected 120 from pot
amandinha27: doesn't show hand 
*** SUMMARY ***
Total pot 120 | Rake 0 
Board [Th 7d 5s 4d]
Seat 1: Mahu2021 (button) folded before Flop (didn't bet)
Seat 2: MHU11 (small blind) folded on the Turn
Seat 3: amandinha27 (big blind) collected (120)



PokerStars Hand #248146371572: Tournament #3698012888, $1.84+$0.16 USD Hold'em No Limit - Level I (10/20) - 2024/01/08 18:33:34 CET [2024/01/08 12:33:34 ET]
Table '3698012888 1' 3-max Seat #2 is the button
Seat 1: Mahu2021 (440 in chips) 
Seat 2: MHU11 (410 in chips) 
Seat 3: amandinha27 (650 in chips) 
amandinha27: posts small blind 10
Mahu2021: posts big blind 20
*** HOLE CARDS ***
Dealt to Mahu2021 [5d Kc]
MHU11: calls 20
amandinha27: calls 10
Mahu2021: checks 
*** FLOP *** [4c 9d 8c]
amandinha27: checks 
Mahu2021: checks 
MHU11: bets 20
amandinha27: calls 20
Mahu2021: folds 
*** TURN *** [4c 9d 8c] [3h]
amandinha27: checks 
MHU11: checks 
*** RIVER *** [4c 9d 8c 3h] [7d]
amandinha27: checks 
MHU11: checks 
*** SHOW DOWN ***
amandinha27: shows [8h Jc] (a pair of Eights)
MHU11: mucks hand 
amandinha27 collected 100 from pot
*** SUMMARY ***
Total pot 100 | Rake 0 
Board [4c 9d 8c 3h 7d]
Seat 1: Mahu2021 (big blind) folded on the Flop
Seat 2: MHU11 (button) mucked [7s Jh]
Seat 3: amandinha27 (small blind) showed [8h Jc] and won (100) with a pair of Eights



PokerStars Hand #248146380239: Tournament #3698012888, $1.84+$0.16 USD Hold'em No Limit - Level I (10/20) - 2024/01/08 18:34:01 CET [2024/01/08 12:34:01 ET]
Table '3698012888 1' 3-max Seat #3 is the button
Seat 1: Mahu2021 (420 in chips) 
Seat 2: MHU11 (370 in chips) 
Seat 3: amandinha27 (710 in chips) 
Mahu2021: posts small blind 10
MHU11: posts big blind 20
*** HOLE CARDS ***
Dealt to Mahu2021 [8c 8h]
amandinha27: raises 20 to 40
Mahu2021: calls 30
MHU11: calls 20
*** FLOP *** [8d 6h 9h]
Mahu2021: checks 
MHU11: bets 120
amandinha27: raises 550 to 670 and is all-in
Mahu2021: calls 380 and is all-in
MHU11: calls 210 and is all-in
Uncalled bet (290) returned to amandinha27
*** TURN *** [8d 6h 9h] [6c]
*** RIVER *** [8d 6h 9h 6c] [9s]
*** SHOW DOWN ***
Mahu2021: shows [8c 8h] (a full house, Eights full of Nines)
amandinha27: shows [Kd 9c] (a full house, Nines full of Sixes)
amandinha27 collected 100 from side pot
MHU11: shows [5h 3h] (two pair, Nines and Sixes)
amandinha27 collected 1110 from main pot
Mahu2021 finished the tournament in 2nd place
MHU11 finished the tournament in 3rd place
amandinha27 wins the tournament and receives $6.00 - congratulations!
*** SUMMARY ***
Total pot 1210 Main pot 1110. Side pot 100. | Rake 0 
Board [8d 6h 9h 6c 9s]
Seat 1: Mahu2021 (small blind) showed [8c 8h] and lost with a full house, Eights full of Nines
Seat 2: MHU11 (big blind) showed [5h 3h] and lost with two pair, Nines and Sixes
Seat 3: amandinha27 (button) showed [Kd 9c] and won (1210) with a full house, Nines full of Sixes



