PokerStars Hand #253401494607: Tournament #3823466863, $0.46+$0.04 USD Hold'em No Limit - Level I (10/20) - 2024/11/14 20:22:37 CET [2024/11/14 14:22:37 ET]
Table '3823466863 1' 3-max Seat #1 is the button
Seat 1: Toscababy (500 in chips) 
Seat 2: FLEAPOOP (500 in chips) 
Seat 3: Mahu2021 (500 in chips) 
FLEAPOOP: posts small blind 10
Mahu2021: posts big blind 20
*** HOLE CARDS ***
Dealt to Mahu2021 [Jh Ks]
Toscababy: calls 20
FLEAPOOP: raises 480 to 500 and is all-in
Mahu2021: folds 
Toscababy: folds 
Uncalled bet (480) returned to FLEAPOOP
FLEAPOOP collected 60 from pot
FLEAPOOP: doesn't show hand 
*** SUMMARY ***
Total pot 60 | Rake 0 
Seat 1: Toscababy (button) folded before Flop
Seat 2: FLEAPOOP (small blind) collected (60)
Seat 3: Mahu2021 (big blind) folded before Flop



PokerStars Hand #253401499001: Tournament #3823466863, $0.46+$0.04 USD Hold'em No Limit - Level I (10/20) - 2024/11/14 20:22:52 CET [2024/11/14 14:22:52 ET]
Table '3823466863 1' 3-max Seat #2 is the button
Seat 1: Toscababy (480 in chips) 
Seat 2: FLEAPOOP (540 in chips) 
Seat 3: Mahu2021 (480 in chips) 
Mahu2021: posts small blind 10
Toscababy: posts big blind 20
*** HOLE CARDS ***
Dealt to Mahu2021 [Qc Jd]
FLEAPOOP: folds 
Mahu2021: calls 10
Toscababy: checks 
*** FLOP *** [6s Js 2h]
Mahu2021: bets 40
Toscababy: calls 40
*** TURN *** [6s Js 2h] [5d]
Mahu2021: bets 40
Toscababy: calls 40
*** RIVER *** [6s Js 2h 5d] [Jc]
Mahu2021: bets 200
Toscababy: folds 
Uncalled bet (200) returned to Mahu2021
Mahu2021 collected 200 from pot
Mahu2021: doesn't show hand 
*** SUMMARY ***
Total pot 200 | Rake 0 
Board [6s Js 2h 5d Jc]
Seat 1: Toscababy (big blind) folded on the River
Seat 2: FLEAPOOP (button) folded before Flop (didn't bet)
Seat 3: Mahu2021 (small blind) collected (200)



PokerStars Hand #253401505084: Tournament #3823466863, $0.46+$0.04 USD Hold'em No Limit - Level I (10/20) - 2024/11/14 20:23:12 CET [2024/11/14 14:23:12 ET]
Table '3823466863 1' 3-max Seat #3 is the button
Seat 1: Toscababy (380 in chips) 
Seat 2: FLEAPOOP (540 in chips) 
Seat 3: Mahu2021 (580 in chips) 
Toscababy: posts small blind 10
FLEAPOOP: posts big blind 20
*** HOLE CARDS ***
Dealt to Mahu2021 [3d 6h]
Mahu2021: folds 
Toscababy: raises 20 to 40
FLEAPOOP: calls 20
*** FLOP *** [4d 2s Qh]
Toscababy: checks 
FLEAPOOP: checks 
*** TURN *** [4d 2s Qh] [9s]
Toscababy: bets 59
FLEAPOOP: calls 59
*** RIVER *** [4d 2s Qh 9s] [3s]
Toscababy: bets 281 and is all-in
FLEAPOOP: calls 281
*** SHOW DOWN ***
Toscababy: shows [Th Qd] (a pair of Queens)
FLEAPOOP: shows [8h 9c] (a pair of Nines)
Toscababy collected 760 from pot
*** SUMMARY ***
Total pot 760 | Rake 0 
Board [4d 2s Qh 9s 3s]
Seat 1: Toscababy (small blind) showed [Th Qd] and won (760) with a pair of Queens
Seat 2: FLEAPOOP (big blind) showed [8h 9c] and lost with a pair of Nines
Seat 3: Mahu2021 (button) folded before Flop (didn't bet)



PokerStars Hand #253401517882: Tournament #3823466863, $0.46+$0.04 USD Hold'em No Limit - Level I (10/20) - 2024/11/14 20:23:55 CET [2024/11/14 14:23:55 ET]
Table '3823466863 1' 3-max Seat #1 is the button
Seat 1: Toscababy (760 in chips) 
Seat 2: FLEAPOOP (160 in chips) 
Seat 3: Mahu2021 (580 in chips) 
FLEAPOOP: posts small blind 10
Mahu2021: posts big blind 20
*** HOLE CARDS ***
Dealt to Mahu2021 [Ah Kh]
Toscababy: folds 
FLEAPOOP: raises 140 to 160 and is all-in
Mahu2021: calls 140
*** FLOP *** [Jd 6s Kc]
*** TURN *** [Jd 6s Kc] [7c]
*** RIVER *** [Jd 6s Kc 7c] [3s]
*** SHOW DOWN ***
FLEAPOOP: shows [Ks 2h] (a pair of Kings)
Mahu2021: shows [Ah Kh] (a pair of Kings - Ace kicker)
Mahu2021 collected 320 from pot
FLEAPOOP finished the tournament in 3rd place
*** SUMMARY ***
Total pot 320 | Rake 0 
Board [Jd 6s Kc 7c 3s]
Seat 1: Toscababy (button) folded before Flop (didn't bet)
Seat 2: FLEAPOOP (small blind) showed [Ks 2h] and lost with a pair of Kings
Seat 3: Mahu2021 (big blind) showed [Ah Kh] and won (320) with a pair of Kings



PokerStars Hand #253401523369: Tournament #3823466863, $0.46+$0.04 USD Hold'em No Limit - Level I (10/20) - 2024/11/14 20:24:14 CET [2024/11/14 14:24:14 ET]
Table '3823466863 1' 3-max Seat #3 is the button
Seat 1: Toscababy (760 in chips) 
Seat 3: Mahu2021 (740 in chips) 
Mahu2021: posts small blind 10
Toscababy: posts big blind 20
*** HOLE CARDS ***
Dealt to Mahu2021 [4h 3c]
Mahu2021: calls 10
Toscababy: checks 
*** FLOP *** [4s 3h 7h]
Toscababy: checks 
Mahu2021: bets 40
Toscababy: calls 40
*** TURN *** [4s 3h 7h] [2c]
Toscababy: checks 
Mahu2021: bets 40
Toscababy: calls 40
*** RIVER *** [4s 3h 7h 2c] [8s]
Toscababy: checks 
Mahu2021: bets 40
Toscababy: calls 40
*** SHOW DOWN ***
Mahu2021: shows [4h 3c] (two pair, Fours and Threes)
Toscababy: mucks hand 
Mahu2021 collected 280 from pot
*** SUMMARY ***
Total pot 280 | Rake 0 
Board [4s 3h 7h 2c 8s]
Seat 1: Toscababy (big blind) mucked [4c Tc]
Seat 3: Mahu2021 (button) (small blind) showed [4h 3c] and won (280) with two pair, Fours and Threes



PokerStars Hand #253401529404: Tournament #3823466863, $0.46+$0.04 USD Hold'em No Limit - Level I (10/20) - 2024/11/14 20:24:35 CET [2024/11/14 14:24:35 ET]
Table '3823466863 1' 3-max Seat #1 is the button
Seat 1: Toscababy (620 in chips) 
Seat 3: Mahu2021 (880 in chips) 
Toscababy: posts small blind 10
Mahu2021: posts big blind 20
*** HOLE CARDS ***
Dealt to Mahu2021 [9s 8s]
Toscababy: raises 20 to 40
Mahu2021: calls 20
*** FLOP *** [Ad Ah 5c]
Mahu2021: checks 
Toscababy: bets 59
Mahu2021: folds 
Uncalled bet (59) returned to Toscababy
Toscababy collected 80 from pot
Toscababy: doesn't show hand 
*** SUMMARY ***
Total pot 80 | Rake 0 
Board [Ad Ah 5c]
Seat 1: Toscababy (button) (small blind) collected (80)
Seat 3: Mahu2021 (big blind) folded on the Flop



PokerStars Hand #253401533827: Tournament #3823466863, $0.46+$0.04 USD Hold'em No Limit - Level II (15/30) - 2024/11/14 20:24:49 CET [2024/11/14 14:24:49 ET]
Table '3823466863 1' 3-max Seat #3 is the button
Seat 1: Toscababy (660 in chips) 
Seat 3: Mahu2021 (840 in chips) 
Mahu2021: posts small blind 15
Toscababy: posts big blind 30
*** HOLE CARDS ***
Dealt to Mahu2021 [5h 9c]
Mahu2021: folds 
Uncalled bet (15) returned to Toscababy
Toscababy collected 30 from pot
Toscababy: doesn't show hand 
*** SUMMARY ***
Total pot 30 | Rake 0 
Seat 1: Toscababy (big blind) collected (30)
Seat 3: Mahu2021 (button) (small blind) folded before Flop



PokerStars Hand #253401535073: Tournament #3823466863, $0.46+$0.04 USD Hold'em No Limit - Level II (15/30) - 2024/11/14 20:24:54 CET [2024/11/14 14:24:54 ET]
Table '3823466863 1' 3-max Seat #1 is the button
Seat 1: Toscababy (675 in chips) 
Seat 3: Mahu2021 (825 in chips) 
Toscababy: posts small blind 15
Mahu2021: posts big blind 30
*** HOLE CARDS ***
Dealt to Mahu2021 [4d Ah]
Toscababy: raises 30 to 60
Mahu2021: calls 30
*** FLOP *** [7h 6d Ac]
Mahu2021: checks 
Toscababy: checks 
*** TURN *** [7h 6d Ac] [Ad]
Mahu2021: checks 
Toscababy: checks 
*** RIVER *** [7h 6d Ac Ad] [3h]
Mahu2021: bets 120
Toscababy: calls 120
*** SHOW DOWN ***
Mahu2021: shows [4d Ah] (three of a kind, Aces)
Toscababy: mucks hand 
Mahu2021 collected 360 from pot
*** SUMMARY ***
Total pot 360 | Rake 0 
Board [7h 6d Ac Ad 3h]
Seat 1: Toscababy (button) (small blind) mucked [Td 7c]
Seat 3: Mahu2021 (big blind) showed [4d Ah] and won (360) with three of a kind, Aces



PokerStars Hand #253401539708: Tournament #3823466863, $0.46+$0.04 USD Hold'em No Limit - Level II (15/30) - 2024/11/14 20:25:09 CET [2024/11/14 14:25:09 ET]
Table '3823466863 1' 3-max Seat #3 is the button
Seat 1: Toscababy (495 in chips) 
Seat 3: Mahu2021 (1005 in chips) 
Mahu2021: posts small blind 15
Toscababy: posts big blind 30
*** HOLE CARDS ***
Dealt to Mahu2021 [9c 9d]
Mahu2021: raises 975 to 1005 and is all-in
Toscababy: folds 
Uncalled bet (975) returned to Mahu2021
Mahu2021 collected 60 from pot
Mahu2021: doesn't show hand 
*** SUMMARY ***
Total pot 60 | Rake 0 
Seat 1: Toscababy (big blind) folded before Flop
Seat 3: Mahu2021 (button) (small blind) collected (60)



PokerStars Hand #253401541640: Tournament #3823466863, $0.46+$0.04 USD Hold'em No Limit - Level II (15/30) - 2024/11/14 20:25:16 CET [2024/11/14 14:25:16 ET]
Table '3823466863 1' 3-max Seat #1 is the button
Seat 1: Toscababy (465 in chips) 
Seat 3: Mahu2021 (1035 in chips) 
Toscababy: posts small blind 15
Mahu2021: posts big blind 30
*** HOLE CARDS ***
Dealt to Mahu2021 [3h Kc]
Toscababy: raises 30 to 60
Mahu2021: calls 30
*** FLOP *** [2s 4c 4h]
Mahu2021: checks 
Toscababy: checks 
*** TURN *** [2s 4c 4h] [4d]
Mahu2021: checks 
Toscababy: checks 
*** RIVER *** [2s 4c 4h 4d] [Ts]
Mahu2021: bets 60
Toscababy: folds 
Uncalled bet (60) returned to Mahu2021
Mahu2021 collected 120 from pot
Mahu2021: doesn't show hand 
*** SUMMARY ***
Total pot 120 | Rake 0 
Board [2s 4c 4h 4d Ts]
Seat 1: Toscababy (button) (small blind) folded on the River
Seat 3: Mahu2021 (big blind) collected (120)



PokerStars Hand #253401546034: Tournament #3823466863, $0.46+$0.04 USD Hold'em No Limit - Level II (15/30) - 2024/11/14 20:25:31 CET [2024/11/14 14:25:31 ET]
Table '3823466863 1' 3-max Seat #3 is the button
Seat 1: Toscababy (405 in chips) 
Seat 3: Mahu2021 (1095 in chips) 
Mahu2021: posts small blind 15
Toscababy: posts big blind 30
*** HOLE CARDS ***
Dealt to Mahu2021 [9c 3c]
Mahu2021: calls 15
Toscababy: raises 30 to 60
Mahu2021: calls 30
*** FLOP *** [3h 5d 8h]
Toscababy: bets 173
Mahu2021: folds 
Uncalled bet (173) returned to Toscababy
Toscababy collected 120 from pot
Toscababy: doesn't show hand 
*** SUMMARY ***
Total pot 120 | Rake 0 
Board [3h 5d 8h]
Seat 1: Toscababy (big blind) collected (120)
Seat 3: Mahu2021 (button) (small blind) folded on the Flop



PokerStars Hand #253401549939: Tournament #3823466863, $0.46+$0.04 USD Hold'em No Limit - Level II (15/30) - 2024/11/14 20:25:44 CET [2024/11/14 14:25:44 ET]
Table '3823466863 1' 3-max Seat #1 is the button
Seat 1: Toscababy (465 in chips) 
Seat 3: Mahu2021 (1035 in chips) 
Toscababy: posts small blind 15
Mahu2021: posts big blind 30
*** HOLE CARDS ***
Dealt to Mahu2021 [5d 6c]
Toscababy: raises 30 to 60
Mahu2021: calls 30
*** FLOP *** [3h Kh 4s]
Mahu2021: checks 
Toscababy: checks 
*** TURN *** [3h Kh 4s] [2h]
Mahu2021: checks 
Toscababy: bets 48
Mahu2021: raises 927 to 975 and is all-in
Toscababy: folds 
Uncalled bet (927) returned to Mahu2021
Mahu2021 collected 216 from pot
Mahu2021: doesn't show hand 
*** SUMMARY ***
Total pot 216 | Rake 0 
Board [3h Kh 4s 2h]
Seat 1: Toscababy (button) (small blind) folded on the Turn
Seat 3: Mahu2021 (big blind) collected (216)



PokerStars Hand #253401555326: Tournament #3823466863, $0.46+$0.04 USD Hold'em No Limit - Level II (15/30) - 2024/11/14 20:26:02 CET [2024/11/14 14:26:02 ET]
Table '3823466863 1' 3-max Seat #3 is the button
Seat 1: Toscababy (357 in chips) 
Seat 3: Mahu2021 (1143 in chips) 
Mahu2021: posts small blind 15
Toscababy: posts big blind 30
*** HOLE CARDS ***
Dealt to Mahu2021 [Ad Ks]
Mahu2021: raises 30 to 60
Toscababy: calls 30
*** FLOP *** [Qc Jc 7h]
Toscababy: checks 
Mahu2021: checks 
*** TURN *** [Qc Jc 7h] [3h]
Toscababy: checks 
Mahu2021: checks 
*** RIVER *** [Qc Jc 7h 3h] [Kh]
Toscababy: checks 
Mahu2021: bets 60
Toscababy: calls 60
*** SHOW DOWN ***
Mahu2021: shows [Ad Ks] (a pair of Kings)
Toscababy: mucks hand 
Mahu2021 collected 240 from pot
*** SUMMARY ***
Total pot 240 | Rake 0 
Board [Qc Jc 7h 3h Kh]
Seat 1: Toscababy (big blind) mucked [9d Jd]
Seat 3: Mahu2021 (button) (small blind) showed [Ad Ks] and won (240) with a pair of Kings



PokerStars Hand #253401560187: Tournament #3823466863, $0.46+$0.04 USD Hold'em No Limit - Level II (15/30) - 2024/11/14 20:26:19 CET [2024/11/14 14:26:19 ET]
Table '3823466863 1' 3-max Seat #1 is the button
Seat 1: Toscababy (237 in chips) 
Seat 3: Mahu2021 (1263 in chips) 
Toscababy: posts small blind 15
Mahu2021: posts big blind 30
*** HOLE CARDS ***
Dealt to Mahu2021 [Jh 9c]
Toscababy: calls 15
Mahu2021: checks 
*** FLOP *** [7d 3c 9d]
Mahu2021: bets 1233 and is all-in
Toscababy: folds 
Uncalled bet (1233) returned to Mahu2021
Mahu2021 collected 60 from pot
Mahu2021: doesn't show hand 
*** SUMMARY ***
Total pot 60 | Rake 0 
Board [7d 3c 9d]
Seat 1: Toscababy (button) (small blind) folded on the Flop
Seat 3: Mahu2021 (big blind) collected (60)



PokerStars Hand #253401563328: Tournament #3823466863, $0.46+$0.04 USD Hold'em No Limit - Level II (15/30) - 2024/11/14 20:26:29 CET [2024/11/14 14:26:29 ET]
Table '3823466863 1' 3-max Seat #3 is the button
Seat 1: Toscababy (207 in chips) 
Seat 3: Mahu2021 (1293 in chips) 
Mahu2021: posts small blind 15
Toscababy: posts big blind 30
*** HOLE CARDS ***
Dealt to Mahu2021 [8s 4d]
Mahu2021: folds 
Uncalled bet (15) returned to Toscababy
Toscababy collected 30 from pot
Toscababy: doesn't show hand 
*** SUMMARY ***
Total pot 30 | Rake 0 
Seat 1: Toscababy (big blind) collected (30)
Seat 3: Mahu2021 (button) (small blind) folded before Flop



PokerStars Hand #253401567565: Tournament #3823466863, $0.46+$0.04 USD Hold'em No Limit - Level III (20/40) - 2024/11/14 20:26:44 CET [2024/11/14 14:26:44 ET]
Table '3823466863 1' 3-max Seat #1 is the button
Seat 1: Toscababy (222 in chips) 
Seat 3: Mahu2021 (1278 in chips) 
Toscababy: posts small blind 20
Mahu2021: posts big blind 40
*** HOLE CARDS ***
Dealt to Mahu2021 [7c 5d]
Toscababy: raises 40 to 80
Mahu2021: folds 
Uncalled bet (40) returned to Toscababy
Toscababy collected 80 from pot
Toscababy: doesn't show hand 
*** SUMMARY ***
Total pot 80 | Rake 0 
Seat 1: Toscababy (button) (small blind) collected (80)
Seat 3: Mahu2021 (big blind) folded before Flop



PokerStars Hand #253401569452: Tournament #3823466863, $0.46+$0.04 USD Hold'em No Limit - Level III (20/40) - 2024/11/14 20:26:50 CET [2024/11/14 14:26:50 ET]
Table '3823466863 1' 3-max Seat #3 is the button
Seat 1: Toscababy (262 in chips) 
Seat 3: Mahu2021 (1238 in chips) 
Mahu2021: posts small blind 20
Toscababy: posts big blind 40
*** HOLE CARDS ***
Dealt to Mahu2021 [4s 3d]
Mahu2021: folds 
Uncalled bet (20) returned to Toscababy
Toscababy collected 40 from pot
Toscababy: doesn't show hand 
*** SUMMARY ***
Total pot 40 | Rake 0 
Seat 1: Toscababy (big blind) collected (40)
Seat 3: Mahu2021 (button) (small blind) folded before Flop



PokerStars Hand #253401570653: Tournament #3823466863, $0.46+$0.04 USD Hold'em No Limit - Level III (20/40) - 2024/11/14 20:26:54 CET [2024/11/14 14:26:54 ET]
Table '3823466863 1' 3-max Seat #1 is the button
Seat 1: Toscababy (282 in chips) 
Seat 3: Mahu2021 (1218 in chips) 
Toscababy: posts small blind 20
Mahu2021: posts big blind 40
*** HOLE CARDS ***
Dealt to Mahu2021 [Ks 9s]
Toscababy: raises 40 to 80
Mahu2021: raises 1138 to 1218 and is all-in
Toscababy: folds 
Uncalled bet (1138) returned to Mahu2021
Mahu2021 collected 160 from pot
Mahu2021: doesn't show hand 
*** SUMMARY ***
Total pot 160 | Rake 0 
Seat 1: Toscababy (button) (small blind) folded before Flop
Seat 3: Mahu2021 (big blind) collected (160)



PokerStars Hand #253401572952: Tournament #3823466863, $0.46+$0.04 USD Hold'em No Limit - Level III (20/40) - 2024/11/14 20:27:02 CET [2024/11/14 14:27:02 ET]
Table '3823466863 1' 3-max Seat #3 is the button
Seat 1: Toscababy (202 in chips) 
Seat 3: Mahu2021 (1298 in chips) 
Mahu2021: posts small blind 20
Toscababy: posts big blind 40
*** HOLE CARDS ***
Dealt to Mahu2021 [4c 3s]
Mahu2021: raises 40 to 80
Toscababy: calls 40
*** FLOP *** [8c 9d 9c]
Toscababy: bets 122 and is all-in
Mahu2021: folds 
Uncalled bet (122) returned to Toscababy
Toscababy collected 160 from pot
Toscababy: doesn't show hand 
*** SUMMARY ***
Total pot 160 | Rake 0 
Board [8c 9d 9c]
Seat 1: Toscababy (big blind) collected (160)
Seat 3: Mahu2021 (button) (small blind) folded on the Flop



PokerStars Hand #253401576618: Tournament #3823466863, $0.46+$0.04 USD Hold'em No Limit - Level III (20/40) - 2024/11/14 20:27:14 CET [2024/11/14 14:27:14 ET]
Table '3823466863 1' 3-max Seat #1 is the button
Seat 1: Toscababy (282 in chips) 
Seat 3: Mahu2021 (1218 in chips) 
Toscababy: posts small blind 20
Mahu2021: posts big blind 40
*** HOLE CARDS ***
Dealt to Mahu2021 [3c 8h]
Toscababy: raises 242 to 282 and is all-in
Mahu2021: folds 
Uncalled bet (242) returned to Toscababy
Toscababy collected 80 from pot
Toscababy: doesn't show hand 
*** SUMMARY ***
Total pot 80 | Rake 0 
Seat 1: Toscababy (button) (small blind) collected (80)
Seat 3: Mahu2021 (big blind) folded before Flop



PokerStars Hand #253401578446: Tournament #3823466863, $0.46+$0.04 USD Hold'em No Limit - Level III (20/40) - 2024/11/14 20:27:20 CET [2024/11/14 14:27:20 ET]
Table '3823466863 1' 3-max Seat #3 is the button
Seat 1: Toscababy (322 in chips) 
Seat 3: Mahu2021 (1178 in chips) 
Mahu2021: posts small blind 20
Toscababy: posts big blind 40
*** HOLE CARDS ***
Dealt to Mahu2021 [Qs 3c]
Mahu2021: calls 20
Toscababy: checks 
*** FLOP *** [2d 3s 2h]
Toscababy: checks 
Mahu2021: bets 80
Toscababy: calls 80
*** TURN *** [2d 3s 2h] [4c]
Toscababy: checks 
Mahu2021: bets 1058 and is all-in
Toscababy: folds 
Uncalled bet (1058) returned to Mahu2021
Mahu2021 collected 240 from pot
Mahu2021: doesn't show hand 
*** SUMMARY ***
Total pot 240 | Rake 0 
Board [2d 3s 2h 4c]
Seat 1: Toscababy (big blind) folded on the Turn
Seat 3: Mahu2021 (button) (small blind) collected (240)



PokerStars Hand #253401583142: Tournament #3823466863, $0.46+$0.04 USD Hold'em No Limit - Level III (20/40) - 2024/11/14 20:27:36 CET [2024/11/14 14:27:36 ET]
Table '3823466863 1' 3-max Seat #1 is the button
Seat 1: Toscababy (202 in chips) 
Seat 3: Mahu2021 (1298 in chips) 
Toscababy: posts small blind 20
Mahu2021: posts big blind 40
*** HOLE CARDS ***
Dealt to Mahu2021 [2d 5c]
Toscababy: folds 
Uncalled bet (20) returned to Mahu2021
Mahu2021 collected 40 from pot
Mahu2021: doesn't show hand 
*** SUMMARY ***
Total pot 40 | Rake 0 
Seat 1: Toscababy (button) (small blind) folded before Flop
Seat 3: Mahu2021 (big blind) collected (40)



PokerStars Hand #253401584578: Tournament #3823466863, $0.46+$0.04 USD Hold'em No Limit - Level III (20/40) - 2024/11/14 20:27:41 CET [2024/11/14 14:27:41 ET]
Table '3823466863 1' 3-max Seat #3 is the button
Seat 1: Toscababy (182 in chips) 
Seat 3: Mahu2021 (1318 in chips) 
Mahu2021: posts small blind 20
Toscababy: posts big blind 40
*** HOLE CARDS ***
Dealt to Mahu2021 [3d Ts]
Mahu2021: folds 
Uncalled bet (20) returned to Toscababy
Toscababy collected 40 from pot
Toscababy: doesn't show hand 
*** SUMMARY ***
Total pot 40 | Rake 0 
Seat 1: Toscababy (big blind) collected (40)
Seat 3: Mahu2021 (button) (small blind) folded before Flop



PokerStars Hand #253401585955: Tournament #3823466863, $0.46+$0.04 USD Hold'em No Limit - Level III (20/40) - 2024/11/14 20:27:46 CET [2024/11/14 14:27:46 ET]
Table '3823466863 1' 3-max Seat #1 is the button
Seat 1: Toscababy (202 in chips) 
Seat 3: Mahu2021 (1298 in chips) 
Toscababy: posts small blind 20
Mahu2021: posts big blind 40
*** HOLE CARDS ***
Dealt to Mahu2021 [9s 2c]
Toscababy: raises 40 to 80
Mahu2021: folds 
Uncalled bet (40) returned to Toscababy
Toscababy collected 80 from pot
Toscababy: doesn't show hand 
*** SUMMARY ***
Total pot 80 | Rake 0 
Seat 1: Toscababy (button) (small blind) collected (80)
Seat 3: Mahu2021 (big blind) folded before Flop



PokerStars Hand #253401587336: Tournament #3823466863, $0.46+$0.04 USD Hold'em No Limit - Level III (20/40) - 2024/11/14 20:27:51 CET [2024/11/14 14:27:51 ET]
Table '3823466863 1' 3-max Seat #3 is the button
Seat 1: Toscababy (242 in chips) 
Seat 3: Mahu2021 (1258 in chips) 
Mahu2021: posts small blind 20
Toscababy: posts big blind 40
*** HOLE CARDS ***
Dealt to Mahu2021 [8s 9d]
Mahu2021: raises 40 to 80
Toscababy: calls 40
*** FLOP *** [4s 3c Td]
Toscababy: checks 
Mahu2021: bets 80
Toscababy: folds 
Uncalled bet (80) returned to Mahu2021
Mahu2021 collected 160 from pot
Mahu2021: doesn't show hand 
*** SUMMARY ***
Total pot 160 | Rake 0 
Board [4s 3c Td]
Seat 1: Toscababy (big blind) folded on the Flop
Seat 3: Mahu2021 (button) (small blind) collected (160)



PokerStars Hand #253401591097: Tournament #3823466863, $0.46+$0.04 USD Hold'em No Limit - Level III (20/40) - 2024/11/14 20:28:03 CET [2024/11/14 14:28:03 ET]
Table '3823466863 1' 3-max Seat #1 is the button
Seat 1: Toscababy (162 in chips) 
Seat 3: Mahu2021 (1338 in chips) 
Toscababy: posts small blind 20
Mahu2021: posts big blind 40
*** HOLE CARDS ***
Dealt to Mahu2021 [4s As]
Toscababy: raises 40 to 80
Mahu2021: raises 120 to 200
Toscababy: calls 82 and is all-in
Uncalled bet (38) returned to Mahu2021
*** FLOP *** [6h Qd 5s]
*** TURN *** [6h Qd 5s] [Ts]
*** RIVER *** [6h Qd 5s Ts] [Ks]
*** SHOW DOWN ***
Mahu2021: shows [4s As] (a flush, Ace high)
Toscababy: shows [2d Td] (a pair of Tens)
Mahu2021 collected 324 from pot
Toscababy finished the tournament in 2nd place
Mahu2021 wins the tournament - congratulations!
Mahu2021 wins a '$1.00 Power Path Step 2 Ticket' ticket
*** SUMMARY ***
Total pot 324 | Rake 0 
Board [6h Qd 5s Ts Ks]
Seat 1: Toscababy (button) (small blind) showed [2d Td] and lost with a pair of Tens
Seat 3: Mahu2021 (big blind) showed [4s As] and won (324) with a flush, Ace high



