PokerStars Hand #246880941722: Tournament #3667220826, $1.84+$0.16 USD Hold'em No Limit - Level I (10/20) - 2023/11/02 12:44:41 CET [2023/11/02 7:44:41 ET]
Table '3667220826 1' 3-max Seat #1 is the button
Seat 1: Mahu2021 (500 in chips) 
Seat 2: RONSON_93 (500 in chips) 
Seat 3: AA-araf (500 in chips) 
RONSON_93: posts small blind 10
AA-araf: posts big blind 20
*** HOLE CARDS ***
Dealt to Mahu2021 [6h 8c]
Mahu2021: folds 
RONSON_93: raises 20 to 40
AA-araf: calls 20
*** FLOP *** [6s 5h 2h]
RONSON_93: checks 
AA-araf: checks 
*** TURN *** [6s 5h 2h] [3d]
RONSON_93: checks 
AA-araf: checks 
*** RIVER *** [6s 5h 2h 3d] [Js]
RONSON_93: checks 
AA-araf: checks 
*** SHOW DOWN ***
RONSON_93: shows [As Ks] (high card Ace)
AA-araf: mucks hand 
RONSON_93 collected 80 from pot
*** SUMMARY ***
Total pot 80 | Rake 0 
Board [6s 5h 2h 3d Js]
Seat 1: Mahu2021 (button) folded before Flop (didn't bet)
Seat 2: RONSON_93 (small blind) showed [As Ks] and won (80) with high card Ace
Seat 3: AA-araf (big blind) mucked [9c Kd]



PokerStars Hand #246880944401: Tournament #3667220826, $1.84+$0.16 USD Hold'em No Limit - Level I (10/20) - 2023/11/02 12:44:56 CET [2023/11/02 7:44:56 ET]
Table '3667220826 1' 3-max Seat #2 is the button
Seat 1: Mahu2021 (500 in chips) 
Seat 2: RONSON_93 (540 in chips) 
Seat 3: AA-araf (460 in chips) 
AA-araf: posts small blind 10
Mahu2021: posts big blind 20
*** HOLE CARDS ***
Dealt to Mahu2021 [7s Ah]
RONSON_93: folds 
AA-araf: calls 10
Mahu2021: checks 
*** FLOP *** [8d 6h 8s]
AA-araf: bets 20
Mahu2021: calls 20
*** TURN *** [8d 6h 8s] [9d]
AA-araf: bets 20
Mahu2021: calls 20
*** RIVER *** [8d 6h 8s 9d] [Qs]
AA-araf: checks 
Mahu2021: bets 40
AA-araf: folds 
Uncalled bet (40) returned to Mahu2021
Mahu2021 collected 120 from pot
Mahu2021: doesn't show hand 
*** SUMMARY ***
Total pot 120 | Rake 0 
Board [8d 6h 8s 9d Qs]
Seat 1: Mahu2021 (big blind) collected (120)
Seat 2: RONSON_93 (button) folded before Flop (didn't bet)
Seat 3: AA-araf (small blind) folded on the River



PokerStars Hand #246880947852: Tournament #3667220826, $1.84+$0.16 USD Hold'em No Limit - Level I (10/20) - 2023/11/02 12:45:16 CET [2023/11/02 7:45:16 ET]
Table '3667220826 1' 3-max Seat #3 is the button
Seat 1: Mahu2021 (560 in chips) 
Seat 2: RONSON_93 (540 in chips) 
Seat 3: AA-araf (400 in chips) 
Mahu2021: posts small blind 10
RONSON_93: posts big blind 20
*** HOLE CARDS ***
Dealt to Mahu2021 [3c 2h]
AA-araf: folds 
Mahu2021: folds 
Uncalled bet (10) returned to RONSON_93
RONSON_93 collected 20 from pot
RONSON_93: doesn't show hand 
*** SUMMARY ***
Total pot 20 | Rake 0 
Seat 1: Mahu2021 (small blind) folded before Flop
Seat 2: RONSON_93 (big blind) collected (20)
Seat 3: AA-araf (button) folded before Flop (didn't bet)



PokerStars Hand #246880948610: Tournament #3667220826, $1.84+$0.16 USD Hold'em No Limit - Level I (10/20) - 2023/11/02 12:45:20 CET [2023/11/02 7:45:20 ET]
Table '3667220826 1' 3-max Seat #1 is the button
Seat 1: Mahu2021 (550 in chips) 
Seat 2: RONSON_93 (550 in chips) 
Seat 3: AA-araf (400 in chips) 
RONSON_93: posts small blind 10
AA-araf: posts big blind 20
*** HOLE CARDS ***
Dealt to Mahu2021 [6s 9d]
Mahu2021: folds 
RONSON_93: folds 
Uncalled bet (10) returned to AA-araf
AA-araf collected 20 from pot
AA-araf: doesn't show hand 
*** SUMMARY ***
Total pot 20 | Rake 0 
Seat 1: Mahu2021 (button) folded before Flop (didn't bet)
Seat 2: RONSON_93 (small blind) folded before Flop
Seat 3: AA-araf (big blind) collected (20)



PokerStars Hand #246880949865: Tournament #3667220826, $1.84+$0.16 USD Hold'em No Limit - Level I (10/20) - 2023/11/02 12:45:27 CET [2023/11/02 7:45:27 ET]
Table '3667220826 1' 3-max Seat #2 is the button
Seat 1: Mahu2021 (550 in chips) 
Seat 2: RONSON_93 (540 in chips) 
Seat 3: AA-araf (410 in chips) 
AA-araf: posts small blind 10
Mahu2021: posts big blind 20
*** HOLE CARDS ***
Dealt to Mahu2021 [Jd Qd]
RONSON_93: folds 
AA-araf: folds 
Uncalled bet (10) returned to Mahu2021
Mahu2021 collected 20 from pot
Mahu2021: doesn't show hand 
*** SUMMARY ***
Total pot 20 | Rake 0 
Seat 1: Mahu2021 (big blind) collected (20)
Seat 2: RONSON_93 (button) folded before Flop (didn't bet)
Seat 3: AA-araf (small blind) folded before Flop



PokerStars Hand #246880950676: Tournament #3667220826, $1.84+$0.16 USD Hold'em No Limit - Level I (10/20) - 2023/11/02 12:45:32 CET [2023/11/02 7:45:32 ET]
Table '3667220826 1' 3-max Seat #3 is the button
Seat 1: Mahu2021 (560 in chips) 
Seat 2: RONSON_93 (540 in chips) 
Seat 3: AA-araf (400 in chips) 
Mahu2021: posts small blind 10
RONSON_93: posts big blind 20
*** HOLE CARDS ***
Dealt to Mahu2021 [8h 4c]
AA-araf: raises 20 to 40
Mahu2021: folds 
RONSON_93: calls 20
*** FLOP *** [7s 7d 2s]
RONSON_93: checks 
AA-araf: checks 
*** TURN *** [7s 7d 2s] [5h]
RONSON_93: bets 40
AA-araf: folds 
Uncalled bet (40) returned to RONSON_93
RONSON_93 collected 90 from pot
RONSON_93: doesn't show hand 
*** SUMMARY ***
Total pot 90 | Rake 0 
Board [7s 7d 2s 5h]
Seat 1: Mahu2021 (small blind) folded before Flop
Seat 2: RONSON_93 (big blind) collected (90)
Seat 3: AA-araf (button) folded on the Turn



PokerStars Hand #246880952808: Tournament #3667220826, $1.84+$0.16 USD Hold'em No Limit - Level I (10/20) - 2023/11/02 12:45:44 CET [2023/11/02 7:45:44 ET]
Table '3667220826 1' 3-max Seat #1 is the button
Seat 1: Mahu2021 (550 in chips) 
Seat 2: RONSON_93 (590 in chips) 
Seat 3: AA-araf (360 in chips) 
RONSON_93: posts small blind 10
AA-araf: posts big blind 20
*** HOLE CARDS ***
Dealt to Mahu2021 [5d 3d]
Mahu2021: folds 
RONSON_93: folds 
Uncalled bet (10) returned to AA-araf
AA-araf collected 20 from pot
AA-araf: doesn't show hand 
*** SUMMARY ***
Total pot 20 | Rake 0 
Seat 1: Mahu2021 (button) folded before Flop (didn't bet)
Seat 2: RONSON_93 (small blind) folded before Flop
Seat 3: AA-araf (big blind) collected (20)



PokerStars Hand #246880953780: Tournament #3667220826, $1.84+$0.16 USD Hold'em No Limit - Level I (10/20) - 2023/11/02 12:45:50 CET [2023/11/02 7:45:50 ET]
Table '3667220826 1' 3-max Seat #2 is the button
Seat 1: Mahu2021 (550 in chips) 
Seat 2: RONSON_93 (580 in chips) 
Seat 3: AA-araf (370 in chips) 
AA-araf: posts small blind 10
Mahu2021: posts big blind 20
*** HOLE CARDS ***
Dealt to Mahu2021 [8d 2c]
RONSON_93: folds 
AA-araf: calls 10
Mahu2021: checks 
*** FLOP *** [Qc 7s 7d]
AA-araf: checks 
Mahu2021: checks 
*** TURN *** [Qc 7s 7d] [4h]
AA-araf: checks 
Mahu2021: bets 20
AA-araf: calls 20
*** RIVER *** [Qc 7s 7d 4h] [As]
AA-araf: checks 
Mahu2021: bets 80
AA-araf: folds 
Uncalled bet (80) returned to Mahu2021
Mahu2021 collected 80 from pot
Mahu2021: doesn't show hand 
*** SUMMARY ***
Total pot 80 | Rake 0 
Board [Qc 7s 7d 4h As]
Seat 1: Mahu2021 (big blind) collected (80)
Seat 2: RONSON_93 (button) folded before Flop (didn't bet)
Seat 3: AA-araf (small blind) folded on the River



PokerStars Hand #246880956818: Tournament #3667220826, $1.84+$0.16 USD Hold'em No Limit - Level I (10/20) - 2023/11/02 12:46:07 CET [2023/11/02 7:46:07 ET]
Table '3667220826 1' 3-max Seat #3 is the button
Seat 1: Mahu2021 (590 in chips) 
Seat 2: RONSON_93 (580 in chips) 
Seat 3: AA-araf (330 in chips) 
Mahu2021: posts small blind 10
RONSON_93: posts big blind 20
*** HOLE CARDS ***
Dealt to Mahu2021 [Js 2h]
AA-araf: raises 20 to 40
Mahu2021: folds 
RONSON_93: calls 20
*** FLOP *** [Jh 7d As]
RONSON_93: checks 
AA-araf: checks 
*** TURN *** [Jh 7d As] [6d]
RONSON_93: checks 
AA-araf: checks 
*** RIVER *** [Jh 7d As 6d] [4h]
RONSON_93: checks 
AA-araf: checks 
*** SHOW DOWN ***
RONSON_93: shows [8h Kc] (high card Ace)
AA-araf: mucks hand 
RONSON_93 collected 90 from pot
*** SUMMARY ***
Total pot 90 | Rake 0 
Board [Jh 7d As 6d 4h]
Seat 1: Mahu2021 (small blind) folded before Flop
Seat 2: RONSON_93 (big blind) showed [8h Kc] and won (90) with high card Ace
Seat 3: AA-araf (button) mucked [Th Qs]



PokerStars Hand #246880960923: Tournament #3667220826, $1.84+$0.16 USD Hold'em No Limit - Level I (10/20) - 2023/11/02 12:46:32 CET [2023/11/02 7:46:32 ET]
Table '3667220826 1' 3-max Seat #1 is the button
Seat 1: Mahu2021 (580 in chips) 
Seat 2: RONSON_93 (630 in chips) 
Seat 3: AA-araf (290 in chips) 
RONSON_93: posts small blind 10
AA-araf: posts big blind 20
*** HOLE CARDS ***
Dealt to Mahu2021 [3s 9s]
Mahu2021: folds 
RONSON_93: calls 10
AA-araf: checks 
*** FLOP *** [Qc 2d Ad]
RONSON_93: bets 20
AA-araf: folds 
Uncalled bet (20) returned to RONSON_93
RONSON_93 collected 40 from pot
RONSON_93: doesn't show hand 
*** SUMMARY ***
Total pot 40 | Rake 0 
Board [Qc 2d Ad]
Seat 1: Mahu2021 (button) folded before Flop (didn't bet)
Seat 2: RONSON_93 (small blind) collected (40)
Seat 3: AA-araf (big blind) folded on the Flop



PokerStars Hand #246880965315: Tournament #3667220826, $1.84+$0.16 USD Hold'em No Limit - Level II (15/30) - 2023/11/02 12:46:57 CET [2023/11/02 7:46:57 ET]
Table '3667220826 1' 3-max Seat #2 is the button
Seat 1: Mahu2021 (580 in chips) 
Seat 2: RONSON_93 (650 in chips) 
Seat 3: AA-araf (270 in chips) 
AA-araf: posts small blind 15
Mahu2021: posts big blind 30
*** HOLE CARDS ***
Dealt to Mahu2021 [5s 8d]
RONSON_93: folds 
AA-araf: calls 15
Mahu2021: checks 
*** FLOP *** [3c 8h 4h]
AA-araf: checks 
Mahu2021: bets 30
AA-araf: folds 
Uncalled bet (30) returned to Mahu2021
Mahu2021 collected 60 from pot
Mahu2021: doesn't show hand 
*** SUMMARY ***
Total pot 60 | Rake 0 
Board [3c 8h 4h]
Seat 1: Mahu2021 (big blind) collected (60)
Seat 2: RONSON_93 (button) folded before Flop (didn't bet)
Seat 3: AA-araf (small blind) folded on the Flop



PokerStars Hand #246880967172: Tournament #3667220826, $1.84+$0.16 USD Hold'em No Limit - Level II (15/30) - 2023/11/02 12:47:08 CET [2023/11/02 7:47:08 ET]
Table '3667220826 1' 3-max Seat #3 is the button
Seat 1: Mahu2021 (610 in chips) 
Seat 2: RONSON_93 (650 in chips) 
Seat 3: AA-araf (240 in chips) 
Mahu2021: posts small blind 15
RONSON_93: posts big blind 30
*** HOLE CARDS ***
Dealt to Mahu2021 [9c 4d]
AA-araf: folds 
Mahu2021: folds 
Uncalled bet (15) returned to RONSON_93
RONSON_93 collected 30 from pot
RONSON_93: doesn't show hand 
*** SUMMARY ***
Total pot 30 | Rake 0 
Seat 1: Mahu2021 (small blind) folded before Flop
Seat 2: RONSON_93 (big blind) collected (30)
Seat 3: AA-araf (button) folded before Flop (didn't bet)



PokerStars Hand #246880967901: Tournament #3667220826, $1.84+$0.16 USD Hold'em No Limit - Level II (15/30) - 2023/11/02 12:47:12 CET [2023/11/02 7:47:12 ET]
Table '3667220826 1' 3-max Seat #1 is the button
Seat 1: Mahu2021 (595 in chips) 
Seat 2: RONSON_93 (665 in chips) 
Seat 3: AA-araf (240 in chips) 
RONSON_93: posts small blind 15
AA-araf: posts big blind 30
*** HOLE CARDS ***
Dealt to Mahu2021 [7c 5d]
Mahu2021: folds 
RONSON_93: raises 635 to 665 and is all-in
AA-araf: folds 
Uncalled bet (635) returned to RONSON_93
RONSON_93 collected 60 from pot
RONSON_93: doesn't show hand 
*** SUMMARY ***
Total pot 60 | Rake 0 
Seat 1: Mahu2021 (button) folded before Flop (didn't bet)
Seat 2: RONSON_93 (small blind) collected (60)
Seat 3: AA-araf (big blind) folded before Flop



PokerStars Hand #246880969304: Tournament #3667220826, $1.84+$0.16 USD Hold'em No Limit - Level II (15/30) - 2023/11/02 12:47:20 CET [2023/11/02 7:47:20 ET]
Table '3667220826 1' 3-max Seat #2 is the button
Seat 1: Mahu2021 (595 in chips) 
Seat 2: RONSON_93 (695 in chips) 
Seat 3: AA-araf (210 in chips) 
AA-araf: posts small blind 15
Mahu2021: posts big blind 30
*** HOLE CARDS ***
Dealt to Mahu2021 [6h Ks]
RONSON_93: raises 665 to 695 and is all-in
AA-araf: folds 
Mahu2021: folds 
Uncalled bet (665) returned to RONSON_93
RONSON_93 collected 75 from pot
RONSON_93: doesn't show hand 
*** SUMMARY ***
Total pot 75 | Rake 0 
Seat 1: Mahu2021 (big blind) folded before Flop
Seat 2: RONSON_93 (button) collected (75)
Seat 3: AA-araf (small blind) folded before Flop



PokerStars Hand #246880970285: Tournament #3667220826, $1.84+$0.16 USD Hold'em No Limit - Level II (15/30) - 2023/11/02 12:47:26 CET [2023/11/02 7:47:26 ET]
Table '3667220826 1' 3-max Seat #3 is the button
Seat 1: Mahu2021 (565 in chips) 
Seat 2: RONSON_93 (740 in chips) 
Seat 3: AA-araf (195 in chips) 
Mahu2021: posts small blind 15
RONSON_93: posts big blind 30
*** HOLE CARDS ***
Dealt to Mahu2021 [Qs Jc]
AA-araf: folds 
Mahu2021: raises 30 to 60
RONSON_93: calls 30
*** FLOP *** [4c 6c Ks]
Mahu2021: checks 
RONSON_93: checks 
*** TURN *** [4c 6c Ks] [3c]
Mahu2021: bets 30
RONSON_93: calls 30
*** RIVER *** [4c 6c Ks 3c] [Jd]
Mahu2021: bets 90
RONSON_93: calls 90
*** SHOW DOWN ***
Mahu2021: shows [Qs Jc] (a pair of Jacks)
RONSON_93: mucks hand 
Mahu2021 collected 360 from pot
*** SUMMARY ***
Total pot 360 | Rake 0 
Board [4c 6c Ks 3c Jd]
Seat 1: Mahu2021 (small blind) showed [Qs Jc] and won (360) with a pair of Jacks
Seat 2: RONSON_93 (big blind) mucked [7c 6s]
Seat 3: AA-araf (button) folded before Flop (didn't bet)



PokerStars Hand #246880974152: Tournament #3667220826, $1.84+$0.16 USD Hold'em No Limit - Level II (15/30) - 2023/11/02 12:47:49 CET [2023/11/02 7:47:49 ET]
Table '3667220826 1' 3-max Seat #1 is the button
Seat 1: Mahu2021 (745 in chips) 
Seat 2: RONSON_93 (560 in chips) 
Seat 3: AA-araf (195 in chips) 
RONSON_93: posts small blind 15
AA-araf: posts big blind 30
*** HOLE CARDS ***
Dealt to Mahu2021 [Ts Th]
Mahu2021: calls 30
RONSON_93: raises 530 to 560 and is all-in
AA-araf: folds 
Mahu2021: calls 530
*** FLOP *** [7h Jd 4c]
*** TURN *** [7h Jd 4c] [Qs]
*** RIVER *** [7h Jd 4c Qs] [Kh]
*** SHOW DOWN ***
RONSON_93: shows [8d 8s] (a pair of Eights)
Mahu2021: shows [Ts Th] (a pair of Tens)
Mahu2021 collected 1150 from pot
RONSON_93 finished the tournament in 3rd place
*** SUMMARY ***
Total pot 1150 | Rake 0 
Board [7h Jd 4c Qs Kh]
Seat 1: Mahu2021 (button) showed [Ts Th] and won (1150) with a pair of Tens
Seat 2: RONSON_93 (small blind) showed [8d 8s] and lost with a pair of Eights
Seat 3: AA-araf (big blind) folded before Flop



PokerStars Hand #246880977675: Tournament #3667220826, $1.84+$0.16 USD Hold'em No Limit - Level II (15/30) - 2023/11/02 12:48:09 CET [2023/11/02 7:48:09 ET]
Table '3667220826 1' 3-max Seat #3 is the button
Seat 1: Mahu2021 (1335 in chips) 
Seat 3: AA-araf (165 in chips) 
AA-araf: posts small blind 15
Mahu2021: posts big blind 30
*** HOLE CARDS ***
Dealt to Mahu2021 [7s Jd]
AA-araf: folds 
Uncalled bet (15) returned to Mahu2021
Mahu2021 collected 30 from pot
Mahu2021: doesn't show hand 
*** SUMMARY ***
Total pot 30 | Rake 0 
Seat 1: Mahu2021 (big blind) collected (30)
Seat 3: AA-araf (button) (small blind) folded before Flop



PokerStars Hand #246880978463: Tournament #3667220826, $1.84+$0.16 USD Hold'em No Limit - Level II (15/30) - 2023/11/02 12:48:14 CET [2023/11/02 7:48:14 ET]
Table '3667220826 1' 3-max Seat #1 is the button
Seat 1: Mahu2021 (1350 in chips) 
Seat 3: AA-araf (150 in chips) 
Mahu2021: posts small blind 15
AA-araf: posts big blind 30
*** HOLE CARDS ***
Dealt to Mahu2021 [Td 2d]
Mahu2021: calls 15
AA-araf: checks 
*** FLOP *** [Ah Qc 8h]
AA-araf: checks 
Mahu2021: bets 30
AA-araf: folds 
Uncalled bet (30) returned to Mahu2021
Mahu2021 collected 60 from pot
Mahu2021: doesn't show hand 
*** SUMMARY ***
Total pot 60 | Rake 0 
Board [Ah Qc 8h]
Seat 1: Mahu2021 (button) (small blind) collected (60)
Seat 3: AA-araf (big blind) folded on the Flop



PokerStars Hand #246880980292: Tournament #3667220826, $1.84+$0.16 USD Hold'em No Limit - Level II (15/30) - 2023/11/02 12:48:24 CET [2023/11/02 7:48:24 ET]
Table '3667220826 1' 3-max Seat #3 is the button
Seat 1: Mahu2021 (1380 in chips) 
Seat 3: AA-araf (120 in chips) 
AA-araf: posts small blind 15
Mahu2021: posts big blind 30
*** HOLE CARDS ***
Dealt to Mahu2021 [Qd Ac]
AA-araf: raises 90 to 120 and is all-in
Mahu2021: calls 90
*** FLOP *** [4c Qh 8s]
*** TURN *** [4c Qh 8s] [3h]
*** RIVER *** [4c Qh 8s 3h] [3s]
*** SHOW DOWN ***
Mahu2021: shows [Qd Ac] (two pair, Queens and Threes)
AA-araf: shows [Jc 9d] (a pair of Threes)
Mahu2021 collected 240 from pot
AA-araf finished the tournament in 2nd place
Mahu2021 wins the tournament and receives $4.00 - congratulations!
*** SUMMARY ***
Total pot 240 | Rake 0 
Board [4c Qh 8s 3h 3s]
Seat 1: Mahu2021 (big blind) showed [Qd Ac] and won (240) with two pair, Queens and Threes
Seat 3: AA-araf (button) (small blind) showed [Jc 9d] and lost with a pair of Threes



