PokerStars Hand #248168890842: Tournament #3698529178, $1.84+$0.16 USD Hold'em No Limit - Level I (10/20) - 2024/01/09 20:11:06 CET [2024/01/09 14:11:06 ET]
Table '3698529178 1' 3-max Seat #1 is the button
Seat 1: Mahu2021 (500 in chips) 
Seat 2: Thomas24492 (500 in chips) 
Seat 3: borges0903 (500 in chips) 
Thomas24492: posts small blind 10
borges0903: posts big blind 20
*** HOLE CARDS ***
Dealt to Mahu2021 [9h Kc]
Mahu2021: raises 20 to 40
Thomas24492: raises 460 to 500 and is all-in
borges0903: folds 
Mahu2021: folds 
Uncalled bet (460) returned to Thomas24492
Thomas24492 collected 100 from pot
*** SUMMARY ***
Total pot 100 | Rake 0 
Seat 1: Mahu2021 (button) folded before Flop
Seat 2: Thomas24492 (small blind) collected (100)
Seat 3: borges0903 (big blind) folded before Flop



PokerStars Hand #248168894895: Tournament #3698529178, $1.84+$0.16 USD Hold'em No Limit - Level I (10/20) - 2024/01/09 20:11:17 CET [2024/01/09 14:11:17 ET]
Table '3698529178 1' 3-max Seat #2 is the button
Seat 1: Mahu2021 (460 in chips) 
Seat 2: Thomas24492 (560 in chips) 
Seat 3: borges0903 (480 in chips) 
borges0903: posts small blind 10
Mahu2021: posts big blind 20
*** HOLE CARDS ***
Dealt to Mahu2021 [Js 3h]
Thomas24492: folds 
borges0903: raises 20 to 40
Mahu2021: calls 20
*** FLOP *** [7c 2h 9h]
borges0903: checks 
Mahu2021: checks 
*** TURN *** [7c 2h 9h] [2s]
borges0903: checks 
Mahu2021: bets 40
borges0903: folds 
Uncalled bet (40) returned to Mahu2021
Mahu2021 collected 80 from pot
Mahu2021: doesn't show hand 
*** SUMMARY ***
Total pot 80 | Rake 0 
Board [7c 2h 9h 2s]
Seat 1: Mahu2021 (big blind) collected (80)
Seat 2: Thomas24492 (button) folded before Flop (didn't bet)
Seat 3: borges0903 (small blind) folded on the Turn



PokerStars Hand #248168904693: Tournament #3698529178, $1.84+$0.16 USD Hold'em No Limit - Level I (10/20) - 2024/01/09 20:11:44 CET [2024/01/09 14:11:44 ET]
Table '3698529178 1' 3-max Seat #3 is the button
Seat 1: Mahu2021 (500 in chips) 
Seat 2: Thomas24492 (560 in chips) 
Seat 3: borges0903 (440 in chips) 
Mahu2021: posts small blind 10
Thomas24492: posts big blind 20
*** HOLE CARDS ***
Dealt to Mahu2021 [Ah 6s]
borges0903: folds 
Mahu2021: calls 10
Thomas24492: checks 
*** FLOP *** [3s 9h 5c]
Mahu2021: checks 
Thomas24492: checks 
*** TURN *** [3s 9h 5c] [Ts]
Mahu2021: bets 20
Thomas24492: calls 20
*** RIVER *** [3s 9h 5c Ts] [5h]
Mahu2021: checks 
Thomas24492: checks 
*** SHOW DOWN ***
Mahu2021: shows [Ah 6s] (a pair of Fives)
Thomas24492: mucks hand 
Mahu2021 collected 80 from pot
*** SUMMARY ***
Total pot 80 | Rake 0 
Board [3s 9h 5c Ts 5h]
Seat 1: Mahu2021 (small blind) showed [Ah 6s] and won (80) with a pair of Fives
Seat 2: Thomas24492 (big blind) mucked [8s 6c]
Seat 3: borges0903 (button) folded before Flop (didn't bet)



PokerStars Hand #248168912118: Tournament #3698529178, $1.84+$0.16 USD Hold'em No Limit - Level I (10/20) - 2024/01/09 20:12:03 CET [2024/01/09 14:12:03 ET]
Table '3698529178 1' 3-max Seat #1 is the button
Seat 1: Mahu2021 (540 in chips) 
Seat 2: Thomas24492 (520 in chips) 
Seat 3: borges0903 (440 in chips) 
Thomas24492: posts small blind 10
borges0903: posts big blind 20
*** HOLE CARDS ***
Dealt to Mahu2021 [Qh 5c]
Mahu2021: folds 
Thomas24492: calls 10
borges0903: checks 
*** FLOP *** [9c Ts 6c]
Thomas24492: checks 
borges0903: checks 
*** TURN *** [9c Ts 6c] [8h]
Thomas24492: checks 
borges0903: checks 
*** RIVER *** [9c Ts 6c 8h] [8s]
Thomas24492: bets 100
borges0903: folds 
Uncalled bet (100) returned to Thomas24492
Thomas24492 collected 40 from pot
*** SUMMARY ***
Total pot 40 | Rake 0 
Board [9c Ts 6c 8h 8s]
Seat 1: Mahu2021 (button) folded before Flop (didn't bet)
Seat 2: Thomas24492 (small blind) collected (40)
Seat 3: borges0903 (big blind) folded on the River



PokerStars Hand #248168923325: Tournament #3698529178, $1.84+$0.16 USD Hold'em No Limit - Level I (10/20) - 2024/01/09 20:12:34 CET [2024/01/09 14:12:34 ET]
Table '3698529178 1' 3-max Seat #2 is the button
Seat 1: Mahu2021 (540 in chips) 
Seat 2: Thomas24492 (540 in chips) 
Seat 3: borges0903 (420 in chips) 
borges0903: posts small blind 10
Mahu2021: posts big blind 20
*** HOLE CARDS ***
Dealt to Mahu2021 [Ks Jd]
Thomas24492: calls 20
borges0903: folds 
Mahu2021: checks 
*** FLOP *** [Ac 6c Ah]
Mahu2021: checks 
Thomas24492: bets 60
Mahu2021: calls 60
*** TURN *** [Ac 6c Ah] [3s]
Mahu2021: checks 
Thomas24492: bets 80
Mahu2021: calls 80
*** RIVER *** [Ac 6c Ah 3s] [Qs]
Mahu2021: bets 380 and is all-in
Thomas24492: calls 380 and is all-in
*** SHOW DOWN ***
Mahu2021: shows [Ks Jd] (a pair of Aces)
Thomas24492: shows [6d Kd] (two pair, Aces and Sixes)
Thomas24492 collected 1090 from pot
Mahu2021 finished the tournament in 3rd place
*** SUMMARY ***
Total pot 1090 | Rake 0 
Board [Ac 6c Ah 3s Qs]
Seat 1: Mahu2021 (big blind) showed [Ks Jd] and lost with a pair of Aces
Seat 2: Thomas24492 (button) showed [6d Kd] and won (1090) with two pair, Aces and Sixes
Seat 3: borges0903 (small blind) folded before Flop



