PokerStars Hand #252985088525: Tournament #3813302768, $1.84+$0.16 USD Hold'em No Limit - Level I (10/20) - 2024/10/18 15:03:22 CET [2024/10/18 9:03:22 ET]
Table '3813302768 1' 3-max Seat #1 is the button
Seat 1: Mahu2021 (500 in chips) 
Seat 2: Splat91 (500 in chips) 
Seat 3: MatkoCer (500 in chips) 
Splat91: posts small blind 10
MatkoCer: posts big blind 20
*** HOLE CARDS ***
Dealt to Mahu2021 [3c Kc]
Mahu2021: calls 20
Splat91: calls 10
MatkoCer: raises 480 to 500 and is all-in
Mahu2021: folds 
Splat91: folds 
Uncalled bet (480) returned to MatkoCer
MatkoCer collected 60 from pot
MatkoCer: doesn't show hand 
*** SUMMARY ***
Total pot 60 | Rake 0 
Seat 1: Mahu2021 (button) folded before Flop
Seat 2: Splat91 (small blind) folded before Flop
Seat 3: MatkoCer (big blind) collected (60)



PokerStars Hand #252985091448: Tournament #3813302768, $1.84+$0.16 USD Hold'em No Limit - Level I (10/20) - 2024/10/18 15:03:40 CET [2024/10/18 9:03:40 ET]
Table '3813302768 1' 3-max Seat #2 is the button
Seat 1: Mahu2021 (480 in chips) 
Seat 2: Splat91 (480 in chips) 
Seat 3: MatkoCer (540 in chips) 
MatkoCer: posts small blind 10
Mahu2021: posts big blind 20
*** HOLE CARDS ***
Dealt to Mahu2021 [Kc Kd]
Splat91: raises 20 to 40
MatkoCer: folds 
Mahu2021: raises 440 to 480 and is all-in
Splat91: calls 440 and is all-in
*** FLOP *** [4h 6s Ts]
*** TURN *** [4h 6s Ts] [9c]
*** RIVER *** [4h 6s Ts 9c] [5d]
*** SHOW DOWN ***
Mahu2021: shows [Kc Kd] (a pair of Kings)
Splat91: shows [Ac Td] (a pair of Tens)
Mahu2021 collected 970 from pot
Splat91 finished the tournament in 3rd place
*** SUMMARY ***
Total pot 970 | Rake 0 
Board [4h 6s Ts 9c 5d]
Seat 1: Mahu2021 (big blind) showed [Kc Kd] and won (970) with a pair of Kings
Seat 2: Splat91 (button) showed [Ac Td] and lost with a pair of Tens
Seat 3: MatkoCer (small blind) folded before Flop



PokerStars Hand #252985094719: Tournament #3813302768, $1.84+$0.16 USD Hold'em No Limit - Level I (10/20) - 2024/10/18 15:03:59 CET [2024/10/18 9:03:59 ET]
Table '3813302768 1' 3-max Seat #1 is the button
Seat 1: Mahu2021 (970 in chips) 
Seat 3: MatkoCer (530 in chips) 
Mahu2021: posts small blind 10
MatkoCer: posts big blind 20
*** HOLE CARDS ***
Dealt to Mahu2021 [6c 8s]
Mahu2021: folds 
Uncalled bet (10) returned to MatkoCer
MatkoCer collected 20 from pot
MatkoCer: doesn't show hand 
*** SUMMARY ***
Total pot 20 | Rake 0 
Seat 1: Mahu2021 (button) (small blind) folded before Flop
Seat 3: MatkoCer (big blind) collected (20)



PokerStars Hand #252985096127: Tournament #3813302768, $1.84+$0.16 USD Hold'em No Limit - Level I (10/20) - 2024/10/18 15:04:07 CET [2024/10/18 9:04:07 ET]
Table '3813302768 1' 3-max Seat #3 is the button
Seat 1: Mahu2021 (960 in chips) 
Seat 3: MatkoCer (540 in chips) 
MatkoCer: posts small blind 10
Mahu2021: posts big blind 20
*** HOLE CARDS ***
Dealt to Mahu2021 [8d Th]
MatkoCer: calls 10
Mahu2021: checks 
*** FLOP *** [Ac Ad 9s]
Mahu2021: checks 
MatkoCer: checks 
*** TURN *** [Ac Ad 9s] [Kc]
Mahu2021: checks 
MatkoCer: checks 
*** RIVER *** [Ac Ad 9s Kc] [Jd]
Mahu2021: checks 
MatkoCer: bets 20
Mahu2021: folds 
Uncalled bet (20) returned to MatkoCer
MatkoCer collected 40 from pot
MatkoCer: doesn't show hand 
*** SUMMARY ***
Total pot 40 | Rake 0 
Board [Ac Ad 9s Kc Jd]
Seat 1: Mahu2021 (big blind) folded on the River
Seat 3: MatkoCer (button) (small blind) collected (40)



PokerStars Hand #252985098701: Tournament #3813302768, $1.84+$0.16 USD Hold'em No Limit - Level I (10/20) - 2024/10/18 15:04:22 CET [2024/10/18 9:04:22 ET]
Table '3813302768 1' 3-max Seat #1 is the button
Seat 1: Mahu2021 (940 in chips) 
Seat 3: MatkoCer (560 in chips) 
Mahu2021: posts small blind 10
MatkoCer: posts big blind 20
*** HOLE CARDS ***
Dealt to Mahu2021 [9d 8s]
Mahu2021: calls 10
MatkoCer: checks 
*** FLOP *** [Jc Ah 3h]
MatkoCer: bets 20
Mahu2021: folds 
Uncalled bet (20) returned to MatkoCer
MatkoCer collected 40 from pot
MatkoCer: doesn't show hand 
*** SUMMARY ***
Total pot 40 | Rake 0 
Board [Jc Ah 3h]
Seat 1: Mahu2021 (button) (small blind) folded on the Flop
Seat 3: MatkoCer (big blind) collected (40)



PokerStars Hand #252985100259: Tournament #3813302768, $1.84+$0.16 USD Hold'em No Limit - Level I (10/20) - 2024/10/18 15:04:31 CET [2024/10/18 9:04:31 ET]
Table '3813302768 1' 3-max Seat #3 is the button
Seat 1: Mahu2021 (920 in chips) 
Seat 3: MatkoCer (580 in chips) 
MatkoCer: posts small blind 10
Mahu2021: posts big blind 20
*** HOLE CARDS ***
Dealt to Mahu2021 [5c Ad]
MatkoCer: folds 
Uncalled bet (10) returned to Mahu2021
Mahu2021 collected 20 from pot
Mahu2021: doesn't show hand 
*** SUMMARY ***
Total pot 20 | Rake 0 
Seat 1: Mahu2021 (big blind) collected (20)
Seat 3: MatkoCer (button) (small blind) folded before Flop



PokerStars Hand #252985101543: Tournament #3813302768, $1.84+$0.16 USD Hold'em No Limit - Level I (10/20) - 2024/10/18 15:04:39 CET [2024/10/18 9:04:39 ET]
Table '3813302768 1' 3-max Seat #1 is the button
Seat 1: Mahu2021 (930 in chips) 
Seat 3: MatkoCer (570 in chips) 
Mahu2021: posts small blind 10
MatkoCer: posts big blind 20
*** HOLE CARDS ***
Dealt to Mahu2021 [6s 6c]
Mahu2021: raises 20 to 40
MatkoCer: calls 20
*** FLOP *** [Jd Ts 9s]
MatkoCer: checks 
Mahu2021: bets 40
MatkoCer: calls 40
*** TURN *** [Jd Ts 9s] [4h]
MatkoCer: checks 
Mahu2021: checks 
*** RIVER *** [Jd Ts 9s 4h] [Jh]
MatkoCer: bets 80
Mahu2021: folds 
Uncalled bet (80) returned to MatkoCer
MatkoCer collected 160 from pot
MatkoCer: doesn't show hand 
*** SUMMARY ***
Total pot 160 | Rake 0 
Board [Jd Ts 9s 4h Jh]
Seat 1: Mahu2021 (button) (small blind) folded on the River
Seat 3: MatkoCer (big blind) collected (160)



PokerStars Hand #252985106395: Tournament #3813302768, $1.84+$0.16 USD Hold'em No Limit - Level I (10/20) - 2024/10/18 15:05:07 CET [2024/10/18 9:05:07 ET]
Table '3813302768 1' 3-max Seat #3 is the button
Seat 1: Mahu2021 (850 in chips) 
Seat 3: MatkoCer (650 in chips) 
MatkoCer: posts small blind 10
Mahu2021: posts big blind 20
*** HOLE CARDS ***
Dealt to Mahu2021 [5h Qc]
MatkoCer: calls 10
Mahu2021: checks 
*** FLOP *** [2h Ks Ah]
Mahu2021: checks 
MatkoCer: checks 
*** TURN *** [2h Ks Ah] [Kd]
Mahu2021: checks 
MatkoCer: checks 
*** RIVER *** [2h Ks Ah Kd] [6c]
Mahu2021: bets 20
MatkoCer: folds 
Uncalled bet (20) returned to Mahu2021
Mahu2021 collected 40 from pot
Mahu2021: doesn't show hand 
*** SUMMARY ***
Total pot 40 | Rake 0 
Board [2h Ks Ah Kd 6c]
Seat 1: Mahu2021 (big blind) collected (40)
Seat 3: MatkoCer (button) (small blind) folded on the River



PokerStars Hand #252985108973: Tournament #3813302768, $1.84+$0.16 USD Hold'em No Limit - Level I (10/20) - 2024/10/18 15:05:22 CET [2024/10/18 9:05:22 ET]
Table '3813302768 1' 3-max Seat #1 is the button
Seat 1: Mahu2021 (870 in chips) 
Seat 3: MatkoCer (630 in chips) 
Mahu2021: posts small blind 10
MatkoCer: posts big blind 20
*** HOLE CARDS ***
Dealt to Mahu2021 [9h Jh]
Mahu2021: raises 20 to 40
MatkoCer: folds 
Uncalled bet (20) returned to Mahu2021
Mahu2021 collected 40 from pot
Mahu2021: doesn't show hand 
*** SUMMARY ***
Total pot 40 | Rake 0 
Seat 1: Mahu2021 (button) (small blind) collected (40)
Seat 3: MatkoCer (big blind) folded before Flop



PokerStars Hand #252985110470: Tournament #3813302768, $1.84+$0.16 USD Hold'em No Limit - Level II (15/30) - 2024/10/18 15:05:31 CET [2024/10/18 9:05:31 ET]
Table '3813302768 1' 3-max Seat #3 is the button
Seat 1: Mahu2021 (890 in chips) 
Seat 3: MatkoCer (610 in chips) 
MatkoCer: posts small blind 15
Mahu2021: posts big blind 30
*** HOLE CARDS ***
Dealt to Mahu2021 [4h 6s]
MatkoCer: calls 15
Mahu2021: checks 
*** FLOP *** [Jd 3s 2d]
Mahu2021: checks 
MatkoCer: checks 
*** TURN *** [Jd 3s 2d] [7c]
Mahu2021: checks 
MatkoCer: checks 
*** RIVER *** [Jd 3s 2d 7c] [Jh]
Mahu2021: checks 
MatkoCer: bets 30
Mahu2021: folds 
Uncalled bet (30) returned to MatkoCer
MatkoCer collected 60 from pot
MatkoCer: doesn't show hand 
*** SUMMARY ***
Total pot 60 | Rake 0 
Board [Jd 3s 2d 7c Jh]
Seat 1: Mahu2021 (big blind) folded on the River
Seat 3: MatkoCer (button) (small blind) collected (60)



PokerStars Hand #252985113042: Tournament #3813302768, $1.84+$0.16 USD Hold'em No Limit - Level II (15/30) - 2024/10/18 15:05:46 CET [2024/10/18 9:05:46 ET]
Table '3813302768 1' 3-max Seat #1 is the button
Seat 1: Mahu2021 (860 in chips) 
Seat 3: MatkoCer (640 in chips) 
Mahu2021: posts small blind 15
MatkoCer: posts big blind 30
*** HOLE CARDS ***
Dealt to Mahu2021 [6d 4s]
Mahu2021: folds 
Uncalled bet (15) returned to MatkoCer
MatkoCer collected 30 from pot
MatkoCer: doesn't show hand 
*** SUMMARY ***
Total pot 30 | Rake 0 
Seat 1: Mahu2021 (button) (small blind) folded before Flop
Seat 3: MatkoCer (big blind) collected (30)



PokerStars Hand #252985113827: Tournament #3813302768, $1.84+$0.16 USD Hold'em No Limit - Level II (15/30) - 2024/10/18 15:05:50 CET [2024/10/18 9:05:50 ET]
Table '3813302768 1' 3-max Seat #3 is the button
Seat 1: Mahu2021 (845 in chips) 
Seat 3: MatkoCer (655 in chips) 
MatkoCer: posts small blind 15
Mahu2021: posts big blind 30
*** HOLE CARDS ***
Dealt to Mahu2021 [Kd 6h]
MatkoCer: calls 15
Mahu2021: checks 
*** FLOP *** [Jc 6s Qc]
Mahu2021: checks 
MatkoCer: checks 
*** TURN *** [Jc 6s Qc] [2h]
Mahu2021: checks 
MatkoCer: checks 
*** RIVER *** [Jc 6s Qc 2h] [Js]
Mahu2021: bets 60
MatkoCer: folds 
Uncalled bet (60) returned to Mahu2021
Mahu2021 collected 60 from pot
Mahu2021: doesn't show hand 
*** SUMMARY ***
Total pot 60 | Rake 0 
Board [Jc 6s Qc 2h Js]
Seat 1: Mahu2021 (big blind) collected (60)
Seat 3: MatkoCer (button) (small blind) folded on the River



PokerStars Hand #252985116445: Tournament #3813302768, $1.84+$0.16 USD Hold'em No Limit - Level II (15/30) - 2024/10/18 15:06:06 CET [2024/10/18 9:06:06 ET]
Table '3813302768 1' 3-max Seat #1 is the button
Seat 1: Mahu2021 (875 in chips) 
Seat 3: MatkoCer (625 in chips) 
Mahu2021: posts small blind 15
MatkoCer: posts big blind 30
*** HOLE CARDS ***
Dealt to Mahu2021 [Ah 9c]
Mahu2021: raises 30 to 60
MatkoCer: calls 30
*** FLOP *** [5h 4c 7h]
MatkoCer: checks 
Mahu2021: checks 
*** TURN *** [5h 4c 7h] [2s]
MatkoCer: checks 
Mahu2021: checks 
*** RIVER *** [5h 4c 7h 2s] [Qh]
MatkoCer: checks 
Mahu2021: checks 
*** SHOW DOWN ***
MatkoCer: shows [6s Ks] (high card King)
Mahu2021: shows [Ah 9c] (high card Ace)
Mahu2021 collected 120 from pot
*** SUMMARY ***
Total pot 120 | Rake 0 
Board [5h 4c 7h 2s Qh]
Seat 1: Mahu2021 (button) (small blind) showed [Ah 9c] and won (120) with high card Ace
Seat 3: MatkoCer (big blind) showed [6s Ks] and lost with high card King



PokerStars Hand #252985120101: Tournament #3813302768, $1.84+$0.16 USD Hold'em No Limit - Level II (15/30) - 2024/10/18 15:06:28 CET [2024/10/18 9:06:28 ET]
Table '3813302768 1' 3-max Seat #3 is the button
Seat 1: Mahu2021 (935 in chips) 
Seat 3: MatkoCer (565 in chips) 
MatkoCer: posts small blind 15
Mahu2021: posts big blind 30
*** HOLE CARDS ***
Dealt to Mahu2021 [5d 8s]
MatkoCer: calls 15
Mahu2021: checks 
*** FLOP *** [6s 9c Ah]
Mahu2021: checks 
MatkoCer: checks 
*** TURN *** [6s 9c Ah] [2s]
Mahu2021: checks 
MatkoCer: checks 
*** RIVER *** [6s 9c Ah 2s] [5s]
Mahu2021: bets 60
MatkoCer: raises 60 to 120
Mahu2021: calls 60
*** SHOW DOWN ***
MatkoCer: shows [Ac Jd] (a pair of Aces)
Mahu2021: mucks hand 
MatkoCer collected 300 from pot
*** SUMMARY ***
Total pot 300 | Rake 0 
Board [6s 9c Ah 2s 5s]
Seat 1: Mahu2021 (big blind) mucked [5d 8s]
Seat 3: MatkoCer (button) (small blind) showed [Ac Jd] and won (300) with a pair of Aces



PokerStars Hand #252985123369: Tournament #3813302768, $1.84+$0.16 USD Hold'em No Limit - Level II (15/30) - 2024/10/18 15:06:47 CET [2024/10/18 9:06:47 ET]
Table '3813302768 1' 3-max Seat #1 is the button
Seat 1: Mahu2021 (785 in chips) 
Seat 3: MatkoCer (715 in chips) 
Mahu2021: posts small blind 15
MatkoCer: posts big blind 30
*** HOLE CARDS ***
Dealt to Mahu2021 [8s Ts]
Mahu2021: calls 15
MatkoCer: checks 
*** FLOP *** [3c 8c 5d]
MatkoCer: bets 30
Mahu2021: calls 30
*** TURN *** [3c 8c 5d] [7h]
MatkoCer: bets 30
Mahu2021: calls 30
*** RIVER *** [3c 8c 5d 7h] [5s]
MatkoCer: checks 
Mahu2021: bets 180
MatkoCer: folds 
Uncalled bet (180) returned to Mahu2021
Mahu2021 collected 180 from pot
Mahu2021: doesn't show hand 
*** SUMMARY ***
Total pot 180 | Rake 0 
Board [3c 8c 5d 7h 5s]
Seat 1: Mahu2021 (button) (small blind) collected (180)
Seat 3: MatkoCer (big blind) folded on the River



PokerStars Hand #252985127001: Tournament #3813302768, $1.84+$0.16 USD Hold'em No Limit - Level II (15/30) - 2024/10/18 15:07:08 CET [2024/10/18 9:07:08 ET]
Table '3813302768 1' 3-max Seat #3 is the button
Seat 1: Mahu2021 (875 in chips) 
Seat 3: MatkoCer (625 in chips) 
MatkoCer: posts small blind 15
Mahu2021: posts big blind 30
*** HOLE CARDS ***
Dealt to Mahu2021 [Qc 9d]
MatkoCer: raises 30 to 60
Mahu2021: calls 30
*** FLOP *** [9c Ks Qh]
Mahu2021: bets 120
MatkoCer: folds 
Uncalled bet (120) returned to Mahu2021
Mahu2021 collected 120 from pot
Mahu2021: doesn't show hand 
*** SUMMARY ***
Total pot 120 | Rake 0 
Board [9c Ks Qh]
Seat 1: Mahu2021 (big blind) collected (120)
Seat 3: MatkoCer (button) (small blind) folded on the Flop



PokerStars Hand #252985130240: Tournament #3813302768, $1.84+$0.16 USD Hold'em No Limit - Level III (20/40) - 2024/10/18 15:07:28 CET [2024/10/18 9:07:28 ET]
Table '3813302768 1' 3-max Seat #1 is the button
Seat 1: Mahu2021 (935 in chips) 
Seat 3: MatkoCer (565 in chips) 
Mahu2021: posts small blind 20
MatkoCer: posts big blind 40
*** HOLE CARDS ***
Dealt to Mahu2021 [6h 4h]
Mahu2021: calls 20
MatkoCer: checks 
*** FLOP *** [8s As 3h]
MatkoCer: checks 
Mahu2021: checks 
*** TURN *** [8s As 3h] [8d]
MatkoCer: bets 40
Mahu2021: folds 
Uncalled bet (40) returned to MatkoCer
MatkoCer collected 80 from pot
MatkoCer: doesn't show hand 
*** SUMMARY ***
Total pot 80 | Rake 0 
Board [8s As 3h 8d]
Seat 1: Mahu2021 (button) (small blind) folded on the Turn
Seat 3: MatkoCer (big blind) collected (80)



PokerStars Hand #252985132448: Tournament #3813302768, $1.84+$0.16 USD Hold'em No Limit - Level III (20/40) - 2024/10/18 15:07:41 CET [2024/10/18 9:07:41 ET]
Table '3813302768 1' 3-max Seat #3 is the button
Seat 1: Mahu2021 (895 in chips) 
Seat 3: MatkoCer (605 in chips) 
MatkoCer: posts small blind 20
Mahu2021: posts big blind 40
*** HOLE CARDS ***
Dealt to Mahu2021 [Jc Qd]
MatkoCer: calls 20
Mahu2021: raises 80 to 120
MatkoCer: folds 
Uncalled bet (80) returned to Mahu2021
Mahu2021 collected 80 from pot
Mahu2021: doesn't show hand 
*** SUMMARY ***
Total pot 80 | Rake 0 
Seat 1: Mahu2021 (big blind) collected (80)
Seat 3: MatkoCer (button) (small blind) folded before Flop



PokerStars Hand #252985134147: Tournament #3813302768, $1.84+$0.16 USD Hold'em No Limit - Level III (20/40) - 2024/10/18 15:07:51 CET [2024/10/18 9:07:51 ET]
Table '3813302768 1' 3-max Seat #1 is the button
Seat 1: Mahu2021 (935 in chips) 
Seat 3: MatkoCer (565 in chips) 
Mahu2021: posts small blind 20
MatkoCer: posts big blind 40
*** HOLE CARDS ***
Dealt to Mahu2021 [Ts Qd]
Mahu2021: raises 40 to 80
MatkoCer: raises 485 to 565 and is all-in
Mahu2021: folds 
Uncalled bet (485) returned to MatkoCer
MatkoCer collected 160 from pot
MatkoCer: doesn't show hand 
*** SUMMARY ***
Total pot 160 | Rake 0 
Seat 1: Mahu2021 (button) (small blind) folded before Flop
Seat 3: MatkoCer (big blind) collected (160)



PokerStars Hand #252985135343: Tournament #3813302768, $1.84+$0.16 USD Hold'em No Limit - Level III (20/40) - 2024/10/18 15:07:58 CET [2024/10/18 9:07:58 ET]
Table '3813302768 1' 3-max Seat #3 is the button
Seat 1: Mahu2021 (855 in chips) 
Seat 3: MatkoCer (645 in chips) 
MatkoCer: posts small blind 20
Mahu2021: posts big blind 40
*** HOLE CARDS ***
Dealt to Mahu2021 [Ac 9d]
MatkoCer: calls 20
Mahu2021: raises 120 to 160
MatkoCer: folds 
Uncalled bet (120) returned to Mahu2021
Mahu2021 collected 80 from pot
Mahu2021: doesn't show hand 
*** SUMMARY ***
Total pot 80 | Rake 0 
Seat 1: Mahu2021 (big blind) collected (80)
Seat 3: MatkoCer (button) (small blind) folded before Flop



PokerStars Hand #252985137033: Tournament #3813302768, $1.84+$0.16 USD Hold'em No Limit - Level III (20/40) - 2024/10/18 15:08:08 CET [2024/10/18 9:08:08 ET]
Table '3813302768 1' 3-max Seat #1 is the button
Seat 1: Mahu2021 (895 in chips) 
Seat 3: MatkoCer (605 in chips) 
Mahu2021: posts small blind 20
MatkoCer: posts big blind 40
*** HOLE CARDS ***
Dealt to Mahu2021 [8s 8h]
Mahu2021: raises 855 to 895 and is all-in
MatkoCer: calls 565 and is all-in
Uncalled bet (290) returned to Mahu2021
*** FLOP *** [6c Qc 7h]
*** TURN *** [6c Qc 7h] [7d]
*** RIVER *** [6c Qc 7h 7d] [3s]
*** SHOW DOWN ***
MatkoCer: shows [Jc Ah] (a pair of Sevens)
Mahu2021: shows [8s 8h] (two pair, Eights and Sevens)
Mahu2021 collected 1210 from pot
MatkoCer finished the tournament in 2nd place
Mahu2021 wins the tournament and receives $4.00 - congratulations!
*** SUMMARY ***
Total pot 1210 | Rake 0 
Board [6c Qc 7h 7d 3s]
Seat 1: Mahu2021 (button) (small blind) showed [8s 8h] and won (1210) with two pair, Eights and Sevens
Seat 3: MatkoCer (big blind) showed [Jc Ah] and lost with a pair of Sevens



