PokerStars Hand #253388148592: Tournament #3823172474, $1.84+$0.16 USD Hold'em No Limit - Level I (10/20) - 2024/11/13 18:46:34 CET [2024/11/13 12:46:34 ET]
Table '3823172474 1' 3-max Seat #1 is the button
Seat 1: Mahu2021 (500 in chips) 
Seat 2: VasilevsAA (500 in chips) 
Seat 3: Stalteking69 (500 in chips) 
VasilevsAA: posts small blind 10
Stalteking69: posts big blind 20
*** HOLE CARDS ***
Dealt to Mahu2021 [6d Qh]
Mahu2021: folds 
VasilevsAA: raises 40 to 60
Stalteking69: calls 40
*** FLOP *** [Kh Ad 2h]
VasilevsAA: bets 440 and is all-in
Stalteking69: folds 
Uncalled bet (440) returned to VasilevsAA
VasilevsAA collected 120 from pot
*** SUMMARY ***
Total pot 120 | Rake 0 
Board [Kh Ad 2h]
Seat 1: Mahu2021 (button) folded before Flop (didn't bet)
Seat 2: VasilevsAA (small blind) collected (120)
Seat 3: Stalteking69 (big blind) folded on the Flop



PokerStars Hand #253388151503: Tournament #3823172474, $1.84+$0.16 USD Hold'em No Limit - Level I (10/20) - 2024/11/13 18:46:45 CET [2024/11/13 12:46:45 ET]
Table '3823172474 1' 3-max Seat #2 is the button
Seat 1: Mahu2021 (500 in chips) 
Seat 2: VasilevsAA (560 in chips) 
Seat 3: Stalteking69 (440 in chips) 
Stalteking69: posts small blind 10
Mahu2021: posts big blind 20
*** HOLE CARDS ***
Dealt to Mahu2021 [3h As]
VasilevsAA: calls 20
Stalteking69: calls 10
Mahu2021: checks 
*** FLOP *** [6d 9d 2s]
Stalteking69: checks 
Mahu2021: checks 
VasilevsAA: checks 
*** TURN *** [6d 9d 2s] [7d]
Stalteking69: checks 
Mahu2021: checks 
VasilevsAA: checks 
*** RIVER *** [6d 9d 2s 7d] [9h]
Stalteking69: checks 
Mahu2021: checks 
VasilevsAA: checks 
*** SHOW DOWN ***
Stalteking69: shows [3d Ah] (a pair of Nines)
Mahu2021: shows [3h As] (a pair of Nines)
VasilevsAA: mucks hand 
Stalteking69 collected 30 from pot
Mahu2021 collected 30 from pot
*** SUMMARY ***
Total pot 60 | Rake 0 
Board [6d 9d 2s 7d 9h]
Seat 1: Mahu2021 (big blind) showed [3h As] and won (30) with a pair of Nines
Seat 2: VasilevsAA (button) mucked [Jc Th]
Seat 3: Stalteking69 (small blind) showed [3d Ah] and won (30) with a pair of Nines



PokerStars Hand #253388156172: Tournament #3823172474, $1.84+$0.16 USD Hold'em No Limit - Level I (10/20) - 2024/11/13 18:47:03 CET [2024/11/13 12:47:03 ET]
Table '3823172474 1' 3-max Seat #3 is the button
Seat 1: Mahu2021 (510 in chips) 
Seat 2: VasilevsAA (540 in chips) 
Seat 3: Stalteking69 (450 in chips) 
Mahu2021: posts small blind 10
VasilevsAA: posts big blind 20
*** HOLE CARDS ***
Dealt to Mahu2021 [Kh 8s]
Stalteking69: folds 
Mahu2021: raises 20 to 40
VasilevsAA: calls 20
*** FLOP *** [Ad 6s 7s]
Mahu2021: checks 
VasilevsAA: checks 
*** TURN *** [Ad 6s 7s] [4h]
Mahu2021: checks 
VasilevsAA: checks 
*** RIVER *** [Ad 6s 7s 4h] [Tc]
Mahu2021: checks 
VasilevsAA: checks 
*** SHOW DOWN ***
Mahu2021: shows [Kh 8s] (high card Ace)
VasilevsAA: mucks hand 
Mahu2021 collected 80 from pot
*** SUMMARY ***
Total pot 80 | Rake 0 
Board [Ad 6s 7s 4h Tc]
Seat 1: Mahu2021 (small blind) showed [Kh 8s] and won (80) with high card Ace
Seat 2: VasilevsAA (big blind) mucked [Ks 2s]
Seat 3: Stalteking69 (button) folded before Flop (didn't bet)



PokerStars Hand #253388160405: Tournament #3823172474, $1.84+$0.16 USD Hold'em No Limit - Level I (10/20) - 2024/11/13 18:47:19 CET [2024/11/13 12:47:19 ET]
Table '3823172474 1' 3-max Seat #1 is the button
Seat 1: Mahu2021 (550 in chips) 
Seat 2: VasilevsAA (500 in chips) 
Seat 3: Stalteking69 (450 in chips) 
VasilevsAA: posts small blind 10
Stalteking69: posts big blind 20
*** HOLE CARDS ***
Dealt to Mahu2021 [Kd 5d]
Mahu2021: calls 20
VasilevsAA: raises 120 to 140
Stalteking69: folds 
Mahu2021: folds 
Uncalled bet (120) returned to VasilevsAA
VasilevsAA collected 60 from pot
*** SUMMARY ***
Total pot 60 | Rake 0 
Seat 1: Mahu2021 (button) folded before Flop
Seat 2: VasilevsAA (small blind) collected (60)
Seat 3: Stalteking69 (big blind) folded before Flop



PokerStars Hand #253388162612: Tournament #3823172474, $1.84+$0.16 USD Hold'em No Limit - Level I (10/20) - 2024/11/13 18:47:27 CET [2024/11/13 12:47:27 ET]
Table '3823172474 1' 3-max Seat #2 is the button
Seat 1: Mahu2021 (530 in chips) 
Seat 2: VasilevsAA (540 in chips) 
Seat 3: Stalteking69 (430 in chips) 
Stalteking69: posts small blind 10
Mahu2021: posts big blind 20
*** HOLE CARDS ***
Dealt to Mahu2021 [6d 5h]
VasilevsAA: folds 
Stalteking69: raises 40 to 60
Mahu2021: folds 
Uncalled bet (40) returned to Stalteking69
Stalteking69 collected 40 from pot
Stalteking69: doesn't show hand 
*** SUMMARY ***
Total pot 40 | Rake 0 
Seat 1: Mahu2021 (big blind) folded before Flop
Seat 2: VasilevsAA (button) folded before Flop (didn't bet)
Seat 3: Stalteking69 (small blind) collected (40)



PokerStars Hand #253388164807: Tournament #3823172474, $1.84+$0.16 USD Hold'em No Limit - Level I (10/20) - 2024/11/13 18:47:36 CET [2024/11/13 12:47:36 ET]
Table '3823172474 1' 3-max Seat #3 is the button
Seat 1: Mahu2021 (510 in chips) 
Seat 2: VasilevsAA (540 in chips) 
Seat 3: Stalteking69 (450 in chips) 
Mahu2021: posts small blind 10
VasilevsAA: posts big blind 20
*** HOLE CARDS ***
Dealt to Mahu2021 [7d Qc]
Stalteking69: raises 20 to 40
Mahu2021: folds 
VasilevsAA: calls 20
*** FLOP *** [4h 5h 8h]
VasilevsAA: checks 
Stalteking69: bets 20
VasilevsAA: calls 20
*** TURN *** [4h 5h 8h] [Qd]
VasilevsAA: checks 
Stalteking69: bets 65
VasilevsAA: folds 
Uncalled bet (65) returned to Stalteking69
Stalteking69 collected 130 from pot
Stalteking69: doesn't show hand 
*** SUMMARY ***
Total pot 130 | Rake 0 
Board [4h 5h 8h Qd]
Seat 1: Mahu2021 (small blind) folded before Flop
Seat 2: VasilevsAA (big blind) folded on the Turn
Seat 3: Stalteking69 (button) collected (130)



PokerStars Hand #253388170259: Tournament #3823172474, $1.84+$0.16 USD Hold'em No Limit - Level I (10/20) - 2024/11/13 18:47:56 CET [2024/11/13 12:47:56 ET]
Table '3823172474 1' 3-max Seat #1 is the button
Seat 1: Mahu2021 (500 in chips) 
Seat 2: VasilevsAA (480 in chips) 
Seat 3: Stalteking69 (520 in chips) 
VasilevsAA: posts small blind 10
Stalteking69: posts big blind 20
*** HOLE CARDS ***
Dealt to Mahu2021 [5c Tc]
Mahu2021: folds 
VasilevsAA: raises 60 to 80
Stalteking69: calls 60
*** FLOP *** [2h Ts 7s]
VasilevsAA: bets 400 and is all-in
Stalteking69: folds 
Uncalled bet (400) returned to VasilevsAA
VasilevsAA collected 160 from pot
*** SUMMARY ***
Total pot 160 | Rake 0 
Board [2h Ts 7s]
Seat 1: Mahu2021 (button) folded before Flop (didn't bet)
Seat 2: VasilevsAA (small blind) collected (160)
Seat 3: Stalteking69 (big blind) folded on the Flop



PokerStars Hand #253388173696: Tournament #3823172474, $1.84+$0.16 USD Hold'em No Limit - Level I (10/20) - 2024/11/13 18:48:09 CET [2024/11/13 12:48:09 ET]
Table '3823172474 1' 3-max Seat #2 is the button
Seat 1: Mahu2021 (500 in chips) 
Seat 2: VasilevsAA (560 in chips) 
Seat 3: Stalteking69 (440 in chips) 
Stalteking69: posts small blind 10
Mahu2021: posts big blind 20
*** HOLE CARDS ***
Dealt to Mahu2021 [2d 7s]
VasilevsAA: raises 540 to 560 and is all-in
Stalteking69: folds 
Mahu2021: folds 
Uncalled bet (540) returned to VasilevsAA
VasilevsAA collected 50 from pot
*** SUMMARY ***
Total pot 50 | Rake 0 
Seat 1: Mahu2021 (big blind) folded before Flop
Seat 2: VasilevsAA (button) collected (50)
Seat 3: Stalteking69 (small blind) folded before Flop



PokerStars Hand #253388175758: Tournament #3823172474, $1.84+$0.16 USD Hold'em No Limit - Level I (10/20) - 2024/11/13 18:48:16 CET [2024/11/13 12:48:16 ET]
Table '3823172474 1' 3-max Seat #3 is the button
Seat 1: Mahu2021 (480 in chips) 
Seat 2: VasilevsAA (590 in chips) 
Seat 3: Stalteking69 (430 in chips) 
Mahu2021: posts small blind 10
VasilevsAA: posts big blind 20
*** HOLE CARDS ***
Dealt to Mahu2021 [3h 5c]
Stalteking69: calls 20
Mahu2021: folds 
VasilevsAA: checks 
*** FLOP *** [Js Ts Kc]
VasilevsAA: checks 
Stalteking69: checks 
*** TURN *** [Js Ts Kc] [3d]
VasilevsAA: checks 
Stalteking69: bets 20
VasilevsAA: calls 20
*** RIVER *** [Js Ts Kc 3d] [2s]
VasilevsAA: checks 
Stalteking69: bets 40
VasilevsAA: folds 
Uncalled bet (40) returned to Stalteking69
Stalteking69 collected 90 from pot
Stalteking69: doesn't show hand 
*** SUMMARY ***
Total pot 90 | Rake 0 
Board [Js Ts Kc 3d 2s]
Seat 1: Mahu2021 (small blind) folded before Flop
Seat 2: VasilevsAA (big blind) folded on the River
Seat 3: Stalteking69 (button) collected (90)



PokerStars Hand #253388180613: Tournament #3823172474, $1.84+$0.16 USD Hold'em No Limit - Level I (10/20) - 2024/11/13 18:48:35 CET [2024/11/13 12:48:35 ET]
Table '3823172474 1' 3-max Seat #1 is the button
Seat 1: Mahu2021 (470 in chips) 
Seat 2: VasilevsAA (550 in chips) 
Seat 3: Stalteking69 (480 in chips) 
VasilevsAA: posts small blind 10
Stalteking69: posts big blind 20
*** HOLE CARDS ***
Dealt to Mahu2021 [4c 5s]
Mahu2021: folds 
VasilevsAA: calls 10
Stalteking69: checks 
*** FLOP *** [Ah 8h Ac]
VasilevsAA: checks 
Stalteking69: checks 
*** TURN *** [Ah 8h Ac] [9d]
VasilevsAA: bets 60
Stalteking69: folds 
Uncalled bet (60) returned to VasilevsAA
VasilevsAA collected 40 from pot
*** SUMMARY ***
Total pot 40 | Rake 0 
Board [Ah 8h Ac 9d]
Seat 1: Mahu2021 (button) folded before Flop (didn't bet)
Seat 2: VasilevsAA (small blind) collected (40)
Seat 3: Stalteking69 (big blind) folded on the Turn



PokerStars Hand #253388183975: Tournament #3823172474, $1.84+$0.16 USD Hold'em No Limit - Level I (10/20) - 2024/11/13 18:48:47 CET [2024/11/13 12:48:47 ET]
Table '3823172474 1' 3-max Seat #2 is the button
Seat 1: Mahu2021 (470 in chips) 
Seat 2: VasilevsAA (570 in chips) 
Seat 3: Stalteking69 (460 in chips) 
Stalteking69: posts small blind 10
Mahu2021: posts big blind 20
*** HOLE CARDS ***
Dealt to Mahu2021 [2s 8s]
VasilevsAA: raises 100 to 120
Stalteking69: folds 
Mahu2021: folds 
Uncalled bet (100) returned to VasilevsAA
VasilevsAA collected 50 from pot
*** SUMMARY ***
Total pot 50 | Rake 0 
Seat 1: Mahu2021 (big blind) folded before Flop
Seat 2: VasilevsAA (button) collected (50)
Seat 3: Stalteking69 (small blind) folded before Flop



PokerStars Hand #253388185851: Tournament #3823172474, $1.84+$0.16 USD Hold'em No Limit - Level I (10/20) - 2024/11/13 18:48:54 CET [2024/11/13 12:48:54 ET]
Table '3823172474 1' 3-max Seat #3 is the button
Seat 1: Mahu2021 (450 in chips) 
Seat 2: VasilevsAA (600 in chips) 
Seat 3: Stalteking69 (450 in chips) 
Mahu2021: posts small blind 10
VasilevsAA: posts big blind 20
*** HOLE CARDS ***
Dealt to Mahu2021 [3d Ts]
Stalteking69: folds 
Mahu2021: folds 
Uncalled bet (10) returned to VasilevsAA
VasilevsAA collected 20 from pot
*** SUMMARY ***
Total pot 20 | Rake 0 
Seat 1: Mahu2021 (small blind) folded before Flop
Seat 2: VasilevsAA (big blind) collected (20)
Seat 3: Stalteking69 (button) folded before Flop (didn't bet)



PokerStars Hand #253388187087: Tournament #3823172474, $1.84+$0.16 USD Hold'em No Limit - Level I (10/20) - 2024/11/13 18:48:59 CET [2024/11/13 12:48:59 ET]
Table '3823172474 1' 3-max Seat #1 is the button
Seat 1: Mahu2021 (440 in chips) 
Seat 2: VasilevsAA (610 in chips) 
Seat 3: Stalteking69 (450 in chips) 
VasilevsAA: posts small blind 10
Stalteking69: posts big blind 20
*** HOLE CARDS ***
Dealt to Mahu2021 [4s Js]
Mahu2021: calls 20
VasilevsAA: calls 10
Stalteking69: checks 
*** FLOP *** [Tc 3d Qc]
VasilevsAA: checks 
Stalteking69: checks 
Mahu2021: checks 
*** TURN *** [Tc 3d Qc] [9h]
VasilevsAA: checks 
Stalteking69: bets 20
Mahu2021: calls 20
VasilevsAA: folds 
*** RIVER *** [Tc 3d Qc 9h] [8d]
Stalteking69: bets 20
Mahu2021: raises 80 to 100
Stalteking69: calls 80
*** SHOW DOWN ***
Mahu2021: shows [4s Js] (a straight, Eight to Queen)
Stalteking69: mucks hand 
Mahu2021 collected 300 from pot
*** SUMMARY ***
Total pot 300 | Rake 0 
Board [Tc 3d Qc 9h 8d]
Seat 1: Mahu2021 (button) showed [4s Js] and won (300) with a straight, Eight to Queen
Seat 2: VasilevsAA (small blind) folded on the Turn
Seat 3: Stalteking69 (big blind) mucked [9s 4h]



PokerStars Hand #253388193011: Tournament #3823172474, $1.84+$0.16 USD Hold'em No Limit - Level I (10/20) - 2024/11/13 18:49:21 CET [2024/11/13 12:49:21 ET]
Table '3823172474 1' 3-max Seat #2 is the button
Seat 1: Mahu2021 (600 in chips) 
Seat 2: VasilevsAA (590 in chips) 
Seat 3: Stalteking69 (310 in chips) 
Stalteking69: posts small blind 10
Mahu2021: posts big blind 20
*** HOLE CARDS ***
Dealt to Mahu2021 [5d 2c]
VasilevsAA: calls 20
Stalteking69: calls 10
Mahu2021: checks 
*** FLOP *** [8h 8s Qs]
Stalteking69: checks 
Mahu2021: checks 
VasilevsAA: bets 40
Stalteking69: calls 40
Mahu2021: folds 
*** TURN *** [8h 8s Qs] [6d]
Stalteking69: checks 
VasilevsAA: checks 
*** RIVER *** [8h 8s Qs 6d] [Qh]
Stalteking69: bets 70
VasilevsAA: folds 
Uncalled bet (70) returned to Stalteking69
Stalteking69 collected 140 from pot
Stalteking69: doesn't show hand 
*** SUMMARY ***
Total pot 140 | Rake 0 
Board [8h 8s Qs 6d Qh]
Seat 1: Mahu2021 (big blind) folded on the Flop
Seat 2: VasilevsAA (button) folded on the River
Seat 3: Stalteking69 (small blind) collected (140)



PokerStars Hand #253388199159: Tournament #3823172474, $1.84+$0.16 USD Hold'em No Limit - Level II (15/30) - 2024/11/13 18:49:44 CET [2024/11/13 12:49:44 ET]
Table '3823172474 1' 3-max Seat #3 is the button
Seat 1: Mahu2021 (580 in chips) 
Seat 2: VasilevsAA (530 in chips) 
Seat 3: Stalteking69 (390 in chips) 
Mahu2021: posts small blind 15
VasilevsAA: posts big blind 30
*** HOLE CARDS ***
Dealt to Mahu2021 [2c Kd]
Stalteking69: folds 
Mahu2021: calls 15
VasilevsAA: checks 
*** FLOP *** [2h 4s Qh]
Mahu2021: checks 
VasilevsAA: checks 
*** TURN *** [2h 4s Qh] [Ks]
Mahu2021: bets 30
VasilevsAA: folds 
Uncalled bet (30) returned to Mahu2021
Mahu2021 collected 60 from pot
Mahu2021: doesn't show hand 
*** SUMMARY ***
Total pot 60 | Rake 0 
Board [2h 4s Qh Ks]
Seat 1: Mahu2021 (small blind) collected (60)
Seat 2: VasilevsAA (big blind) folded on the Turn
Seat 3: Stalteking69 (button) folded before Flop (didn't bet)



PokerStars Hand #253388202380: Tournament #3823172474, $1.84+$0.16 USD Hold'em No Limit - Level II (15/30) - 2024/11/13 18:49:56 CET [2024/11/13 12:49:56 ET]
Table '3823172474 1' 3-max Seat #1 is the button
Seat 1: Mahu2021 (610 in chips) 
Seat 2: VasilevsAA (500 in chips) 
Seat 3: Stalteking69 (390 in chips) 
VasilevsAA: posts small blind 15
Stalteking69: posts big blind 30
*** HOLE CARDS ***
Dealt to Mahu2021 [Ah Jd]
Mahu2021: raises 60 to 90
VasilevsAA: calls 75
Stalteking69: folds 
*** FLOP *** [7d 5d 6d]
VasilevsAA: checks 
Mahu2021: checks 
*** TURN *** [7d 5d 6d] [9s]
VasilevsAA: bets 120
Mahu2021: calls 120
*** RIVER *** [7d 5d 6d 9s] [Kd]
VasilevsAA: checks 
Mahu2021: bets 400 and is all-in
VasilevsAA: calls 290 and is all-in
Uncalled bet (110) returned to Mahu2021
*** SHOW DOWN ***
Mahu2021: shows [Ah Jd] (a flush, King high)
VasilevsAA: shows [8s Ts] (a straight, Six to Ten)
Mahu2021 collected 1030 from pot
VasilevsAA finished the tournament in 3rd place
*** SUMMARY ***
Total pot 1030 | Rake 0 
Board [7d 5d 6d 9s Kd]
Seat 1: Mahu2021 (button) showed [Ah Jd] and won (1030) with a flush, King high
Seat 2: VasilevsAA (small blind) showed [8s Ts] and lost with a straight, Six to Ten
Seat 3: Stalteking69 (big blind) folded before Flop



PokerStars Hand #253388208877: Tournament #3823172474, $1.84+$0.16 USD Hold'em No Limit - Level II (15/30) - 2024/11/13 18:50:21 CET [2024/11/13 12:50:21 ET]
Table '3823172474 1' 3-max Seat #3 is the button
Seat 1: Mahu2021 (1140 in chips) 
Seat 3: Stalteking69 (360 in chips) 
Stalteking69: posts small blind 15
Mahu2021: posts big blind 30
*** HOLE CARDS ***
Dealt to Mahu2021 [8c 3h]
Stalteking69: folds 
Uncalled bet (15) returned to Mahu2021
Mahu2021 collected 30 from pot
Mahu2021: doesn't show hand 
*** SUMMARY ***
Total pot 30 | Rake 0 
Seat 1: Mahu2021 (big blind) collected (30)
Seat 3: Stalteking69 (button) (small blind) folded before Flop



PokerStars Hand #253388210011: Tournament #3823172474, $1.84+$0.16 USD Hold'em No Limit - Level II (15/30) - 2024/11/13 18:50:26 CET [2024/11/13 12:50:26 ET]
Table '3823172474 1' 3-max Seat #1 is the button
Seat 1: Mahu2021 (1155 in chips) 
Seat 3: Stalteking69 (345 in chips) 
Mahu2021: posts small blind 15
Stalteking69: posts big blind 30
*** HOLE CARDS ***
Dealt to Mahu2021 [Kd 4s]
Mahu2021: raises 60 to 90
Stalteking69: folds 
Uncalled bet (60) returned to Mahu2021
Mahu2021 collected 60 from pot
Mahu2021: doesn't show hand 
*** SUMMARY ***
Total pot 60 | Rake 0 
Seat 1: Mahu2021 (button) (small blind) collected (60)
Seat 3: Stalteking69 (big blind) folded before Flop



PokerStars Hand #253388211656: Tournament #3823172474, $1.84+$0.16 USD Hold'em No Limit - Level II (15/30) - 2024/11/13 18:50:32 CET [2024/11/13 12:50:32 ET]
Table '3823172474 1' 3-max Seat #3 is the button
Seat 1: Mahu2021 (1185 in chips) 
Seat 3: Stalteking69 (315 in chips) 
Stalteking69: posts small blind 15
Mahu2021: posts big blind 30
*** HOLE CARDS ***
Dealt to Mahu2021 [8c 7h]
Stalteking69: raises 30 to 60
Mahu2021: calls 30
*** FLOP *** [8s Ac 2s]
Mahu2021: bets 1125 and is all-in
Stalteking69: folds 
Uncalled bet (1125) returned to Mahu2021
Mahu2021 collected 120 from pot
Mahu2021: doesn't show hand 
*** SUMMARY ***
Total pot 120 | Rake 0 
Board [8s Ac 2s]
Seat 1: Mahu2021 (big blind) collected (120)
Seat 3: Stalteking69 (button) (small blind) folded on the Flop



PokerStars Hand #253388214262: Tournament #3823172474, $1.84+$0.16 USD Hold'em No Limit - Level II (15/30) - 2024/11/13 18:50:41 CET [2024/11/13 12:50:41 ET]
Table '3823172474 1' 3-max Seat #1 is the button
Seat 1: Mahu2021 (1245 in chips) 
Seat 3: Stalteking69 (255 in chips) 
Mahu2021: posts small blind 15
Stalteking69: posts big blind 30
*** HOLE CARDS ***
Dealt to Mahu2021 [2d 3c]
Mahu2021: folds 
Uncalled bet (15) returned to Stalteking69
Stalteking69 collected 30 from pot
Stalteking69: doesn't show hand 
*** SUMMARY ***
Total pot 30 | Rake 0 
Seat 1: Mahu2021 (button) (small blind) folded before Flop
Seat 3: Stalteking69 (big blind) collected (30)



PokerStars Hand #253388215353: Tournament #3823172474, $1.84+$0.16 USD Hold'em No Limit - Level II (15/30) - 2024/11/13 18:50:46 CET [2024/11/13 12:50:46 ET]
Table '3823172474 1' 3-max Seat #3 is the button
Seat 1: Mahu2021 (1230 in chips) 
Seat 3: Stalteking69 (270 in chips) 
Stalteking69: posts small blind 15
Mahu2021: posts big blind 30
*** HOLE CARDS ***
Dealt to Mahu2021 [Jd 4c]
Stalteking69: folds 
Uncalled bet (15) returned to Mahu2021
Mahu2021 collected 30 from pot
Mahu2021: doesn't show hand 
*** SUMMARY ***
Total pot 30 | Rake 0 
Seat 1: Mahu2021 (big blind) collected (30)
Seat 3: Stalteking69 (button) (small blind) folded before Flop



PokerStars Hand #253388216425: Tournament #3823172474, $1.84+$0.16 USD Hold'em No Limit - Level II (15/30) - 2024/11/13 18:50:50 CET [2024/11/13 12:50:50 ET]
Table '3823172474 1' 3-max Seat #1 is the button
Seat 1: Mahu2021 (1245 in chips) 
Seat 3: Stalteking69 (255 in chips) 
Mahu2021: posts small blind 15
Stalteking69: posts big blind 30
*** HOLE CARDS ***
Dealt to Mahu2021 [5c 9s]
Mahu2021: folds 
Uncalled bet (15) returned to Stalteking69
Stalteking69 collected 30 from pot
Stalteking69: doesn't show hand 
*** SUMMARY ***
Total pot 30 | Rake 0 
Seat 1: Mahu2021 (button) (small blind) folded before Flop
Seat 3: Stalteking69 (big blind) collected (30)



PokerStars Hand #253388217506: Tournament #3823172474, $1.84+$0.16 USD Hold'em No Limit - Level II (15/30) - 2024/11/13 18:50:54 CET [2024/11/13 12:50:54 ET]
Table '3823172474 1' 3-max Seat #3 is the button
Seat 1: Mahu2021 (1230 in chips) 
Seat 3: Stalteking69 (270 in chips) 
Stalteking69: posts small blind 15
Mahu2021: posts big blind 30
*** HOLE CARDS ***
Dealt to Mahu2021 [Ks 7c]
Stalteking69: calls 15
Mahu2021: raises 90 to 120
Stalteking69: folds 
Uncalled bet (90) returned to Mahu2021
Mahu2021 collected 60 from pot
Mahu2021: doesn't show hand 
*** SUMMARY ***
Total pot 60 | Rake 0 
Seat 1: Mahu2021 (big blind) collected (60)
Seat 3: Stalteking69 (button) (small blind) folded before Flop



PokerStars Hand #253388219371: Tournament #3823172474, $1.84+$0.16 USD Hold'em No Limit - Level II (15/30) - 2024/11/13 18:51:02 CET [2024/11/13 12:51:02 ET]
Table '3823172474 1' 3-max Seat #1 is the button
Seat 1: Mahu2021 (1260 in chips) 
Seat 3: Stalteking69 (240 in chips) 
Mahu2021: posts small blind 15
Stalteking69: posts big blind 30
*** HOLE CARDS ***
Dealt to Mahu2021 [4h 6h]
Mahu2021: calls 15
Stalteking69: raises 60 to 90
Mahu2021: calls 60
*** FLOP *** [7d 2s 8c]
Stalteking69: bets 90
Mahu2021: folds 
Uncalled bet (90) returned to Stalteking69
Stalteking69 collected 180 from pot
Stalteking69: doesn't show hand 
*** SUMMARY ***
Total pot 180 | Rake 0 
Board [7d 2s 8c]
Seat 1: Mahu2021 (button) (small blind) folded on the Flop
Seat 3: Stalteking69 (big blind) collected (180)



PokerStars Hand #253388223603: Tournament #3823172474, $1.84+$0.16 USD Hold'em No Limit - Level II (15/30) - 2024/11/13 18:51:17 CET [2024/11/13 12:51:17 ET]
Table '3823172474 1' 3-max Seat #3 is the button
Seat 1: Mahu2021 (1170 in chips) 
Seat 3: Stalteking69 (330 in chips) 
Stalteking69: posts small blind 15
Mahu2021: posts big blind 30
*** HOLE CARDS ***
Dealt to Mahu2021 [Jd Js]
Stalteking69: folds 
Uncalled bet (15) returned to Mahu2021
Mahu2021 collected 30 from pot
Mahu2021: doesn't show hand 
*** SUMMARY ***
Total pot 30 | Rake 0 
Seat 1: Mahu2021 (big blind) collected (30)
Seat 3: Stalteking69 (button) (small blind) folded before Flop



PokerStars Hand #253388224738: Tournament #3823172474, $1.84+$0.16 USD Hold'em No Limit - Level II (15/30) - 2024/11/13 18:51:22 CET [2024/11/13 12:51:22 ET]
Table '3823172474 1' 3-max Seat #1 is the button
Seat 1: Mahu2021 (1185 in chips) 
Seat 3: Stalteking69 (315 in chips) 
Mahu2021: posts small blind 15
Stalteking69: posts big blind 30
*** HOLE CARDS ***
Dealt to Mahu2021 [6s 5h]
Mahu2021: calls 15
Stalteking69: checks 
*** FLOP *** [3d 9c 4d]
Stalteking69: checks 
Mahu2021: bets 60
Stalteking69: calls 60
*** TURN *** [3d 9c 4d] [2c]
Stalteking69: bets 225 and is all-in
Mahu2021: calls 225
*** RIVER *** [3d 9c 4d 2c] [4c]
*** SHOW DOWN ***
Stalteking69: shows [6c 3c] (a flush, Nine high)
Mahu2021: shows [6s 5h] (a straight, Deuce to Six)
Stalteking69 collected 630 from pot
*** SUMMARY ***
Total pot 630 | Rake 0 
Board [3d 9c 4d 2c 4c]
Seat 1: Mahu2021 (button) (small blind) showed [6s 5h] and lost with a straight, Deuce to Six
Seat 3: Stalteking69 (big blind) showed [6c 3c] and won (630) with a flush, Nine high



PokerStars Hand #253388228888: Tournament #3823172474, $1.84+$0.16 USD Hold'em No Limit - Level II (15/30) - 2024/11/13 18:51:38 CET [2024/11/13 12:51:38 ET]
Table '3823172474 1' 3-max Seat #3 is the button
Seat 1: Mahu2021 (870 in chips) 
Seat 3: Stalteking69 (630 in chips) 
Stalteking69: posts small blind 15
Mahu2021: posts big blind 30
*** HOLE CARDS ***
Dealt to Mahu2021 [9c 7d]
Stalteking69: folds 
Uncalled bet (15) returned to Mahu2021
Mahu2021 collected 30 from pot
Mahu2021: doesn't show hand 
*** SUMMARY ***
Total pot 30 | Rake 0 
Seat 1: Mahu2021 (big blind) collected (30)
Seat 3: Stalteking69 (button) (small blind) folded before Flop



PokerStars Hand #253388229984: Tournament #3823172474, $1.84+$0.16 USD Hold'em No Limit - Level II (15/30) - 2024/11/13 18:51:42 CET [2024/11/13 12:51:42 ET]
Table '3823172474 1' 3-max Seat #1 is the button
Seat 1: Mahu2021 (885 in chips) 
Seat 3: Stalteking69 (615 in chips) 
Mahu2021: posts small blind 15
Stalteking69: posts big blind 30
*** HOLE CARDS ***
Dealt to Mahu2021 [3s Kh]
Mahu2021: raises 60 to 90
Stalteking69: calls 60
*** FLOP *** [4h Qs Kd]
Stalteking69: checks 
Mahu2021: bets 795 and is all-in
Stalteking69: folds 
Uncalled bet (795) returned to Mahu2021
Mahu2021 collected 180 from pot
Mahu2021: doesn't show hand 
*** SUMMARY ***
Total pot 180 | Rake 0 
Board [4h Qs Kd]
Seat 1: Mahu2021 (button) (small blind) collected (180)
Seat 3: Stalteking69 (big blind) folded on the Flop



PokerStars Hand #253388232443: Tournament #3823172474, $1.84+$0.16 USD Hold'em No Limit - Level II (15/30) - 2024/11/13 18:51:52 CET [2024/11/13 12:51:52 ET]
Table '3823172474 1' 3-max Seat #3 is the button
Seat 1: Mahu2021 (975 in chips) 
Seat 3: Stalteking69 (525 in chips) 
Stalteking69: posts small blind 15
Mahu2021: posts big blind 30
*** HOLE CARDS ***
Dealt to Mahu2021 [Ac 3d]
Stalteking69: folds 
Uncalled bet (15) returned to Mahu2021
Mahu2021 collected 30 from pot
Mahu2021: doesn't show hand 
*** SUMMARY ***
Total pot 30 | Rake 0 
Seat 1: Mahu2021 (big blind) collected (30)
Seat 3: Stalteking69 (button) (small blind) folded before Flop



PokerStars Hand #253388233476: Tournament #3823172474, $1.84+$0.16 USD Hold'em No Limit - Level II (15/30) - 2024/11/13 18:51:56 CET [2024/11/13 12:51:56 ET]
Table '3823172474 1' 3-max Seat #1 is the button
Seat 1: Mahu2021 (990 in chips) 
Seat 3: Stalteking69 (510 in chips) 
Mahu2021: posts small blind 15
Stalteking69: posts big blind 30
*** HOLE CARDS ***
Dealt to Mahu2021 [6h Jc]
Mahu2021: raises 60 to 90
Stalteking69: folds 
Uncalled bet (60) returned to Mahu2021
Mahu2021 collected 60 from pot
Mahu2021: doesn't show hand 
*** SUMMARY ***
Total pot 60 | Rake 0 
Seat 1: Mahu2021 (button) (small blind) collected (60)
Seat 3: Stalteking69 (big blind) folded before Flop



PokerStars Hand #253388234793: Tournament #3823172474, $1.84+$0.16 USD Hold'em No Limit - Level II (15/30) - 2024/11/13 18:52:02 CET [2024/11/13 12:52:02 ET]
Table '3823172474 1' 3-max Seat #3 is the button
Seat 1: Mahu2021 (1020 in chips) 
Seat 3: Stalteking69 (480 in chips) 
Stalteking69: posts small blind 15
Mahu2021: posts big blind 30
*** HOLE CARDS ***
Dealt to Mahu2021 [Ts 9c]
Stalteking69: calls 15
Mahu2021: checks 
*** FLOP *** [Jc 6s 5s]
Mahu2021: checks 
Stalteking69: bets 30
Mahu2021: folds 
Uncalled bet (30) returned to Stalteking69
Stalteking69 collected 60 from pot
Stalteking69: doesn't show hand 
*** SUMMARY ***
Total pot 60 | Rake 0 
Board [Jc 6s 5s]
Seat 1: Mahu2021 (big blind) folded on the Flop
Seat 3: Stalteking69 (button) (small blind) collected (60)



PokerStars Hand #253388237439: Tournament #3823172474, $1.84+$0.16 USD Hold'em No Limit - Level II (15/30) - 2024/11/13 18:52:12 CET [2024/11/13 12:52:12 ET]
Table '3823172474 1' 3-max Seat #1 is the button
Seat 1: Mahu2021 (990 in chips) 
Seat 3: Stalteking69 (510 in chips) 
Mahu2021: posts small blind 15
Stalteking69: posts big blind 30
*** HOLE CARDS ***
Dealt to Mahu2021 [Kd Ks]
Mahu2021: raises 60 to 90
Stalteking69: calls 60
*** FLOP *** [Jh 5d 9h]
Stalteking69: checks 
Mahu2021: bets 90
Stalteking69: calls 90
*** TURN *** [Jh 5d 9h] [7c]
Stalteking69: checks 
Mahu2021: bets 810 and is all-in
Stalteking69: calls 330 and is all-in
Uncalled bet (480) returned to Mahu2021
*** RIVER *** [Jh 5d 9h 7c] [5s]
*** SHOW DOWN ***
Stalteking69: shows [Ac 5h] (three of a kind, Fives)
Mahu2021: shows [Kd Ks] (two pair, Kings and Fives)
Stalteking69 collected 1020 from pot
*** SUMMARY ***
Total pot 1020 | Rake 0 
Board [Jh 5d 9h 7c 5s]
Seat 1: Mahu2021 (button) (small blind) showed [Kd Ks] and lost with two pair, Kings and Fives
Seat 3: Stalteking69 (big blind) showed [Ac 5h] and won (1020) with three of a kind, Fives



PokerStars Hand #253388242385: Tournament #3823172474, $1.84+$0.16 USD Hold'em No Limit - Level II (15/30) - 2024/11/13 18:52:32 CET [2024/11/13 12:52:32 ET]
Table '3823172474 1' 3-max Seat #3 is the button
Seat 1: Mahu2021 (480 in chips) 
Seat 3: Stalteking69 (1020 in chips) 
Stalteking69: posts small blind 15
Mahu2021: posts big blind 30
*** HOLE CARDS ***
Dealt to Mahu2021 [5s 7s]
Stalteking69: folds 
Uncalled bet (15) returned to Mahu2021
Mahu2021 collected 30 from pot
Mahu2021: doesn't show hand 
*** SUMMARY ***
Total pot 30 | Rake 0 
Seat 1: Mahu2021 (big blind) collected (30)
Seat 3: Stalteking69 (button) (small blind) folded before Flop



PokerStars Hand #253388244237: Tournament #3823172474, $1.84+$0.16 USD Hold'em No Limit - Level III (20/40) - 2024/11/13 18:52:39 CET [2024/11/13 12:52:39 ET]
Table '3823172474 1' 3-max Seat #1 is the button
Seat 1: Mahu2021 (495 in chips) 
Seat 3: Stalteking69 (1005 in chips) 
Mahu2021: posts small blind 20
Stalteking69: posts big blind 40
*** HOLE CARDS ***
Dealt to Mahu2021 [Ts Kh]
Mahu2021: raises 455 to 495 and is all-in
Stalteking69: folds 
Uncalled bet (455) returned to Mahu2021
Mahu2021 collected 80 from pot
Mahu2021: doesn't show hand 
*** SUMMARY ***
Total pot 80 | Rake 0 
Seat 1: Mahu2021 (button) (small blind) collected (80)
Seat 3: Stalteking69 (big blind) folded before Flop



PokerStars Hand #253388245444: Tournament #3823172474, $1.84+$0.16 USD Hold'em No Limit - Level III (20/40) - 2024/11/13 18:52:44 CET [2024/11/13 12:52:44 ET]
Table '3823172474 1' 3-max Seat #3 is the button
Seat 1: Mahu2021 (535 in chips) 
Seat 3: Stalteking69 (965 in chips) 
Stalteking69: posts small blind 20
Mahu2021: posts big blind 40
*** HOLE CARDS ***
Dealt to Mahu2021 [6h 6s]
Stalteking69: raises 925 to 965 and is all-in
Mahu2021: calls 495 and is all-in
Uncalled bet (430) returned to Stalteking69
*** FLOP *** [8d 3h Ac]
*** TURN *** [8d 3h Ac] [5d]
*** RIVER *** [8d 3h Ac 5d] [Jh]
*** SHOW DOWN ***
Mahu2021: shows [6h 6s] (a pair of Sixes)
Stalteking69: shows [Ah 2h] (a pair of Aces)
Stalteking69 collected 1070 from pot
Mahu2021 finished the tournament in 2nd place
Stalteking69 wins the tournament and receives $6.00 - congratulations!
*** SUMMARY ***
Total pot 1070 | Rake 0 
Board [8d 3h Ac 5d Jh]
Seat 1: Mahu2021 (big blind) showed [6h 6s] and lost with a pair of Sixes
Seat 3: Stalteking69 (button) (small blind) showed [Ah 2h] and won (1070) with a pair of Aces



