PokerStars Hand #251440423399: Tournament #3776746265, $1.84+$0.16 USD Hold'em No Limit - Level I (10/20) - 2024/07/11 21:18:11 CET [2024/07/11 15:18:11 ET]
Table '3776746265 1' 3-max Seat #1 is the button
Seat 1: Roberto123580 (500 in chips) 
Seat 2: nel.freitas55 (500 in chips) 
Seat 3: Mahu2021 (500 in chips) 
nel.freitas55: posts small blind 10
Mahu2021: posts big blind 20
*** HOLE CARDS ***
Dealt to Mahu2021 [8d 3d]
Roberto123580: folds 
nel.freitas55: calls 10
Mahu2021: checks 
*** FLOP *** [Kc 9s As]
nel.freitas55: checks 
Mahu2021: checks 
*** TURN *** [Kc 9s As] [2d]
nel.freitas55: checks 
Mahu2021: checks 
*** RIVER *** [Kc 9s As 2d] [Jc]
nel.freitas55: checks 
Mahu2021: checks 
*** SHOW DOWN ***
nel.freitas55: shows [Tc 2s] (a pair of Deuces)
Mahu2021: mucks hand 
nel.freitas55 collected 40 from pot
*** SUMMARY ***
Total pot 40 | Rake 0 
Board [Kc 9s As 2d Jc]
Seat 1: Roberto123580 (button) folded before Flop (didn't bet)
Seat 2: nel.freitas55 (small blind) showed [Tc 2s] and won (40) with a pair of Deuces
Seat 3: Mahu2021 (big blind) mucked [8d 3d]



PokerStars Hand #251440431248: Tournament #3776746265, $1.84+$0.16 USD Hold'em No Limit - Level I (10/20) - 2024/07/11 21:18:37 CET [2024/07/11 15:18:37 ET]
Table '3776746265 1' 3-max Seat #2 is the button
Seat 1: Roberto123580 (500 in chips) 
Seat 2: nel.freitas55 (520 in chips) 
Seat 3: Mahu2021 (480 in chips) 
Mahu2021: posts small blind 10
Roberto123580: posts big blind 20
*** HOLE CARDS ***
Dealt to Mahu2021 [6c 4h]
nel.freitas55: calls 20
Mahu2021: folds 
Roberto123580: checks 
*** FLOP *** [Qd Kd 9c]
Roberto123580: checks 
nel.freitas55: checks 
*** TURN *** [Qd Kd 9c] [Ac]
Roberto123580: checks 
nel.freitas55: checks 
*** RIVER *** [Qd Kd 9c Ac] [As]
Roberto123580: checks 
nel.freitas55: checks 
*** SHOW DOWN ***
Roberto123580: shows [8h 5c] (a pair of Aces)
nel.freitas55: shows [8d 2c] (a pair of Aces)
Roberto123580 collected 25 from pot
nel.freitas55 collected 25 from pot
*** SUMMARY ***
Total pot 50 | Rake 0 
Board [Qd Kd 9c Ac As]
Seat 1: Roberto123580 (big blind) showed [8h 5c] and won (25) with a pair of Aces
Seat 2: nel.freitas55 (button) showed [8d 2c] and won (25) with a pair of Aces
Seat 3: Mahu2021 (small blind) folded before Flop



PokerStars Hand #251440436483: Tournament #3776746265, $1.84+$0.16 USD Hold'em No Limit - Level I (10/20) - 2024/07/11 21:18:55 CET [2024/07/11 15:18:55 ET]
Table '3776746265 1' 3-max Seat #3 is the button
Seat 1: Roberto123580 (505 in chips) 
Seat 2: nel.freitas55 (525 in chips) 
Seat 3: Mahu2021 (470 in chips) 
Roberto123580: posts small blind 10
nel.freitas55: posts big blind 20
*** HOLE CARDS ***
Dealt to Mahu2021 [3s As]
Mahu2021: raises 20 to 40
Roberto123580: calls 30
nel.freitas55: folds 
*** FLOP *** [Jd 4s Ad]
Roberto123580: checks 
Mahu2021: bets 40
Roberto123580: folds 
Uncalled bet (40) returned to Mahu2021
Mahu2021 collected 100 from pot
Mahu2021: doesn't show hand 
*** SUMMARY ***
Total pot 100 | Rake 0 
Board [Jd 4s Ad]
Seat 1: Roberto123580 (small blind) folded on the Flop
Seat 2: nel.freitas55 (big blind) folded before Flop
Seat 3: Mahu2021 (button) collected (100)



PokerStars Hand #251440440518: Tournament #3776746265, $1.84+$0.16 USD Hold'em No Limit - Level I (10/20) - 2024/07/11 21:19:08 CET [2024/07/11 15:19:08 ET]
Table '3776746265 1' 3-max Seat #1 is the button
Seat 1: Roberto123580 (465 in chips) 
Seat 2: nel.freitas55 (505 in chips) 
Seat 3: Mahu2021 (530 in chips) 
nel.freitas55: posts small blind 10
Mahu2021: posts big blind 20
*** HOLE CARDS ***
Dealt to Mahu2021 [Jh 3s]
Roberto123580: calls 20
nel.freitas55: calls 10
Mahu2021: checks 
*** FLOP *** [Js Ks Kc]
nel.freitas55: checks 
Mahu2021: bets 60
Roberto123580: folds 
nel.freitas55: calls 60
*** TURN *** [Js Ks Kc] [6c]
nel.freitas55: bets 20
Mahu2021: raises 80 to 100
nel.freitas55: raises 80 to 180
Mahu2021: calls 80
*** RIVER *** [Js Ks Kc 6c] [7h]
nel.freitas55: bets 245 and is all-in
Mahu2021: calls 245
*** SHOW DOWN ***
nel.freitas55: shows [Qc Qs] (two pair, Kings and Queens)
Mahu2021: shows [Jh 3s] (two pair, Kings and Jacks)
nel.freitas55 collected 1030 from pot
*** SUMMARY ***
Total pot 1030 | Rake 0 
Board [Js Ks Kc 6c 7h]
Seat 1: Roberto123580 (button) folded on the Flop
Seat 2: nel.freitas55 (small blind) showed [Qc Qs] and won (1030) with two pair, Kings and Queens
Seat 3: Mahu2021 (big blind) showed [Jh 3s] and lost with two pair, Kings and Jacks



PokerStars Hand #251440452832: Tournament #3776746265, $1.84+$0.16 USD Hold'em No Limit - Level I (10/20) - 2024/07/11 21:19:49 CET [2024/07/11 15:19:49 ET]
Table '3776746265 1' 3-max Seat #2 is the button
Seat 1: Roberto123580 (445 in chips) 
Seat 2: nel.freitas55 (1030 in chips) 
Seat 3: Mahu2021 (25 in chips) 
Mahu2021: posts small blind 10
Roberto123580: posts big blind 20
*** HOLE CARDS ***
Dealt to Mahu2021 [5c Ks]
nel.freitas55: folds 
Mahu2021: raises 5 to 25 and is all-in
Roberto123580: folds 
Uncalled bet (5) returned to Mahu2021
Mahu2021 collected 40 from pot
Mahu2021: doesn't show hand 
*** SUMMARY ***
Total pot 40 | Rake 0 
Seat 1: Roberto123580 (big blind) folded before Flop
Seat 2: nel.freitas55 (button) folded before Flop (didn't bet)
Seat 3: Mahu2021 (small blind) collected (40)



PokerStars Hand #251440454905: Tournament #3776746265, $1.84+$0.16 USD Hold'em No Limit - Level I (10/20) - 2024/07/11 21:19:56 CET [2024/07/11 15:19:56 ET]
Table '3776746265 1' 3-max Seat #3 is the button
Seat 1: Roberto123580 (425 in chips) 
Seat 2: nel.freitas55 (1030 in chips) 
Seat 3: Mahu2021 (45 in chips) 
Roberto123580: posts small blind 10
nel.freitas55: posts big blind 20
*** HOLE CARDS ***
Dealt to Mahu2021 [Js Ks]
Mahu2021: raises 25 to 45 and is all-in
Roberto123580: folds 
nel.freitas55: calls 25
*** FLOP *** [6d 2d 9s]
*** TURN *** [6d 2d 9s] [3c]
*** RIVER *** [6d 2d 9s 3c] [Tc]
*** SHOW DOWN ***
nel.freitas55: shows [Jd 5h] (high card Jack)
Mahu2021: shows [Js Ks] (high card King)
Mahu2021 collected 100 from pot
*** SUMMARY ***
Total pot 100 | Rake 0 
Board [6d 2d 9s 3c Tc]
Seat 1: Roberto123580 (small blind) folded before Flop
Seat 2: nel.freitas55 (big blind) showed [Jd 5h] and lost with high card Jack
Seat 3: Mahu2021 (button) showed [Js Ks] and won (100) with high card King



PokerStars Hand #251440459636: Tournament #3776746265, $1.84+$0.16 USD Hold'em No Limit - Level I (10/20) - 2024/07/11 21:20:12 CET [2024/07/11 15:20:12 ET]
Table '3776746265 1' 3-max Seat #1 is the button
Seat 1: Roberto123580 (415 in chips) 
Seat 2: nel.freitas55 (985 in chips) 
Seat 3: Mahu2021 (100 in chips) 
nel.freitas55: posts small blind 10
Mahu2021: posts big blind 20
*** HOLE CARDS ***
Dealt to Mahu2021 [4h 8s]
Roberto123580: calls 20
nel.freitas55: calls 10
Mahu2021: checks 
*** FLOP *** [6c Tc 6s]
nel.freitas55: checks 
Mahu2021: checks 
Roberto123580: checks 
*** TURN *** [6c Tc 6s] [3d]
nel.freitas55: checks 
Mahu2021: checks 
Roberto123580: checks 
*** RIVER *** [6c Tc 6s 3d] [Jh]
nel.freitas55: checks 
Mahu2021: checks 
Roberto123580: bets 20
nel.freitas55: folds 
Mahu2021: folds 
Uncalled bet (20) returned to Roberto123580
Roberto123580 collected 60 from pot
Roberto123580: doesn't show hand 
*** SUMMARY ***
Total pot 60 | Rake 0 
Board [6c Tc 6s 3d Jh]
Seat 1: Roberto123580 (button) collected (60)
Seat 2: nel.freitas55 (small blind) folded on the River
Seat 3: Mahu2021 (big blind) folded on the River



PokerStars Hand #251440468358: Tournament #3776746265, $1.84+$0.16 USD Hold'em No Limit - Level I (10/20) - 2024/07/11 21:20:40 CET [2024/07/11 15:20:40 ET]
Table '3776746265 1' 3-max Seat #2 is the button
Seat 1: Roberto123580 (455 in chips) 
Seat 2: nel.freitas55 (965 in chips) 
Seat 3: Mahu2021 (80 in chips) 
Mahu2021: posts small blind 10
Roberto123580: posts big blind 20
*** HOLE CARDS ***
Dealt to Mahu2021 [As Js]
nel.freitas55: folds 
Mahu2021: raises 20 to 40
Roberto123580: calls 20
*** FLOP *** [7d Ks 7c]
Mahu2021: bets 40 and is all-in
Roberto123580: calls 40
*** TURN *** [7d Ks 7c] [Ts]
*** RIVER *** [7d Ks 7c Ts] [Qh]
*** SHOW DOWN ***
Mahu2021: shows [As Js] (a straight, Ten to Ace)
Roberto123580: shows [6h Ac] (a pair of Sevens)
Mahu2021 collected 160 from pot
*** SUMMARY ***
Total pot 160 | Rake 0 
Board [7d Ks 7c Ts Qh]
Seat 1: Roberto123580 (big blind) showed [6h Ac] and lost with a pair of Sevens
Seat 2: nel.freitas55 (button) folded before Flop (didn't bet)
Seat 3: Mahu2021 (small blind) showed [As Js] and won (160) with a straight, Ten to Ace



PokerStars Hand #251440473553: Tournament #3776746265, $1.84+$0.16 USD Hold'em No Limit - Level I (10/20) - 2024/07/11 21:20:58 CET [2024/07/11 15:20:58 ET]
Table '3776746265 1' 3-max Seat #3 is the button
Seat 1: Roberto123580 (375 in chips) 
Seat 2: nel.freitas55 (965 in chips) 
Seat 3: Mahu2021 (160 in chips) 
Roberto123580: posts small blind 10
nel.freitas55: posts big blind 20
*** HOLE CARDS ***
Dealt to Mahu2021 [3c 2d]
Mahu2021: folds 
Roberto123580: calls 10
nel.freitas55: checks 
*** FLOP *** [8d Ks 9c]
Roberto123580: checks 
nel.freitas55: bets 20
Roberto123580: folds 
Uncalled bet (20) returned to nel.freitas55
nel.freitas55 collected 40 from pot
nel.freitas55: doesn't show hand 
*** SUMMARY ***
Total pot 40 | Rake 0 
Board [8d Ks 9c]
Seat 1: Roberto123580 (small blind) folded on the Flop
Seat 2: nel.freitas55 (big blind) collected (40)
Seat 3: Mahu2021 (button) folded before Flop (didn't bet)



PokerStars Hand #251440477471: Tournament #3776746265, $1.84+$0.16 USD Hold'em No Limit - Level I (10/20) - 2024/07/11 21:21:11 CET [2024/07/11 15:21:11 ET]
Table '3776746265 1' 3-max Seat #1 is the button
Seat 1: Roberto123580 (355 in chips) 
Seat 2: nel.freitas55 (985 in chips) 
Seat 3: Mahu2021 (160 in chips) 
nel.freitas55: posts small blind 10
Mahu2021: posts big blind 20
*** HOLE CARDS ***
Dealt to Mahu2021 [9s 3d]
Roberto123580: calls 20
nel.freitas55: calls 10
Mahu2021: checks 
*** FLOP *** [Tc Kc 2h]
nel.freitas55: checks 
Mahu2021: checks 
Roberto123580: bets 40
nel.freitas55: calls 40
Mahu2021: folds 
*** TURN *** [Tc Kc 2h] [6c]
nel.freitas55: checks 
Roberto123580: bets 70
nel.freitas55: folds 
Uncalled bet (70) returned to Roberto123580
Roberto123580 collected 140 from pot
Roberto123580: doesn't show hand 
*** SUMMARY ***
Total pot 140 | Rake 0 
Board [Tc Kc 2h 6c]
Seat 1: Roberto123580 (button) collected (140)
Seat 2: nel.freitas55 (small blind) folded on the Turn
Seat 3: Mahu2021 (big blind) folded on the Flop



PokerStars Hand #251440485675: Tournament #3776746265, $1.84+$0.16 USD Hold'em No Limit - Level II (15/30) - 2024/07/11 21:21:38 CET [2024/07/11 15:21:38 ET]
Table '3776746265 1' 3-max Seat #2 is the button
Seat 1: Roberto123580 (435 in chips) 
Seat 2: nel.freitas55 (925 in chips) 
Seat 3: Mahu2021 (140 in chips) 
Mahu2021: posts small blind 15
Roberto123580: posts big blind 30
*** HOLE CARDS ***
Dealt to Mahu2021 [Ts 3c]
nel.freitas55: folds 
Mahu2021: folds 
Uncalled bet (15) returned to Roberto123580
Roberto123580 collected 30 from pot
Roberto123580: doesn't show hand 
*** SUMMARY ***
Total pot 30 | Rake 0 
Seat 1: Roberto123580 (big blind) collected (30)
Seat 2: nel.freitas55 (button) folded before Flop (didn't bet)
Seat 3: Mahu2021 (small blind) folded before Flop



PokerStars Hand #251440487222: Tournament #3776746265, $1.84+$0.16 USD Hold'em No Limit - Level II (15/30) - 2024/07/11 21:21:43 CET [2024/07/11 15:21:43 ET]
Table '3776746265 1' 3-max Seat #3 is the button
Seat 1: Roberto123580 (450 in chips) 
Seat 2: nel.freitas55 (925 in chips) 
Seat 3: Mahu2021 (125 in chips) 
Roberto123580: posts small blind 15
nel.freitas55: posts big blind 30
*** HOLE CARDS ***
Dealt to Mahu2021 [Tc 3c]
Mahu2021: folds 
Roberto123580: folds 
Uncalled bet (15) returned to nel.freitas55
nel.freitas55 collected 30 from pot
nel.freitas55: doesn't show hand 
*** SUMMARY ***
Total pot 30 | Rake 0 
Seat 1: Roberto123580 (small blind) folded before Flop
Seat 2: nel.freitas55 (big blind) collected (30)
Seat 3: Mahu2021 (button) folded before Flop (didn't bet)



PokerStars Hand #251440488851: Tournament #3776746265, $1.84+$0.16 USD Hold'em No Limit - Level II (15/30) - 2024/07/11 21:21:49 CET [2024/07/11 15:21:49 ET]
Table '3776746265 1' 3-max Seat #1 is the button
Seat 1: Roberto123580 (435 in chips) 
Seat 2: nel.freitas55 (940 in chips) 
Seat 3: Mahu2021 (125 in chips) 
nel.freitas55: posts small blind 15
Mahu2021: posts big blind 30
*** HOLE CARDS ***
Dealt to Mahu2021 [2h 2d]
Roberto123580: folds 
nel.freitas55: calls 15
Mahu2021: raises 95 to 125 and is all-in
nel.freitas55: folds 
Uncalled bet (95) returned to Mahu2021
Mahu2021 collected 60 from pot
Mahu2021: doesn't show hand 
*** SUMMARY ***
Total pot 60 | Rake 0 
Seat 1: Roberto123580 (button) folded before Flop (didn't bet)
Seat 2: nel.freitas55 (small blind) folded before Flop
Seat 3: Mahu2021 (big blind) collected (60)



PokerStars Hand #251440491558: Tournament #3776746265, $1.84+$0.16 USD Hold'em No Limit - Level II (15/30) - 2024/07/11 21:21:58 CET [2024/07/11 15:21:58 ET]
Table '3776746265 1' 3-max Seat #2 is the button
Seat 1: Roberto123580 (435 in chips) 
Seat 2: nel.freitas55 (910 in chips) 
Seat 3: Mahu2021 (155 in chips) 
Mahu2021: posts small blind 15
Roberto123580: posts big blind 30
*** HOLE CARDS ***
Dealt to Mahu2021 [8c Kc]
nel.freitas55: calls 30
Mahu2021: calls 15
Roberto123580: checks 
*** FLOP *** [5h 2c 7d]
Mahu2021: checks 
Roberto123580: checks 
nel.freitas55: checks 
*** TURN *** [5h 2c 7d] [8s]
Mahu2021: bets 125 and is all-in
Roberto123580: folds 
nel.freitas55: folds 
Uncalled bet (125) returned to Mahu2021
Mahu2021 collected 90 from pot
Mahu2021: doesn't show hand 
*** SUMMARY ***
Total pot 90 | Rake 0 
Board [5h 2c 7d 8s]
Seat 1: Roberto123580 (big blind) folded on the Turn
Seat 2: nel.freitas55 (button) folded on the Turn
Seat 3: Mahu2021 (small blind) collected (90)



PokerStars Hand #251440498466: Tournament #3776746265, $1.84+$0.16 USD Hold'em No Limit - Level II (15/30) - 2024/07/11 21:22:21 CET [2024/07/11 15:22:21 ET]
Table '3776746265 1' 3-max Seat #3 is the button
Seat 1: Roberto123580 (405 in chips) 
Seat 2: nel.freitas55 (880 in chips) 
Seat 3: Mahu2021 (215 in chips) 
Roberto123580: posts small blind 15
nel.freitas55: posts big blind 30
*** HOLE CARDS ***
Dealt to Mahu2021 [8d 7s]
Mahu2021: folds 
Roberto123580: raises 30 to 60
nel.freitas55: calls 30
*** FLOP *** [4h Qh Jh]
Roberto123580: bets 60
nel.freitas55: calls 60
*** TURN *** [4h Qh Jh] [Js]
Roberto123580: bets 60
nel.freitas55: raises 60 to 120
Roberto123580: calls 60
*** RIVER *** [4h Qh Jh Js] [3s]
Roberto123580: checks 
nel.freitas55: bets 150
Roberto123580: folds 
Uncalled bet (150) returned to nel.freitas55
nel.freitas55 collected 480 from pot
nel.freitas55: doesn't show hand 
*** SUMMARY ***
Total pot 480 | Rake 0 
Board [4h Qh Jh Js 3s]
Seat 1: Roberto123580 (small blind) folded on the River
Seat 2: nel.freitas55 (big blind) collected (480)
Seat 3: Mahu2021 (button) folded before Flop (didn't bet)



PokerStars Hand #251440507773: Tournament #3776746265, $1.84+$0.16 USD Hold'em No Limit - Level II (15/30) - 2024/07/11 21:22:52 CET [2024/07/11 15:22:52 ET]
Table '3776746265 1' 3-max Seat #1 is the button
Seat 1: Roberto123580 (165 in chips) 
Seat 2: nel.freitas55 (1120 in chips) 
Seat 3: Mahu2021 (215 in chips) 
nel.freitas55: posts small blind 15
Mahu2021: posts big blind 30
*** HOLE CARDS ***
Dealt to Mahu2021 [Ac 7s]
Roberto123580: folds 
nel.freitas55: folds 
Uncalled bet (15) returned to Mahu2021
Mahu2021 collected 30 from pot
Mahu2021: doesn't show hand 
*** SUMMARY ***
Total pot 30 | Rake 0 
Seat 1: Roberto123580 (button) folded before Flop (didn't bet)
Seat 2: nel.freitas55 (small blind) folded before Flop
Seat 3: Mahu2021 (big blind) collected (30)



PokerStars Hand #251440509672: Tournament #3776746265, $1.84+$0.16 USD Hold'em No Limit - Level II (15/30) - 2024/07/11 21:22:59 CET [2024/07/11 15:22:59 ET]
Table '3776746265 1' 3-max Seat #2 is the button
Seat 1: Roberto123580 (165 in chips) 
Seat 2: nel.freitas55 (1105 in chips) 
Seat 3: Mahu2021 (230 in chips) 
Mahu2021: posts small blind 15
Roberto123580: posts big blind 30
*** HOLE CARDS ***
Dealt to Mahu2021 [4h 8c]
nel.freitas55: folds 
Mahu2021: folds 
Uncalled bet (15) returned to Roberto123580
Roberto123580 collected 30 from pot
Roberto123580: doesn't show hand 
*** SUMMARY ***
Total pot 30 | Rake 0 
Seat 1: Roberto123580 (big blind) collected (30)
Seat 2: nel.freitas55 (button) folded before Flop (didn't bet)
Seat 3: Mahu2021 (small blind) folded before Flop



PokerStars Hand #251440511289: Tournament #3776746265, $1.84+$0.16 USD Hold'em No Limit - Level II (15/30) - 2024/07/11 21:23:04 CET [2024/07/11 15:23:04 ET]
Table '3776746265 1' 3-max Seat #3 is the button
Seat 1: Roberto123580 (180 in chips) 
Seat 2: nel.freitas55 (1105 in chips) 
Seat 3: Mahu2021 (215 in chips) 
Roberto123580: posts small blind 15
nel.freitas55: posts big blind 30
*** HOLE CARDS ***
Dealt to Mahu2021 [2s Qd]
Mahu2021: folds 
Roberto123580: folds 
Uncalled bet (15) returned to nel.freitas55
nel.freitas55 collected 30 from pot
nel.freitas55: doesn't show hand 
*** SUMMARY ***
Total pot 30 | Rake 0 
Seat 1: Roberto123580 (small blind) folded before Flop
Seat 2: nel.freitas55 (big blind) collected (30)
Seat 3: Mahu2021 (button) folded before Flop (didn't bet)



PokerStars Hand #251440512969: Tournament #3776746265, $1.84+$0.16 USD Hold'em No Limit - Level II (15/30) - 2024/07/11 21:23:10 CET [2024/07/11 15:23:10 ET]
Table '3776746265 1' 3-max Seat #1 is the button
Seat 1: Roberto123580 (165 in chips) 
Seat 2: nel.freitas55 (1120 in chips) 
Seat 3: Mahu2021 (215 in chips) 
nel.freitas55: posts small blind 15
Mahu2021: posts big blind 30
*** HOLE CARDS ***
Dealt to Mahu2021 [9d Ad]
Roberto123580: raises 30 to 60
nel.freitas55: calls 45
Mahu2021: calls 30
*** FLOP *** [2h 3s 3c]
nel.freitas55: checks 
Mahu2021: bets 60
Roberto123580: calls 60
nel.freitas55: calls 60
*** TURN *** [2h 3s 3c] [5h]
nel.freitas55: checks 
Mahu2021: bets 95 and is all-in
Roberto123580: calls 45 and is all-in
nel.freitas55: folds 
Uncalled bet (50) returned to Mahu2021
*** RIVER *** [2h 3s 3c 5h] [Jc]
*** SHOW DOWN ***
Mahu2021: shows [9d Ad] (a pair of Threes)
Roberto123580: shows [Js 4s] (two pair, Jacks and Threes)
Roberto123580 collected 450 from pot
*** SUMMARY ***
Total pot 450 | Rake 0 
Board [2h 3s 3c 5h Jc]
Seat 1: Roberto123580 (button) showed [Js 4s] and won (450) with two pair, Jacks and Threes
Seat 2: nel.freitas55 (small blind) folded on the Turn
Seat 3: Mahu2021 (big blind) showed [9d Ad] and lost with a pair of Threes



PokerStars Hand #251440521188: Tournament #3776746265, $1.84+$0.16 USD Hold'em No Limit - Level II (15/30) - 2024/07/11 21:23:37 CET [2024/07/11 15:23:37 ET]
Table '3776746265 1' 3-max Seat #2 is the button
Seat 1: Roberto123580 (450 in chips) 
Seat 2: nel.freitas55 (1000 in chips) 
Seat 3: Mahu2021 (50 in chips) 
Mahu2021: posts small blind 15
Roberto123580: posts big blind 30
*** HOLE CARDS ***
Dealt to Mahu2021 [Tc 5s]
nel.freitas55: calls 30
Mahu2021: folds 
Roberto123580: raises 30 to 60
nel.freitas55: calls 30
*** FLOP *** [8h Td Ts]
Roberto123580: checks 
nel.freitas55: checks 
*** TURN *** [8h Td Ts] [3s]
Roberto123580: checks 
nel.freitas55: checks 
*** RIVER *** [8h Td Ts 3s] [Th]
Roberto123580: checks 
nel.freitas55: bets 30
Roberto123580: folds 
Uncalled bet (30) returned to nel.freitas55
nel.freitas55 collected 135 from pot
nel.freitas55: doesn't show hand 
*** SUMMARY ***
Total pot 135 | Rake 0 
Board [8h Td Ts 3s Th]
Seat 1: Roberto123580 (big blind) folded on the River
Seat 2: nel.freitas55 (button) collected (135)
Seat 3: Mahu2021 (small blind) folded before Flop



PokerStars Hand #251440529297: Tournament #3776746265, $1.84+$0.16 USD Hold'em No Limit - Level II (15/30) - 2024/07/11 21:24:04 CET [2024/07/11 15:24:04 ET]
Table '3776746265 1' 3-max Seat #3 is the button
Seat 1: Roberto123580 (390 in chips) 
Seat 2: nel.freitas55 (1075 in chips) 
Seat 3: Mahu2021 (35 in chips) 
Roberto123580: posts small blind 15
nel.freitas55: posts big blind 30
*** HOLE CARDS ***
Dealt to Mahu2021 [6c 3h]
Mahu2021: folds 
Roberto123580: folds 
Uncalled bet (15) returned to nel.freitas55
nel.freitas55 collected 30 from pot
nel.freitas55: doesn't show hand 
*** SUMMARY ***
Total pot 30 | Rake 0 
Seat 1: Roberto123580 (small blind) folded before Flop
Seat 2: nel.freitas55 (big blind) collected (30)
Seat 3: Mahu2021 (button) folded before Flop (didn't bet)



PokerStars Hand #251440530771: Tournament #3776746265, $1.84+$0.16 USD Hold'em No Limit - Level II (15/30) - 2024/07/11 21:24:09 CET [2024/07/11 15:24:09 ET]
Table '3776746265 1' 3-max Seat #1 is the button
Seat 1: Roberto123580 (375 in chips) 
Seat 2: nel.freitas55 (1090 in chips) 
Seat 3: Mahu2021 (35 in chips) 
nel.freitas55: posts small blind 15
Mahu2021: posts big blind 30
*** HOLE CARDS ***
Dealt to Mahu2021 [9c 4d]
Roberto123580: raises 30 to 60
nel.freitas55: folds 
Mahu2021: calls 5 and is all-in
Uncalled bet (25) returned to Roberto123580
*** FLOP *** [Ac Kd Jd]
*** TURN *** [Ac Kd Jd] [4c]
*** RIVER *** [Ac Kd Jd 4c] [Ts]
*** SHOW DOWN ***
Mahu2021: shows [9c 4d] (a pair of Fours)
Roberto123580: shows [5s Kc] (a pair of Kings)
Roberto123580 collected 85 from pot
Mahu2021 finished the tournament in 3rd place
*** SUMMARY ***
Total pot 85 | Rake 0 
Board [Ac Kd Jd 4c Ts]
Seat 1: Roberto123580 (button) showed [5s Kc] and won (85) with a pair of Kings
Seat 2: nel.freitas55 (small blind) folded before Flop
Seat 3: Mahu2021 (big blind) showed [9c 4d] and lost with a pair of Fours



