PokerStars Hand #250526189249: Tournament #3755052215, $1.84+$0.16 USD Hold'em No Limit - Level I (10/20) - 2024/05/16 11:11:11 CET [2024/05/16 5:11:11 ET]
Table '3755052215 1' 3-max Seat #1 is the button
Seat 1: Mahu2021 (500 in chips) 
Seat 2: Lowerhandz (500 in chips) 
Seat 3: Andremya90 (500 in chips) 
Lowerhandz: posts small blind 10
Andremya90: posts big blind 20
*** HOLE CARDS ***
Dealt to Mahu2021 [7c 2s]
Mahu2021: folds 
Lowerhandz: raises 30 to 50
Andremya90: calls 30
*** FLOP *** [5h 5c Qh]
Lowerhandz: bets 60
Andremya90: raises 220 to 280
Lowerhandz: raises 170 to 450 and is all-in
Andremya90: calls 170 and is all-in
*** TURN *** [5h 5c Qh] [4s]
*** RIVER *** [5h 5c Qh 4s] [3s]
*** SHOW DOWN ***
Lowerhandz: shows [As 2c] (a straight, Ace to Five)
Andremya90: shows [Kd Qd] (two pair, Queens and Fives)
Lowerhandz collected 1000 from pot
Andremya90 finished the tournament in 3rd place
*** SUMMARY ***
Total pot 1000 | Rake 0 
Board [5h 5c Qh 4s 3s]
Seat 1: Mahu2021 (button) folded before Flop (didn't bet)
Seat 2: Lowerhandz (small blind) showed [As 2c] and won (1000) with a straight, Ace to Five
Seat 3: Andremya90 (big blind) showed [Kd Qd] and lost with two pair, Queens and Fives



PokerStars Hand #250526192343: Tournament #3755052215, $1.84+$0.16 USD Hold'em No Limit - Level I (10/20) - 2024/05/16 11:11:38 CET [2024/05/16 5:11:38 ET]
Table '3755052215 1' 3-max Seat #2 is the button
Seat 1: Mahu2021 (500 in chips) 
Seat 2: Lowerhandz (1000 in chips) 
Lowerhandz: posts small blind 10
Mahu2021: posts big blind 20
*** HOLE CARDS ***
Dealt to Mahu2021 [Js 3s]
Lowerhandz: raises 40 to 60
Mahu2021: calls 40
*** FLOP *** [8h 9c Ad]
Mahu2021: checks 
Lowerhandz: bets 60
Mahu2021: folds 
Uncalled bet (60) returned to Lowerhandz
Lowerhandz collected 120 from pot
Lowerhandz: doesn't show hand 
*** SUMMARY ***
Total pot 120 | Rake 0 
Board [8h 9c Ad]
Seat 1: Mahu2021 (big blind) folded on the Flop
Seat 2: Lowerhandz (button) (small blind) collected (120)



PokerStars Hand #250526193976: Tournament #3755052215, $1.84+$0.16 USD Hold'em No Limit - Level I (10/20) - 2024/05/16 11:11:53 CET [2024/05/16 5:11:53 ET]
Table '3755052215 1' 3-max Seat #1 is the button
Seat 1: Mahu2021 (440 in chips) 
Seat 2: Lowerhandz (1060 in chips) 
Mahu2021: posts small blind 10
Lowerhandz: posts big blind 20
*** HOLE CARDS ***
Dealt to Mahu2021 [7c 5d]
Mahu2021: folds 
Uncalled bet (10) returned to Lowerhandz
Lowerhandz collected 20 from pot
Lowerhandz: doesn't show hand 
*** SUMMARY ***
Total pot 20 | Rake 0 
Seat 1: Mahu2021 (button) (small blind) folded before Flop
Seat 2: Lowerhandz (big blind) collected (20)



PokerStars Hand #250526194550: Tournament #3755052215, $1.84+$0.16 USD Hold'em No Limit - Level I (10/20) - 2024/05/16 11:11:58 CET [2024/05/16 5:11:58 ET]
Table '3755052215 1' 3-max Seat #2 is the button
Seat 1: Mahu2021 (430 in chips) 
Seat 2: Lowerhandz (1070 in chips) 
Lowerhandz: posts small blind 10
Mahu2021: posts big blind 20
*** HOLE CARDS ***
Dealt to Mahu2021 [Jd 3d]
Lowerhandz: raises 30 to 50
Mahu2021: calls 30
*** FLOP *** [4h 5s 4s]
Mahu2021: checks 
Lowerhandz: bets 80
Mahu2021: folds 
Uncalled bet (80) returned to Lowerhandz
Lowerhandz collected 100 from pot
Lowerhandz: doesn't show hand 
*** SUMMARY ***
Total pot 100 | Rake 0 
Board [4h 5s 4s]
Seat 1: Mahu2021 (big blind) folded on the Flop
Seat 2: Lowerhandz (button) (small blind) collected (100)



PokerStars Hand #250526196022: Tournament #3755052215, $1.84+$0.16 USD Hold'em No Limit - Level I (10/20) - 2024/05/16 11:12:10 CET [2024/05/16 5:12:10 ET]
Table '3755052215 1' 3-max Seat #1 is the button
Seat 1: Mahu2021 (380 in chips) 
Seat 2: Lowerhandz (1120 in chips) 
Mahu2021: posts small blind 10
Lowerhandz: posts big blind 20
*** HOLE CARDS ***
Dealt to Mahu2021 [9h 3h]
Mahu2021: folds 
Uncalled bet (10) returned to Lowerhandz
Lowerhandz collected 20 from pot
Lowerhandz: doesn't show hand 
*** SUMMARY ***
Total pot 20 | Rake 0 
Seat 1: Mahu2021 (button) (small blind) folded before Flop
Seat 2: Lowerhandz (big blind) collected (20)



PokerStars Hand #250526196516: Tournament #3755052215, $1.84+$0.16 USD Hold'em No Limit - Level I (10/20) - 2024/05/16 11:12:15 CET [2024/05/16 5:12:15 ET]
Table '3755052215 1' 3-max Seat #2 is the button
Seat 1: Mahu2021 (370 in chips) 
Seat 2: Lowerhandz (1130 in chips) 
Lowerhandz: posts small blind 10
Mahu2021: posts big blind 20
*** HOLE CARDS ***
Dealt to Mahu2021 [8c Qd]
Lowerhandz: folds 
Uncalled bet (10) returned to Mahu2021
Mahu2021 collected 20 from pot
Mahu2021: doesn't show hand 
*** SUMMARY ***
Total pot 20 | Rake 0 
Seat 1: Mahu2021 (big blind) collected (20)
Seat 2: Lowerhandz (button) (small blind) folded before Flop



PokerStars Hand #250526197559: Tournament #3755052215, $1.84+$0.16 USD Hold'em No Limit - Level I (10/20) - 2024/05/16 11:12:23 CET [2024/05/16 5:12:23 ET]
Table '3755052215 1' 3-max Seat #1 is the button
Seat 1: Mahu2021 (380 in chips) 
Seat 2: Lowerhandz (1120 in chips) 
Mahu2021: posts small blind 10
Lowerhandz: posts big blind 20
*** HOLE CARDS ***
Dealt to Mahu2021 [6h Jc]
Mahu2021: folds 
Uncalled bet (10) returned to Lowerhandz
Lowerhandz collected 20 from pot
Lowerhandz: doesn't show hand 
*** SUMMARY ***
Total pot 20 | Rake 0 
Seat 1: Mahu2021 (button) (small blind) folded before Flop
Seat 2: Lowerhandz (big blind) collected (20)



PokerStars Hand #250526198114: Tournament #3755052215, $1.84+$0.16 USD Hold'em No Limit - Level I (10/20) - 2024/05/16 11:12:28 CET [2024/05/16 5:12:28 ET]
Table '3755052215 1' 3-max Seat #2 is the button
Seat 1: Mahu2021 (370 in chips) 
Seat 2: Lowerhandz (1130 in chips) 
Lowerhandz: posts small blind 10
Mahu2021: posts big blind 20
*** HOLE CARDS ***
Dealt to Mahu2021 [Qd 5s]
Lowerhandz: folds 
Uncalled bet (10) returned to Mahu2021
Mahu2021 collected 20 from pot
Mahu2021: doesn't show hand 
*** SUMMARY ***
Total pot 20 | Rake 0 
Seat 1: Mahu2021 (big blind) collected (20)
Seat 2: Lowerhandz (button) (small blind) folded before Flop



PokerStars Hand #250526198824: Tournament #3755052215, $1.84+$0.16 USD Hold'em No Limit - Level I (10/20) - 2024/05/16 11:12:34 CET [2024/05/16 5:12:34 ET]
Table '3755052215 1' 3-max Seat #1 is the button
Seat 1: Mahu2021 (380 in chips) 
Seat 2: Lowerhandz (1120 in chips) 
Mahu2021: posts small blind 10
Lowerhandz: posts big blind 20
*** HOLE CARDS ***
Dealt to Mahu2021 [7h Qh]
Mahu2021: raises 40 to 60
Lowerhandz: folds 
Uncalled bet (40) returned to Mahu2021
Mahu2021 collected 40 from pot
Mahu2021: doesn't show hand 
*** SUMMARY ***
Total pot 40 | Rake 0 
Seat 1: Mahu2021 (button) (small blind) collected (40)
Seat 2: Lowerhandz (big blind) folded before Flop



PokerStars Hand #250526199941: Tournament #3755052215, $1.84+$0.16 USD Hold'em No Limit - Level I (10/20) - 2024/05/16 11:12:44 CET [2024/05/16 5:12:44 ET]
Table '3755052215 1' 3-max Seat #2 is the button
Seat 1: Mahu2021 (400 in chips) 
Seat 2: Lowerhandz (1100 in chips) 
Lowerhandz: posts small blind 10
Mahu2021: posts big blind 20
*** HOLE CARDS ***
Dealt to Mahu2021 [2s Tc]
Lowerhandz: folds 
Uncalled bet (10) returned to Mahu2021
Mahu2021 collected 20 from pot
Mahu2021: doesn't show hand 
*** SUMMARY ***
Total pot 20 | Rake 0 
Seat 1: Mahu2021 (big blind) collected (20)
Seat 2: Lowerhandz (button) (small blind) folded before Flop



PokerStars Hand #250526200869: Tournament #3755052215, $1.84+$0.16 USD Hold'em No Limit - Level I (10/20) - 2024/05/16 11:12:52 CET [2024/05/16 5:12:52 ET]
Table '3755052215 1' 3-max Seat #1 is the button
Seat 1: Mahu2021 (410 in chips) 
Seat 2: Lowerhandz (1090 in chips) 
Mahu2021: posts small blind 10
Lowerhandz: posts big blind 20
*** HOLE CARDS ***
Dealt to Mahu2021 [8c Qs]
Mahu2021: raises 20 to 40
Lowerhandz: folds 
Uncalled bet (20) returned to Mahu2021
Mahu2021 collected 40 from pot
Mahu2021: doesn't show hand 
*** SUMMARY ***
Total pot 40 | Rake 0 
Seat 1: Mahu2021 (button) (small blind) collected (40)
Seat 2: Lowerhandz (big blind) folded before Flop



PokerStars Hand #250526201961: Tournament #3755052215, $1.84+$0.16 USD Hold'em No Limit - Level I (10/20) - 2024/05/16 11:13:02 CET [2024/05/16 5:13:02 ET]
Table '3755052215 1' 3-max Seat #2 is the button
Seat 1: Mahu2021 (430 in chips) 
Seat 2: Lowerhandz (1070 in chips) 
Lowerhandz: posts small blind 10
Mahu2021: posts big blind 20
*** HOLE CARDS ***
Dealt to Mahu2021 [Ks 8h]
Lowerhandz: folds 
Uncalled bet (10) returned to Mahu2021
Mahu2021 collected 20 from pot
Mahu2021: doesn't show hand 
*** SUMMARY ***
Total pot 20 | Rake 0 
Seat 1: Mahu2021 (big blind) collected (20)
Seat 2: Lowerhandz (button) (small blind) folded before Flop



PokerStars Hand #250526202718: Tournament #3755052215, $1.84+$0.16 USD Hold'em No Limit - Level I (10/20) - 2024/05/16 11:13:08 CET [2024/05/16 5:13:08 ET]
Table '3755052215 1' 3-max Seat #1 is the button
Seat 1: Mahu2021 (440 in chips) 
Seat 2: Lowerhandz (1060 in chips) 
Mahu2021: posts small blind 10
Lowerhandz: posts big blind 20
*** HOLE CARDS ***
Dealt to Mahu2021 [9c 6s]
Mahu2021: folds 
Uncalled bet (10) returned to Lowerhandz
Lowerhandz collected 20 from pot
Lowerhandz: doesn't show hand 
*** SUMMARY ***
Total pot 20 | Rake 0 
Seat 1: Mahu2021 (button) (small blind) folded before Flop
Seat 2: Lowerhandz (big blind) collected (20)



PokerStars Hand #250526203236: Tournament #3755052215, $1.84+$0.16 USD Hold'em No Limit - Level I (10/20) - 2024/05/16 11:13:13 CET [2024/05/16 5:13:13 ET]
Table '3755052215 1' 3-max Seat #2 is the button
Seat 1: Mahu2021 (430 in chips) 
Seat 2: Lowerhandz (1070 in chips) 
Lowerhandz: posts small blind 10
Mahu2021: posts big blind 20
*** HOLE CARDS ***
Dealt to Mahu2021 [9s Td]
Lowerhandz: raises 40 to 60
Mahu2021: calls 40
*** FLOP *** [8s Jd 2d]
Mahu2021: checks 
Lowerhandz: bets 60
Mahu2021: raises 310 to 370 and is all-in
Lowerhandz: calls 310
*** TURN *** [8s Jd 2d] [7h]
*** RIVER *** [8s Jd 2d 7h] [5s]
*** SHOW DOWN ***
Mahu2021: shows [9s Td] (a straight, Seven to Jack)
Lowerhandz: shows [Ad Ac] (a pair of Aces)
Mahu2021 collected 860 from pot
*** SUMMARY ***
Total pot 860 | Rake 0 
Board [8s Jd 2d 7h 5s]
Seat 1: Mahu2021 (big blind) showed [9s Td] and won (860) with a straight, Seven to Jack
Seat 2: Lowerhandz (button) (small blind) showed [Ad Ac] and lost with a pair of Aces



PokerStars Hand #250526206545: Tournament #3755052215, $1.84+$0.16 USD Hold'em No Limit - Level I (10/20) - 2024/05/16 11:13:41 CET [2024/05/16 5:13:41 ET]
Table '3755052215 1' 3-max Seat #1 is the button
Seat 1: Mahu2021 (860 in chips) 
Seat 2: Lowerhandz (640 in chips) 
Mahu2021: posts small blind 10
Lowerhandz: posts big blind 20
*** HOLE CARDS ***
Dealt to Mahu2021 [7c Kd]
Mahu2021: raises 20 to 40
Lowerhandz: raises 40 to 80
Mahu2021: calls 40
*** FLOP *** [Ac 2s 3s]
Lowerhandz: bets 80
Mahu2021: folds 
Uncalled bet (80) returned to Lowerhandz
Lowerhandz collected 160 from pot
Lowerhandz: doesn't show hand 
*** SUMMARY ***
Total pot 160 | Rake 0 
Board [Ac 2s 3s]
Seat 1: Mahu2021 (button) (small blind) folded on the Flop
Seat 2: Lowerhandz (big blind) collected (160)



PokerStars Hand #250526208824: Tournament #3755052215, $1.84+$0.16 USD Hold'em No Limit - Level I (10/20) - 2024/05/16 11:14:00 CET [2024/05/16 5:14:00 ET]
Table '3755052215 1' 3-max Seat #2 is the button
Seat 1: Mahu2021 (780 in chips) 
Seat 2: Lowerhandz (720 in chips) 
Lowerhandz: posts small blind 10
Mahu2021: posts big blind 20
*** HOLE CARDS ***
Dealt to Mahu2021 [Kh 7c]
Lowerhandz: raises 20 to 40
Mahu2021: calls 20
*** FLOP *** [Jd 9h Qc]
Mahu2021: checks 
Lowerhandz: bets 60
Mahu2021: calls 60
*** TURN *** [Jd 9h Qc] [6c]
Mahu2021: checks 
Lowerhandz: checks 
*** RIVER *** [Jd 9h Qc 6c] [9c]
Mahu2021: checks 
Lowerhandz: bets 80
Mahu2021: raises 80 to 160
Lowerhandz: folds 
Uncalled bet (80) returned to Mahu2021
Mahu2021 collected 360 from pot
Mahu2021: doesn't show hand 
*** SUMMARY ***
Total pot 360 | Rake 0 
Board [Jd 9h Qc 6c 9c]
Seat 1: Mahu2021 (big blind) collected (360)
Seat 2: Lowerhandz (button) (small blind) folded on the River



PokerStars Hand #250526213792: Tournament #3755052215, $1.84+$0.16 USD Hold'em No Limit - Level II (15/30) - 2024/05/16 11:14:42 CET [2024/05/16 5:14:42 ET]
Table '3755052215 1' 3-max Seat #1 is the button
Seat 1: Mahu2021 (960 in chips) 
Seat 2: Lowerhandz (540 in chips) 
Mahu2021: posts small blind 15
Lowerhandz: posts big blind 30
*** HOLE CARDS ***
Dealt to Mahu2021 [8s Ah]
Mahu2021: raises 30 to 60
Lowerhandz: folds 
Uncalled bet (30) returned to Mahu2021
Mahu2021 collected 60 from pot
Mahu2021: doesn't show hand 
*** SUMMARY ***
Total pot 60 | Rake 0 
Seat 1: Mahu2021 (button) (small blind) collected (60)
Seat 2: Lowerhandz (big blind) folded before Flop



PokerStars Hand #250526214957: Tournament #3755052215, $1.84+$0.16 USD Hold'em No Limit - Level II (15/30) - 2024/05/16 11:14:53 CET [2024/05/16 5:14:53 ET]
Table '3755052215 1' 3-max Seat #2 is the button
Seat 1: Mahu2021 (990 in chips) 
Seat 2: Lowerhandz (510 in chips) 
Lowerhandz: posts small blind 15
Mahu2021: posts big blind 30
*** HOLE CARDS ***
Dealt to Mahu2021 [4c 9h]
Lowerhandz: raises 30 to 60
Mahu2021: folds 
Uncalled bet (30) returned to Lowerhandz
Lowerhandz collected 60 from pot
Lowerhandz: doesn't show hand 
*** SUMMARY ***
Total pot 60 | Rake 0 
Seat 1: Mahu2021 (big blind) folded before Flop
Seat 2: Lowerhandz (button) (small blind) collected (60)



PokerStars Hand #250526216021: Tournament #3755052215, $1.84+$0.16 USD Hold'em No Limit - Level II (15/30) - 2024/05/16 11:15:02 CET [2024/05/16 5:15:02 ET]
Table '3755052215 1' 3-max Seat #1 is the button
Seat 1: Mahu2021 (960 in chips) 
Seat 2: Lowerhandz (540 in chips) 
Mahu2021: posts small blind 15
Lowerhandz: posts big blind 30
*** HOLE CARDS ***
Dealt to Mahu2021 [9d Qc]
Mahu2021: raises 30 to 60
Lowerhandz: calls 30
*** FLOP *** [Td 2s 6s]
Lowerhandz: bets 60
Mahu2021: folds 
Uncalled bet (60) returned to Lowerhandz
Lowerhandz collected 120 from pot
Lowerhandz: doesn't show hand 
*** SUMMARY ***
Total pot 120 | Rake 0 
Board [Td 2s 6s]
Seat 1: Mahu2021 (button) (small blind) folded on the Flop
Seat 2: Lowerhandz (big blind) collected (120)



PokerStars Hand #250526217996: Tournament #3755052215, $1.84+$0.16 USD Hold'em No Limit - Level II (15/30) - 2024/05/16 11:15:19 CET [2024/05/16 5:15:19 ET]
Table '3755052215 1' 3-max Seat #2 is the button
Seat 1: Mahu2021 (900 in chips) 
Seat 2: Lowerhandz (600 in chips) 
Lowerhandz: posts small blind 15
Mahu2021: posts big blind 30
*** HOLE CARDS ***
Dealt to Mahu2021 [Th Jh]
Lowerhandz: folds 
Uncalled bet (15) returned to Mahu2021
Mahu2021 collected 30 from pot
Mahu2021: doesn't show hand 
*** SUMMARY ***
Total pot 30 | Rake 0 
Seat 1: Mahu2021 (big blind) collected (30)
Seat 2: Lowerhandz (button) (small blind) folded before Flop



PokerStars Hand #250526219084: Tournament #3755052215, $1.84+$0.16 USD Hold'em No Limit - Level II (15/30) - 2024/05/16 11:15:28 CET [2024/05/16 5:15:28 ET]
Table '3755052215 1' 3-max Seat #1 is the button
Seat 1: Mahu2021 (915 in chips) 
Seat 2: Lowerhandz (585 in chips) 
Mahu2021: posts small blind 15
Lowerhandz: posts big blind 30
*** HOLE CARDS ***
Dealt to Mahu2021 [9d Th]
Mahu2021: raises 30 to 60
Lowerhandz: calls 30
*** FLOP *** [5s 6s 7d]
Lowerhandz: bets 90
Mahu2021: calls 90
*** TURN *** [5s 6s 7d] [7c]
Lowerhandz: bets 435 and is all-in
Mahu2021: folds 
Uncalled bet (435) returned to Lowerhandz
Lowerhandz collected 300 from pot
Lowerhandz: doesn't show hand 
*** SUMMARY ***
Total pot 300 | Rake 0 
Board [5s 6s 7d 7c]
Seat 1: Mahu2021 (button) (small blind) folded on the Turn
Seat 2: Lowerhandz (big blind) collected (300)



PokerStars Hand #250526221468: Tournament #3755052215, $1.84+$0.16 USD Hold'em No Limit - Level II (15/30) - 2024/05/16 11:15:48 CET [2024/05/16 5:15:48 ET]
Table '3755052215 1' 3-max Seat #2 is the button
Seat 1: Mahu2021 (765 in chips) 
Seat 2: Lowerhandz (735 in chips) 
Lowerhandz: posts small blind 15
Mahu2021: posts big blind 30
*** HOLE CARDS ***
Dealt to Mahu2021 [8s 7d]
Lowerhandz: folds 
Uncalled bet (15) returned to Mahu2021
Mahu2021 collected 30 from pot
Mahu2021: doesn't show hand 
*** SUMMARY ***
Total pot 30 | Rake 0 
Seat 1: Mahu2021 (big blind) collected (30)
Seat 2: Lowerhandz (button) (small blind) folded before Flop



PokerStars Hand #250526222161: Tournament #3755052215, $1.84+$0.16 USD Hold'em No Limit - Level II (15/30) - 2024/05/16 11:15:54 CET [2024/05/16 5:15:54 ET]
Table '3755052215 1' 3-max Seat #1 is the button
Seat 1: Mahu2021 (780 in chips) 
Seat 2: Lowerhandz (720 in chips) 
Mahu2021: posts small blind 15
Lowerhandz: posts big blind 30
*** HOLE CARDS ***
Dealt to Mahu2021 [Th Kh]
Mahu2021: raises 30 to 60
Lowerhandz: raises 60 to 120
Mahu2021: calls 60
*** FLOP *** [4s 7d As]
Lowerhandz: bets 90
Mahu2021: folds 
Uncalled bet (90) returned to Lowerhandz
Lowerhandz collected 240 from pot
Lowerhandz: doesn't show hand 
*** SUMMARY ***
Total pot 240 | Rake 0 
Board [4s 7d As]
Seat 1: Mahu2021 (button) (small blind) folded on the Flop
Seat 2: Lowerhandz (big blind) collected (240)



PokerStars Hand #250526224203: Tournament #3755052215, $1.84+$0.16 USD Hold'em No Limit - Level II (15/30) - 2024/05/16 11:16:11 CET [2024/05/16 5:16:11 ET]
Table '3755052215 1' 3-max Seat #2 is the button
Seat 1: Mahu2021 (660 in chips) 
Seat 2: Lowerhandz (840 in chips) 
Lowerhandz: posts small blind 15
Mahu2021: posts big blind 30
*** HOLE CARDS ***
Dealt to Mahu2021 [4c Ts]
Lowerhandz has timed out
Lowerhandz: folds 
Lowerhandz is sitting out
Uncalled bet (15) returned to Mahu2021
Mahu2021 collected 30 from pot
Mahu2021: doesn't show hand 
*** SUMMARY ***
Total pot 30 | Rake 0 
Seat 1: Mahu2021 (big blind) collected (30)
Seat 2: Lowerhandz (button) (small blind) folded before Flop



PokerStars Hand #250526227159: Tournament #3755052215, $1.84+$0.16 USD Hold'em No Limit - Level II (15/30) - 2024/05/16 11:16:37 CET [2024/05/16 5:16:37 ET]
Table '3755052215 1' 3-max Seat #1 is the button
Seat 1: Mahu2021 (675 in chips) 
Seat 2: Lowerhandz (825 in chips) is sitting out
Mahu2021: posts small blind 15
Lowerhandz: posts big blind 30
*** HOLE CARDS ***
Dealt to Mahu2021 [6s 9c]
Mahu2021: raises 30 to 60
Lowerhandz: folds 
Uncalled bet (30) returned to Mahu2021
Mahu2021 collected 60 from pot
Mahu2021: doesn't show hand 
*** SUMMARY ***
Total pot 60 | Rake 0 
Seat 1: Mahu2021 (button) (small blind) collected (60)
Seat 2: Lowerhandz (big blind) folded before Flop



PokerStars Hand #250526227668: Tournament #3755052215, $1.84+$0.16 USD Hold'em No Limit - Level II (15/30) - 2024/05/16 11:16:41 CET [2024/05/16 5:16:41 ET]
Table '3755052215 1' 3-max Seat #2 is the button
Seat 1: Mahu2021 (705 in chips) 
Seat 2: Lowerhandz (795 in chips) is sitting out
Lowerhandz: posts small blind 15
Mahu2021: posts big blind 30
*** HOLE CARDS ***
Dealt to Mahu2021 [3h 4d]
Lowerhandz: folds 
Uncalled bet (15) returned to Mahu2021
Mahu2021 collected 30 from pot
Mahu2021: doesn't show hand 
*** SUMMARY ***
Total pot 30 | Rake 0 
Seat 1: Mahu2021 (big blind) collected (30)
Seat 2: Lowerhandz (button) (small blind) folded before Flop



PokerStars Hand #250526227873: Tournament #3755052215, $1.84+$0.16 USD Hold'em No Limit - Level II (15/30) - 2024/05/16 11:16:43 CET [2024/05/16 5:16:43 ET]
Table '3755052215 1' 3-max Seat #1 is the button
Seat 1: Mahu2021 (720 in chips) 
Seat 2: Lowerhandz (780 in chips) is sitting out
Mahu2021: posts small blind 15
Lowerhandz: posts big blind 30
*** HOLE CARDS ***
Dealt to Mahu2021 [4d 8h]
Mahu2021: raises 30 to 60
Lowerhandz: folds 
Uncalled bet (30) returned to Mahu2021
Mahu2021 collected 60 from pot
Mahu2021: doesn't show hand 
*** SUMMARY ***
Total pot 60 | Rake 0 
Seat 1: Mahu2021 (button) (small blind) collected (60)
Seat 2: Lowerhandz (big blind) folded before Flop



PokerStars Hand #250526228395: Tournament #3755052215, $1.84+$0.16 USD Hold'em No Limit - Level II (15/30) - 2024/05/16 11:16:47 CET [2024/05/16 5:16:47 ET]
Table '3755052215 1' 3-max Seat #2 is the button
Seat 1: Mahu2021 (750 in chips) 
Seat 2: Lowerhandz (750 in chips) is sitting out
Lowerhandz: posts small blind 15
Mahu2021: posts big blind 30
*** HOLE CARDS ***
Dealt to Mahu2021 [As 6c]
Lowerhandz: folds 
Uncalled bet (15) returned to Mahu2021
Mahu2021 collected 30 from pot
Lowerhandz is disconnected 
Mahu2021: doesn't show hand 
*** SUMMARY ***
Total pot 30 | Rake 0 
Seat 1: Mahu2021 (big blind) collected (30)
Seat 2: Lowerhandz (button) (small blind) folded before Flop



PokerStars Hand #250526228599: Tournament #3755052215, $1.84+$0.16 USD Hold'em No Limit - Level II (15/30) - 2024/05/16 11:16:49 CET [2024/05/16 5:16:49 ET]
Table '3755052215 1' 3-max Seat #1 is the button
Seat 1: Mahu2021 (765 in chips) 
Seat 2: Lowerhandz (735 in chips) is sitting out
Mahu2021: posts small blind 15
Lowerhandz: posts big blind 30
*** HOLE CARDS ***
Dealt to Mahu2021 [Jc 4h]
Mahu2021: raises 30 to 60
Lowerhandz: folds 
Uncalled bet (30) returned to Mahu2021
Mahu2021 collected 60 from pot
Mahu2021: doesn't show hand 
*** SUMMARY ***
Total pot 60 | Rake 0 
Seat 1: Mahu2021 (button) (small blind) collected (60)
Seat 2: Lowerhandz (big blind) folded before Flop



PokerStars Hand #250526229091: Tournament #3755052215, $1.84+$0.16 USD Hold'em No Limit - Level II (15/30) - 2024/05/16 11:16:53 CET [2024/05/16 5:16:53 ET]
Table '3755052215 1' 3-max Seat #2 is the button
Seat 1: Mahu2021 (795 in chips) 
Seat 2: Lowerhandz (705 in chips) is sitting out
Lowerhandz: posts small blind 15
Mahu2021: posts big blind 30
*** HOLE CARDS ***
Dealt to Mahu2021 [9h 4c]
Lowerhandz: folds 
Uncalled bet (15) returned to Mahu2021
Mahu2021 collected 30 from pot
Mahu2021: doesn't show hand 
*** SUMMARY ***
Total pot 30 | Rake 0 
Seat 1: Mahu2021 (big blind) collected (30)
Seat 2: Lowerhandz (button) (small blind) folded before Flop



PokerStars Hand #250526229289: Tournament #3755052215, $1.84+$0.16 USD Hold'em No Limit - Level II (15/30) - 2024/05/16 11:16:55 CET [2024/05/16 5:16:55 ET]
Table '3755052215 1' 3-max Seat #1 is the button
Seat 1: Mahu2021 (810 in chips) 
Seat 2: Lowerhandz (690 in chips) is sitting out
Mahu2021: posts small blind 15
Lowerhandz: posts big blind 30
*** HOLE CARDS ***
Dealt to Mahu2021 [8s 4s]
Mahu2021: raises 30 to 60
Lowerhandz: folds 
Uncalled bet (30) returned to Mahu2021
Mahu2021 collected 60 from pot
Mahu2021: doesn't show hand 
*** SUMMARY ***
Total pot 60 | Rake 0 
Seat 1: Mahu2021 (button) (small blind) collected (60)
Seat 2: Lowerhandz (big blind) folded before Flop



PokerStars Hand #250526229772: Tournament #3755052215, $1.84+$0.16 USD Hold'em No Limit - Level II (15/30) - 2024/05/16 11:16:59 CET [2024/05/16 5:16:59 ET]
Table '3755052215 1' 3-max Seat #2 is the button
Seat 1: Mahu2021 (840 in chips) 
Seat 2: Lowerhandz (660 in chips) is sitting out
Lowerhandz: posts small blind 15
Mahu2021: posts big blind 30
*** HOLE CARDS ***
Dealt to Mahu2021 [9h 6c]
Lowerhandz: folds 
Uncalled bet (15) returned to Mahu2021
Mahu2021 collected 30 from pot
Mahu2021: doesn't show hand 
*** SUMMARY ***
Total pot 30 | Rake 0 
Seat 1: Mahu2021 (big blind) collected (30)
Seat 2: Lowerhandz (button) (small blind) folded before Flop



PokerStars Hand #250526230000: Tournament #3755052215, $1.84+$0.16 USD Hold'em No Limit - Level II (15/30) - 2024/05/16 11:17:01 CET [2024/05/16 5:17:01 ET]
Table '3755052215 1' 3-max Seat #1 is the button
Seat 1: Mahu2021 (855 in chips) 
Seat 2: Lowerhandz (645 in chips) is sitting out
Mahu2021: posts small blind 15
Lowerhandz: posts big blind 30
*** HOLE CARDS ***
Dealt to Mahu2021 [3h Kc]
Mahu2021: raises 30 to 60
Lowerhandz: folds 
Uncalled bet (30) returned to Mahu2021
Mahu2021 collected 60 from pot
Mahu2021: doesn't show hand 
*** SUMMARY ***
Total pot 60 | Rake 0 
Seat 1: Mahu2021 (button) (small blind) collected (60)
Seat 2: Lowerhandz (big blind) folded before Flop



PokerStars Hand #250526230473: Tournament #3755052215, $1.84+$0.16 USD Hold'em No Limit - Level II (15/30) - 2024/05/16 11:17:05 CET [2024/05/16 5:17:05 ET]
Table '3755052215 1' 3-max Seat #2 is the button
Seat 1: Mahu2021 (885 in chips) 
Seat 2: Lowerhandz (615 in chips) is sitting out
Lowerhandz: posts small blind 15
Mahu2021: posts big blind 30
*** HOLE CARDS ***
Dealt to Mahu2021 [2h 6d]
Lowerhandz: folds 
Uncalled bet (15) returned to Mahu2021
Mahu2021 collected 30 from pot
Mahu2021: doesn't show hand 
*** SUMMARY ***
Total pot 30 | Rake 0 
Seat 1: Mahu2021 (big blind) collected (30)
Seat 2: Lowerhandz (button) (small blind) folded before Flop



PokerStars Hand #250526230697: Tournament #3755052215, $1.84+$0.16 USD Hold'em No Limit - Level II (15/30) - 2024/05/16 11:17:07 CET [2024/05/16 5:17:07 ET]
Table '3755052215 1' 3-max Seat #1 is the button
Seat 1: Mahu2021 (900 in chips) 
Seat 2: Lowerhandz (600 in chips) is sitting out
Mahu2021: posts small blind 15
Lowerhandz: posts big blind 30
*** HOLE CARDS ***
Dealt to Mahu2021 [Qc Kd]
Lowerhandz is disconnected 
Lowerhandz has returned
Mahu2021: raises 30 to 60
Lowerhandz is disconnected 
Lowerhandz is connected 
Lowerhandz is disconnected 
Lowerhandz is connected 
Lowerhandz has timed out
Lowerhandz: folds 
Lowerhandz is sitting out
Uncalled bet (30) returned to Mahu2021
Mahu2021 collected 60 from pot
Mahu2021: doesn't show hand 
*** SUMMARY ***
Total pot 60 | Rake 0 
Seat 1: Mahu2021 (button) (small blind) collected (60)
Seat 2: Lowerhandz (big blind) folded before Flop



PokerStars Hand #250526233148: Tournament #3755052215, $1.84+$0.16 USD Hold'em No Limit - Level III (20/40) - 2024/05/16 11:17:28 CET [2024/05/16 5:17:28 ET]
Table '3755052215 1' 3-max Seat #2 is the button
Seat 1: Mahu2021 (930 in chips) 
Seat 2: Lowerhandz (570 in chips) 
Lowerhandz: posts small blind 20
Mahu2021: posts big blind 40
*** HOLE CARDS ***
Dealt to Mahu2021 [7s Kh]
Lowerhandz: calls 20
Mahu2021: raises 890 to 930 and is all-in
Lowerhandz: folds 
Uncalled bet (890) returned to Mahu2021
Mahu2021 collected 80 from pot
Mahu2021: doesn't show hand 
*** SUMMARY ***
Total pot 80 | Rake 0 
Seat 1: Mahu2021 (big blind) collected (80)
Seat 2: Lowerhandz (button) (small blind) folded before Flop



PokerStars Hand #250526234130: Tournament #3755052215, $1.84+$0.16 USD Hold'em No Limit - Level III (20/40) - 2024/05/16 11:17:37 CET [2024/05/16 5:17:37 ET]
Table '3755052215 1' 3-max Seat #1 is the button
Seat 1: Mahu2021 (970 in chips) 
Seat 2: Lowerhandz (530 in chips) 
Mahu2021: posts small blind 20
Lowerhandz: posts big blind 40
*** HOLE CARDS ***
Dealt to Mahu2021 [2s 3c]
Mahu2021: folds 
Uncalled bet (20) returned to Lowerhandz
Lowerhandz collected 40 from pot
Lowerhandz: doesn't show hand 
*** SUMMARY ***
Total pot 40 | Rake 0 
Seat 1: Mahu2021 (button) (small blind) folded before Flop
Seat 2: Lowerhandz (big blind) collected (40)



PokerStars Hand #250526234625: Tournament #3755052215, $1.84+$0.16 USD Hold'em No Limit - Level III (20/40) - 2024/05/16 11:17:42 CET [2024/05/16 5:17:42 ET]
Table '3755052215 1' 3-max Seat #2 is the button
Seat 1: Mahu2021 (950 in chips) 
Seat 2: Lowerhandz (550 in chips) 
Lowerhandz: posts small blind 20
Mahu2021: posts big blind 40
*** HOLE CARDS ***
Dealt to Mahu2021 [Js 9c]
Lowerhandz: raises 510 to 550 and is all-in
Mahu2021: folds 
Uncalled bet (510) returned to Lowerhandz
Lowerhandz collected 80 from pot
Lowerhandz: doesn't show hand 
*** SUMMARY ***
Total pot 80 | Rake 0 
Seat 1: Mahu2021 (big blind) folded before Flop
Seat 2: Lowerhandz (button) (small blind) collected (80)



PokerStars Hand #250526235576: Tournament #3755052215, $1.84+$0.16 USD Hold'em No Limit - Level III (20/40) - 2024/05/16 11:17:50 CET [2024/05/16 5:17:50 ET]
Table '3755052215 1' 3-max Seat #1 is the button
Seat 1: Mahu2021 (910 in chips) 
Seat 2: Lowerhandz (590 in chips) 
Mahu2021: posts small blind 20
Lowerhandz: posts big blind 40
*** HOLE CARDS ***
Dealt to Mahu2021 [2c 9h]
Mahu2021: folds 
Uncalled bet (20) returned to Lowerhandz
Lowerhandz collected 40 from pot
Lowerhandz: doesn't show hand 
*** SUMMARY ***
Total pot 40 | Rake 0 
Seat 1: Mahu2021 (button) (small blind) folded before Flop
Seat 2: Lowerhandz (big blind) collected (40)



PokerStars Hand #250526236127: Tournament #3755052215, $1.84+$0.16 USD Hold'em No Limit - Level III (20/40) - 2024/05/16 11:17:54 CET [2024/05/16 5:17:54 ET]
Table '3755052215 1' 3-max Seat #2 is the button
Seat 1: Mahu2021 (890 in chips) 
Seat 2: Lowerhandz (610 in chips) 
Lowerhandz: posts small blind 20
Mahu2021: posts big blind 40
*** HOLE CARDS ***
Dealt to Mahu2021 [6h 2d]
Lowerhandz: raises 80 to 120
Mahu2021: folds 
Uncalled bet (80) returned to Lowerhandz
Lowerhandz collected 80 from pot
Lowerhandz: doesn't show hand 
*** SUMMARY ***
Total pot 80 | Rake 0 
Seat 1: Mahu2021 (big blind) folded before Flop
Seat 2: Lowerhandz (button) (small blind) collected (80)



PokerStars Hand #250526236941: Tournament #3755052215, $1.84+$0.16 USD Hold'em No Limit - Level III (20/40) - 2024/05/16 11:18:01 CET [2024/05/16 5:18:01 ET]
Table '3755052215 1' 3-max Seat #1 is the button
Seat 1: Mahu2021 (850 in chips) 
Seat 2: Lowerhandz (650 in chips) 
Mahu2021: posts small blind 20
Lowerhandz: posts big blind 40
*** HOLE CARDS ***
Dealt to Mahu2021 [2s 6c]
Mahu2021: folds 
Uncalled bet (20) returned to Lowerhandz
Lowerhandz collected 40 from pot
Lowerhandz: doesn't show hand 
*** SUMMARY ***
Total pot 40 | Rake 0 
Seat 1: Mahu2021 (button) (small blind) folded before Flop
Seat 2: Lowerhandz (big blind) collected (40)



PokerStars Hand #250526237463: Tournament #3755052215, $1.84+$0.16 USD Hold'em No Limit - Level III (20/40) - 2024/05/16 11:18:06 CET [2024/05/16 5:18:06 ET]
Table '3755052215 1' 3-max Seat #2 is the button
Seat 1: Mahu2021 (830 in chips) 
Seat 2: Lowerhandz (670 in chips) 
Lowerhandz: posts small blind 20
Mahu2021: posts big blind 40
*** HOLE CARDS ***
Dealt to Mahu2021 [Ts 7s]
Lowerhandz: folds 
Uncalled bet (20) returned to Mahu2021
Mahu2021 collected 40 from pot
Mahu2021: doesn't show hand 
*** SUMMARY ***
Total pot 40 | Rake 0 
Seat 1: Mahu2021 (big blind) collected (40)
Seat 2: Lowerhandz (button) (small blind) folded before Flop



PokerStars Hand #250526238102: Tournament #3755052215, $1.84+$0.16 USD Hold'em No Limit - Level III (20/40) - 2024/05/16 11:18:11 CET [2024/05/16 5:18:11 ET]
Table '3755052215 1' 3-max Seat #1 is the button
Seat 1: Mahu2021 (850 in chips) 
Seat 2: Lowerhandz (650 in chips) 
Mahu2021: posts small blind 20
Lowerhandz: posts big blind 40
*** HOLE CARDS ***
Dealt to Mahu2021 [7c Kh]
Mahu2021: raises 40 to 80
Lowerhandz: folds 
Uncalled bet (40) returned to Mahu2021
Mahu2021 collected 80 from pot
Mahu2021: doesn't show hand 
*** SUMMARY ***
Total pot 80 | Rake 0 
Seat 1: Mahu2021 (button) (small blind) collected (80)
Seat 2: Lowerhandz (big blind) folded before Flop



PokerStars Hand #250526239019: Tournament #3755052215, $1.84+$0.16 USD Hold'em No Limit - Level III (20/40) - 2024/05/16 11:18:19 CET [2024/05/16 5:18:19 ET]
Table '3755052215 1' 3-max Seat #2 is the button
Seat 1: Mahu2021 (890 in chips) 
Seat 2: Lowerhandz (610 in chips) 
Lowerhandz: posts small blind 20
Mahu2021: posts big blind 40
*** HOLE CARDS ***
Dealt to Mahu2021 [Ah Kc]
Lowerhandz: raises 40 to 80
Mahu2021: raises 810 to 890 and is all-in
Lowerhandz: folds 
Uncalled bet (810) returned to Mahu2021
Mahu2021 collected 160 from pot
Mahu2021: doesn't show hand 
*** SUMMARY ***
Total pot 160 | Rake 0 
Seat 1: Mahu2021 (big blind) collected (160)
Seat 2: Lowerhandz (button) (small blind) folded before Flop



PokerStars Hand #250526240226: Tournament #3755052215, $1.84+$0.16 USD Hold'em No Limit - Level III (20/40) - 2024/05/16 11:18:30 CET [2024/05/16 5:18:30 ET]
Table '3755052215 1' 3-max Seat #1 is the button
Seat 1: Mahu2021 (970 in chips) 
Seat 2: Lowerhandz (530 in chips) 
Mahu2021: posts small blind 20
Lowerhandz: posts big blind 40
*** HOLE CARDS ***
Dealt to Mahu2021 [Jh Ac]
Mahu2021: raises 40 to 80
Lowerhandz: raises 40 to 120
Mahu2021: raises 850 to 970 and is all-in
Lowerhandz: folds 
Uncalled bet (850) returned to Mahu2021
Mahu2021 collected 240 from pot
Mahu2021: doesn't show hand 
*** SUMMARY ***
Total pot 240 | Rake 0 
Seat 1: Mahu2021 (button) (small blind) collected (240)
Seat 2: Lowerhandz (big blind) folded before Flop



PokerStars Hand #250526241871: Tournament #3755052215, $1.84+$0.16 USD Hold'em No Limit - Level III (20/40) - 2024/05/16 11:18:44 CET [2024/05/16 5:18:44 ET]
Table '3755052215 1' 3-max Seat #2 is the button
Seat 1: Mahu2021 (1090 in chips) 
Seat 2: Lowerhandz (410 in chips) 
Lowerhandz: posts small blind 20
Mahu2021: posts big blind 40
*** HOLE CARDS ***
Dealt to Mahu2021 [5d 3s]
Lowerhandz: raises 370 to 410 and is all-in
Mahu2021: folds 
Uncalled bet (370) returned to Lowerhandz
Lowerhandz collected 80 from pot
Lowerhandz: doesn't show hand 
*** SUMMARY ***
Total pot 80 | Rake 0 
Seat 1: Mahu2021 (big blind) folded before Flop
Seat 2: Lowerhandz (button) (small blind) collected (80)



PokerStars Hand #250526242660: Tournament #3755052215, $1.84+$0.16 USD Hold'em No Limit - Level III (20/40) - 2024/05/16 11:18:51 CET [2024/05/16 5:18:51 ET]
Table '3755052215 1' 3-max Seat #1 is the button
Seat 1: Mahu2021 (1050 in chips) 
Seat 2: Lowerhandz (450 in chips) 
Mahu2021: posts small blind 20
Lowerhandz: posts big blind 40
*** HOLE CARDS ***
Dealt to Mahu2021 [5c 3h]
Mahu2021: folds 
Uncalled bet (20) returned to Lowerhandz
Lowerhandz collected 40 from pot
Lowerhandz: doesn't show hand 
*** SUMMARY ***
Total pot 40 | Rake 0 
Seat 1: Mahu2021 (button) (small blind) folded before Flop
Seat 2: Lowerhandz (big blind) collected (40)



PokerStars Hand #250526243237: Tournament #3755052215, $1.84+$0.16 USD Hold'em No Limit - Level III (20/40) - 2024/05/16 11:18:55 CET [2024/05/16 5:18:55 ET]
Table '3755052215 1' 3-max Seat #2 is the button
Seat 1: Mahu2021 (1030 in chips) 
Seat 2: Lowerhandz (470 in chips) 
Lowerhandz: posts small blind 20
Mahu2021: posts big blind 40
*** HOLE CARDS ***
Dealt to Mahu2021 [9s Ad]
Lowerhandz: calls 20
Mahu2021: raises 120 to 160
Lowerhandz: folds 
Uncalled bet (120) returned to Mahu2021
Mahu2021 collected 80 from pot
Mahu2021: doesn't show hand 
*** SUMMARY ***
Total pot 80 | Rake 0 
Seat 1: Mahu2021 (big blind) collected (80)
Seat 2: Lowerhandz (button) (small blind) folded before Flop



PokerStars Hand #250526244719: Tournament #3755052215, $1.84+$0.16 USD Hold'em No Limit - Level III (20/40) - 2024/05/16 11:19:08 CET [2024/05/16 5:19:08 ET]
Table '3755052215 1' 3-max Seat #1 is the button
Seat 1: Mahu2021 (1070 in chips) 
Seat 2: Lowerhandz (430 in chips) 
Mahu2021: posts small blind 20
Lowerhandz: posts big blind 40
*** HOLE CARDS ***
Dealt to Mahu2021 [2c Kh]
Mahu2021: raises 40 to 80
Lowerhandz: raises 350 to 430 and is all-in
Mahu2021: folds 
Uncalled bet (350) returned to Lowerhandz
Lowerhandz collected 160 from pot
Lowerhandz: doesn't show hand 
*** SUMMARY ***
Total pot 160 | Rake 0 
Seat 1: Mahu2021 (button) (small blind) folded before Flop
Seat 2: Lowerhandz (big blind) collected (160)



PokerStars Hand #250526245745: Tournament #3755052215, $1.84+$0.16 USD Hold'em No Limit - Level III (20/40) - 2024/05/16 11:19:17 CET [2024/05/16 5:19:17 ET]
Table '3755052215 1' 3-max Seat #2 is the button
Seat 1: Mahu2021 (990 in chips) 
Seat 2: Lowerhandz (510 in chips) 
Lowerhandz: posts small blind 20
Mahu2021: posts big blind 40
*** HOLE CARDS ***
Dealt to Mahu2021 [2d 5s]
Lowerhandz: raises 470 to 510 and is all-in
Mahu2021: folds 
Uncalled bet (470) returned to Lowerhandz
Lowerhandz collected 80 from pot
Lowerhandz: doesn't show hand 
*** SUMMARY ***
Total pot 80 | Rake 0 
Seat 1: Mahu2021 (big blind) folded before Flop
Seat 2: Lowerhandz (button) (small blind) collected (80)



PokerStars Hand #250526246383: Tournament #3755052215, $1.84+$0.16 USD Hold'em No Limit - Level III (20/40) - 2024/05/16 11:19:22 CET [2024/05/16 5:19:22 ET]
Table '3755052215 1' 3-max Seat #1 is the button
Seat 1: Mahu2021 (950 in chips) 
Seat 2: Lowerhandz (550 in chips) 
Mahu2021: posts small blind 20
Lowerhandz: posts big blind 40
*** HOLE CARDS ***
Dealt to Mahu2021 [8d 7s]
Mahu2021: raises 40 to 80
Lowerhandz: raises 470 to 550 and is all-in
Mahu2021: folds 
Uncalled bet (470) returned to Lowerhandz
Lowerhandz collected 160 from pot
Lowerhandz: doesn't show hand 
*** SUMMARY ***
Total pot 160 | Rake 0 
Seat 1: Mahu2021 (button) (small blind) folded before Flop
Seat 2: Lowerhandz (big blind) collected (160)



PokerStars Hand #250526247341: Tournament #3755052215, $1.84+$0.16 USD Hold'em No Limit - Level III (20/40) - 2024/05/16 11:19:30 CET [2024/05/16 5:19:30 ET]
Table '3755052215 1' 3-max Seat #2 is the button
Seat 1: Mahu2021 (870 in chips) 
Seat 2: Lowerhandz (630 in chips) 
Lowerhandz: posts small blind 20
Mahu2021: posts big blind 40
*** HOLE CARDS ***
Dealt to Mahu2021 [8s Td]
Lowerhandz: folds 
Uncalled bet (20) returned to Mahu2021
Mahu2021 collected 40 from pot
Mahu2021: doesn't show hand 
*** SUMMARY ***
Total pot 40 | Rake 0 
Seat 1: Mahu2021 (big blind) collected (40)
Seat 2: Lowerhandz (button) (small blind) folded before Flop



PokerStars Hand #250526248040: Tournament #3755052215, $1.84+$0.16 USD Hold'em No Limit - Level III (20/40) - 2024/05/16 11:19:36 CET [2024/05/16 5:19:36 ET]
Table '3755052215 1' 3-max Seat #1 is the button
Seat 1: Mahu2021 (890 in chips) 
Seat 2: Lowerhandz (610 in chips) 
Mahu2021: posts small blind 20
Lowerhandz: posts big blind 40
*** HOLE CARDS ***
Dealt to Mahu2021 [2d Kh]
Mahu2021: folds 
Uncalled bet (20) returned to Lowerhandz
Lowerhandz collected 40 from pot
Lowerhandz: doesn't show hand 
*** SUMMARY ***
Total pot 40 | Rake 0 
Seat 1: Mahu2021 (button) (small blind) folded before Flop
Seat 2: Lowerhandz (big blind) collected (40)



PokerStars Hand #250526248708: Tournament #3755052215, $1.84+$0.16 USD Hold'em No Limit - Level III (20/40) - 2024/05/16 11:19:42 CET [2024/05/16 5:19:42 ET]
Table '3755052215 1' 3-max Seat #2 is the button
Seat 1: Mahu2021 (870 in chips) 
Seat 2: Lowerhandz (630 in chips) 
Lowerhandz: posts small blind 20
Mahu2021: posts big blind 40
*** HOLE CARDS ***
Dealt to Mahu2021 [5h 8d]
Lowerhandz: raises 590 to 630 and is all-in
Mahu2021: folds 
Uncalled bet (590) returned to Lowerhandz
Lowerhandz collected 80 from pot
Lowerhandz: doesn't show hand 
*** SUMMARY ***
Total pot 80 | Rake 0 
Seat 1: Mahu2021 (big blind) folded before Flop
Seat 2: Lowerhandz (button) (small blind) collected (80)



PokerStars Hand #250526249658: Tournament #3755052215, $1.84+$0.16 USD Hold'em No Limit - Level III (20/40) - 2024/05/16 11:19:50 CET [2024/05/16 5:19:50 ET]
Table '3755052215 1' 3-max Seat #1 is the button
Seat 1: Mahu2021 (830 in chips) 
Seat 2: Lowerhandz (670 in chips) 
Mahu2021: posts small blind 20
Lowerhandz: posts big blind 40
*** HOLE CARDS ***
Dealt to Mahu2021 [Ac 4s]
Mahu2021: raises 40 to 80
Lowerhandz: folds 
Uncalled bet (40) returned to Mahu2021
Mahu2021 collected 80 from pot
Mahu2021: doesn't show hand 
*** SUMMARY ***
Total pot 80 | Rake 0 
Seat 1: Mahu2021 (button) (small blind) collected (80)
Seat 2: Lowerhandz (big blind) folded before Flop



PokerStars Hand #250526250515: Tournament #3755052215, $1.84+$0.16 USD Hold'em No Limit - Level III (20/40) - 2024/05/16 11:19:57 CET [2024/05/16 5:19:57 ET]
Table '3755052215 1' 3-max Seat #2 is the button
Seat 1: Mahu2021 (870 in chips) 
Seat 2: Lowerhandz (630 in chips) 
Lowerhandz: posts small blind 20
Mahu2021: posts big blind 40
*** HOLE CARDS ***
Dealt to Mahu2021 [Ts Qs]
Lowerhandz: folds 
Uncalled bet (20) returned to Mahu2021
Mahu2021 collected 40 from pot
Mahu2021: doesn't show hand 
*** SUMMARY ***
Total pot 40 | Rake 0 
Seat 1: Mahu2021 (big blind) collected (40)
Seat 2: Lowerhandz (button) (small blind) folded before Flop



PokerStars Hand #250526251130: Tournament #3755052215, $1.84+$0.16 USD Hold'em No Limit - Level III (20/40) - 2024/05/16 11:20:03 CET [2024/05/16 5:20:03 ET]
Table '3755052215 1' 3-max Seat #1 is the button
Seat 1: Mahu2021 (890 in chips) 
Seat 2: Lowerhandz (610 in chips) 
Mahu2021: posts small blind 20
Lowerhandz: posts big blind 40
*** HOLE CARDS ***
Dealt to Mahu2021 [Ks 3d]
Mahu2021: raises 40 to 80
Lowerhandz: folds 
Uncalled bet (40) returned to Mahu2021
Mahu2021 collected 80 from pot
Mahu2021: doesn't show hand 
*** SUMMARY ***
Total pot 80 | Rake 0 
Seat 1: Mahu2021 (button) (small blind) collected (80)
Seat 2: Lowerhandz (big blind) folded before Flop



PokerStars Hand #250526252077: Tournament #3755052215, $1.84+$0.16 USD Hold'em No Limit - Level III (20/40) - 2024/05/16 11:20:11 CET [2024/05/16 5:20:11 ET]
Table '3755052215 1' 3-max Seat #2 is the button
Seat 1: Mahu2021 (930 in chips) 
Seat 2: Lowerhandz (570 in chips) 
Lowerhandz: posts small blind 20
Mahu2021: posts big blind 40
*** HOLE CARDS ***
Dealt to Mahu2021 [7d 4c]
Lowerhandz: folds 
Uncalled bet (20) returned to Mahu2021
Mahu2021 collected 40 from pot
Mahu2021: doesn't show hand 
*** SUMMARY ***
Total pot 40 | Rake 0 
Seat 1: Mahu2021 (big blind) collected (40)
Seat 2: Lowerhandz (button) (small blind) folded before Flop



PokerStars Hand #250526253211: Tournament #3755052215, $1.84+$0.16 USD Hold'em No Limit - Level IV (30/60) - 2024/05/16 11:20:20 CET [2024/05/16 5:20:20 ET]
Table '3755052215 1' 3-max Seat #1 is the button
Seat 1: Mahu2021 (950 in chips) 
Seat 2: Lowerhandz (550 in chips) 
Mahu2021: posts small blind 30
Lowerhandz: posts big blind 60
*** HOLE CARDS ***
Dealt to Mahu2021 [Kd Qc]
Mahu2021: raises 60 to 120
Lowerhandz: folds 
Uncalled bet (60) returned to Mahu2021
Mahu2021 collected 120 from pot
Mahu2021: doesn't show hand 
*** SUMMARY ***
Total pot 120 | Rake 0 
Seat 1: Mahu2021 (button) (small blind) collected (120)
Seat 2: Lowerhandz (big blind) folded before Flop



PokerStars Hand #250526254252: Tournament #3755052215, $1.84+$0.16 USD Hold'em No Limit - Level IV (30/60) - 2024/05/16 11:20:29 CET [2024/05/16 5:20:29 ET]
Table '3755052215 1' 3-max Seat #2 is the button
Seat 1: Mahu2021 (1010 in chips) 
Seat 2: Lowerhandz (490 in chips) 
Lowerhandz: posts small blind 30
Mahu2021: posts big blind 60
*** HOLE CARDS ***
Dealt to Mahu2021 [Jh 8d]
Lowerhandz: raises 430 to 490 and is all-in
Mahu2021: folds 
Uncalled bet (430) returned to Lowerhandz
Lowerhandz collected 120 from pot
Lowerhandz: doesn't show hand 
*** SUMMARY ***
Total pot 120 | Rake 0 
Seat 1: Mahu2021 (big blind) folded before Flop
Seat 2: Lowerhandz (button) (small blind) collected (120)



PokerStars Hand #250526255229: Tournament #3755052215, $1.84+$0.16 USD Hold'em No Limit - Level IV (30/60) - 2024/05/16 11:20:38 CET [2024/05/16 5:20:38 ET]
Table '3755052215 1' 3-max Seat #1 is the button
Seat 1: Mahu2021 (950 in chips) 
Seat 2: Lowerhandz (550 in chips) 
Mahu2021: posts small blind 30
Lowerhandz: posts big blind 60
*** HOLE CARDS ***
Dealt to Mahu2021 [5d 9d]
Mahu2021: folds 
Uncalled bet (30) returned to Lowerhandz
Lowerhandz collected 60 from pot
Lowerhandz: doesn't show hand 
*** SUMMARY ***
Total pot 60 | Rake 0 
Seat 1: Mahu2021 (button) (small blind) folded before Flop
Seat 2: Lowerhandz (big blind) collected (60)



PokerStars Hand #250526255758: Tournament #3755052215, $1.84+$0.16 USD Hold'em No Limit - Level IV (30/60) - 2024/05/16 11:20:42 CET [2024/05/16 5:20:42 ET]
Table '3755052215 1' 3-max Seat #2 is the button
Seat 1: Mahu2021 (920 in chips) 
Seat 2: Lowerhandz (580 in chips) 
Lowerhandz: posts small blind 30
Mahu2021: posts big blind 60
*** HOLE CARDS ***
Dealt to Mahu2021 [5s 6s]
Lowerhandz: folds 
Uncalled bet (30) returned to Mahu2021
Mahu2021 collected 60 from pot
Mahu2021: doesn't show hand 
*** SUMMARY ***
Total pot 60 | Rake 0 
Seat 1: Mahu2021 (big blind) collected (60)
Seat 2: Lowerhandz (button) (small blind) folded before Flop



PokerStars Hand #250526256598: Tournament #3755052215, $1.84+$0.16 USD Hold'em No Limit - Level IV (30/60) - 2024/05/16 11:20:49 CET [2024/05/16 5:20:49 ET]
Table '3755052215 1' 3-max Seat #1 is the button
Seat 1: Mahu2021 (950 in chips) 
Seat 2: Lowerhandz (550 in chips) 
Mahu2021: posts small blind 30
Lowerhandz: posts big blind 60
*** HOLE CARDS ***
Dealt to Mahu2021 [7h 3h]
Mahu2021: folds 
Uncalled bet (30) returned to Lowerhandz
Lowerhandz collected 60 from pot
Lowerhandz: doesn't show hand 
*** SUMMARY ***
Total pot 60 | Rake 0 
Seat 1: Mahu2021 (button) (small blind) folded before Flop
Seat 2: Lowerhandz (big blind) collected (60)



PokerStars Hand #250526257159: Tournament #3755052215, $1.84+$0.16 USD Hold'em No Limit - Level IV (30/60) - 2024/05/16 11:20:54 CET [2024/05/16 5:20:54 ET]
Table '3755052215 1' 3-max Seat #2 is the button
Seat 1: Mahu2021 (920 in chips) 
Seat 2: Lowerhandz (580 in chips) 
Lowerhandz: posts small blind 30
Mahu2021: posts big blind 60
*** HOLE CARDS ***
Dealt to Mahu2021 [Qc 3s]
Lowerhandz: calls 30
Mahu2021: checks 
*** FLOP *** [Jd 2c 8s]
Mahu2021: checks 
Lowerhandz: bets 520 and is all-in
Mahu2021: folds 
Uncalled bet (520) returned to Lowerhandz
Lowerhandz collected 120 from pot
Lowerhandz: doesn't show hand 
*** SUMMARY ***
Total pot 120 | Rake 0 
Board [Jd 2c 8s]
Seat 1: Mahu2021 (big blind) folded on the Flop
Seat 2: Lowerhandz (button) (small blind) collected (120)



PokerStars Hand #250526258504: Tournament #3755052215, $1.84+$0.16 USD Hold'em No Limit - Level IV (30/60) - 2024/05/16 11:21:06 CET [2024/05/16 5:21:06 ET]
Table '3755052215 1' 3-max Seat #1 is the button
Seat 1: Mahu2021 (860 in chips) 
Seat 2: Lowerhandz (640 in chips) 
Mahu2021: posts small blind 30
Lowerhandz: posts big blind 60
*** HOLE CARDS ***
Dealt to Mahu2021 [2s Js]
Mahu2021: calls 30
Lowerhandz: raises 580 to 640 and is all-in
Mahu2021: folds 
Uncalled bet (580) returned to Lowerhandz
Lowerhandz collected 120 from pot
Lowerhandz: doesn't show hand 
*** SUMMARY ***
Total pot 120 | Rake 0 
Seat 1: Mahu2021 (button) (small blind) folded before Flop
Seat 2: Lowerhandz (big blind) collected (120)



PokerStars Hand #250526259509: Tournament #3755052215, $1.84+$0.16 USD Hold'em No Limit - Level IV (30/60) - 2024/05/16 11:21:14 CET [2024/05/16 5:21:14 ET]
Table '3755052215 1' 3-max Seat #2 is the button
Seat 1: Mahu2021 (800 in chips) 
Seat 2: Lowerhandz (700 in chips) 
Lowerhandz: posts small blind 30
Mahu2021: posts big blind 60
*** HOLE CARDS ***
Dealt to Mahu2021 [8s 2d]
Lowerhandz: raises 60 to 120
Mahu2021: folds 
Uncalled bet (60) returned to Lowerhandz
Lowerhandz collected 120 from pot
Lowerhandz: doesn't show hand 
*** SUMMARY ***
Total pot 120 | Rake 0 
Seat 1: Mahu2021 (big blind) folded before Flop
Seat 2: Lowerhandz (button) (small blind) collected (120)



PokerStars Hand #250526260264: Tournament #3755052215, $1.84+$0.16 USD Hold'em No Limit - Level IV (30/60) - 2024/05/16 11:21:21 CET [2024/05/16 5:21:21 ET]
Table '3755052215 1' 3-max Seat #1 is the button
Seat 1: Mahu2021 (740 in chips) 
Seat 2: Lowerhandz (760 in chips) 
Mahu2021: posts small blind 30
Lowerhandz: posts big blind 60
*** HOLE CARDS ***
Dealt to Mahu2021 [Jd 6s]
Mahu2021: raises 60 to 120
Lowerhandz: folds 
Uncalled bet (60) returned to Mahu2021
Mahu2021 collected 120 from pot
Mahu2021: doesn't show hand 
*** SUMMARY ***
Total pot 120 | Rake 0 
Seat 1: Mahu2021 (button) (small blind) collected (120)
Seat 2: Lowerhandz (big blind) folded before Flop



PokerStars Hand #250526261589: Tournament #3755052215, $1.84+$0.16 USD Hold'em No Limit - Level IV (30/60) - 2024/05/16 11:21:31 CET [2024/05/16 5:21:31 ET]
Table '3755052215 1' 3-max Seat #2 is the button
Seat 1: Mahu2021 (800 in chips) 
Seat 2: Lowerhandz (700 in chips) 
Lowerhandz: posts small blind 30
Mahu2021: posts big blind 60
*** HOLE CARDS ***
Dealt to Mahu2021 [Ts 6c]
Lowerhandz: folds 
Uncalled bet (30) returned to Mahu2021
Mahu2021 collected 60 from pot
Mahu2021: doesn't show hand 
*** SUMMARY ***
Total pot 60 | Rake 0 
Seat 1: Mahu2021 (big blind) collected (60)
Seat 2: Lowerhandz (button) (small blind) folded before Flop



PokerStars Hand #250526262416: Tournament #3755052215, $1.84+$0.16 USD Hold'em No Limit - Level IV (30/60) - 2024/05/16 11:21:38 CET [2024/05/16 5:21:38 ET]
Table '3755052215 1' 3-max Seat #1 is the button
Seat 1: Mahu2021 (830 in chips) 
Seat 2: Lowerhandz (670 in chips) 
Mahu2021: posts small blind 30
Lowerhandz: posts big blind 60
*** HOLE CARDS ***
Dealt to Mahu2021 [2s Ks]
Mahu2021: raises 60 to 120
Lowerhandz: folds 
Uncalled bet (60) returned to Mahu2021
Mahu2021 collected 120 from pot
Mahu2021: doesn't show hand 
*** SUMMARY ***
Total pot 120 | Rake 0 
Seat 1: Mahu2021 (button) (small blind) collected (120)
Seat 2: Lowerhandz (big blind) folded before Flop



PokerStars Hand #250526263300: Tournament #3755052215, $1.84+$0.16 USD Hold'em No Limit - Level IV (30/60) - 2024/05/16 11:21:45 CET [2024/05/16 5:21:45 ET]
Table '3755052215 1' 3-max Seat #2 is the button
Seat 1: Mahu2021 (890 in chips) 
Seat 2: Lowerhandz (610 in chips) 
Lowerhandz: posts small blind 30
Mahu2021: posts big blind 60
*** HOLE CARDS ***
Dealt to Mahu2021 [Kh 7c]
Lowerhandz: raises 550 to 610 and is all-in
Mahu2021: folds 
Uncalled bet (550) returned to Lowerhandz
Lowerhandz collected 120 from pot
Lowerhandz: doesn't show hand 
*** SUMMARY ***
Total pot 120 | Rake 0 
Seat 1: Mahu2021 (big blind) folded before Flop
Seat 2: Lowerhandz (button) (small blind) collected (120)



PokerStars Hand #250526264311: Tournament #3755052215, $1.84+$0.16 USD Hold'em No Limit - Level IV (30/60) - 2024/05/16 11:21:54 CET [2024/05/16 5:21:54 ET]
Table '3755052215 1' 3-max Seat #1 is the button
Seat 1: Mahu2021 (830 in chips) 
Seat 2: Lowerhandz (670 in chips) 
Mahu2021: posts small blind 30
Lowerhandz: posts big blind 60
*** HOLE CARDS ***
Dealt to Mahu2021 [Th 8c]
Mahu2021: folds 
Uncalled bet (30) returned to Lowerhandz
Lowerhandz collected 60 from pot
Lowerhandz: doesn't show hand 
*** SUMMARY ***
Total pot 60 | Rake 0 
Seat 1: Mahu2021 (button) (small blind) folded before Flop
Seat 2: Lowerhandz (big blind) collected (60)



PokerStars Hand #250526264841: Tournament #3755052215, $1.84+$0.16 USD Hold'em No Limit - Level IV (30/60) - 2024/05/16 11:21:59 CET [2024/05/16 5:21:59 ET]
Table '3755052215 1' 3-max Seat #2 is the button
Seat 1: Mahu2021 (800 in chips) 
Seat 2: Lowerhandz (700 in chips) 
Lowerhandz: posts small blind 30
Mahu2021: posts big blind 60
*** HOLE CARDS ***
Dealt to Mahu2021 [Qs 6h]
Lowerhandz: folds 
Uncalled bet (30) returned to Mahu2021
Mahu2021 collected 60 from pot
Mahu2021: doesn't show hand 
*** SUMMARY ***
Total pot 60 | Rake 0 
Seat 1: Mahu2021 (big blind) collected (60)
Seat 2: Lowerhandz (button) (small blind) folded before Flop



PokerStars Hand #250526265557: Tournament #3755052215, $1.84+$0.16 USD Hold'em No Limit - Level IV (30/60) - 2024/05/16 11:22:05 CET [2024/05/16 5:22:05 ET]
Table '3755052215 1' 3-max Seat #1 is the button
Seat 1: Mahu2021 (830 in chips) 
Seat 2: Lowerhandz (670 in chips) 
Mahu2021: posts small blind 30
Lowerhandz: posts big blind 60
*** HOLE CARDS ***
Dealt to Mahu2021 [9h 8c]
Mahu2021: raises 60 to 120
Lowerhandz: folds 
Uncalled bet (60) returned to Mahu2021
Mahu2021 collected 120 from pot
Mahu2021: doesn't show hand 
*** SUMMARY ***
Total pot 120 | Rake 0 
Seat 1: Mahu2021 (button) (small blind) collected (120)
Seat 2: Lowerhandz (big blind) folded before Flop



PokerStars Hand #250526266602: Tournament #3755052215, $1.84+$0.16 USD Hold'em No Limit - Level IV (30/60) - 2024/05/16 11:22:14 CET [2024/05/16 5:22:14 ET]
Table '3755052215 1' 3-max Seat #2 is the button
Seat 1: Mahu2021 (890 in chips) 
Seat 2: Lowerhandz (610 in chips) 
Lowerhandz: posts small blind 30
Mahu2021: posts big blind 60
*** HOLE CARDS ***
Dealt to Mahu2021 [3c Th]
Lowerhandz: folds 
Uncalled bet (30) returned to Mahu2021
Mahu2021 collected 60 from pot
Mahu2021: doesn't show hand 
*** SUMMARY ***
Total pot 60 | Rake 0 
Seat 1: Mahu2021 (big blind) collected (60)
Seat 2: Lowerhandz (button) (small blind) folded before Flop



PokerStars Hand #250526267193: Tournament #3755052215, $1.84+$0.16 USD Hold'em No Limit - Level IV (30/60) - 2024/05/16 11:22:19 CET [2024/05/16 5:22:19 ET]
Table '3755052215 1' 3-max Seat #1 is the button
Seat 1: Mahu2021 (920 in chips) 
Seat 2: Lowerhandz (580 in chips) 
Mahu2021: posts small blind 30
Lowerhandz: posts big blind 60
*** HOLE CARDS ***
Dealt to Mahu2021 [Qc 7s]
Mahu2021: raises 60 to 120
Lowerhandz: folds 
Uncalled bet (60) returned to Mahu2021
Mahu2021 collected 120 from pot
Mahu2021: doesn't show hand 
*** SUMMARY ***
Total pot 120 | Rake 0 
Seat 1: Mahu2021 (button) (small blind) collected (120)
Seat 2: Lowerhandz (big blind) folded before Flop



PokerStars Hand #250526268204: Tournament #3755052215, $1.84+$0.16 USD Hold'em No Limit - Level IV (30/60) - 2024/05/16 11:22:27 CET [2024/05/16 5:22:27 ET]
Table '3755052215 1' 3-max Seat #2 is the button
Seat 1: Mahu2021 (980 in chips) 
Seat 2: Lowerhandz (520 in chips) 
Lowerhandz: posts small blind 30
Mahu2021: posts big blind 60
*** HOLE CARDS ***
Dealt to Mahu2021 [8d 9d]
Lowerhandz: raises 60 to 120
Mahu2021: calls 60
*** FLOP *** [6s 2c 9c]
Mahu2021: bets 860 and is all-in
Lowerhandz: folds 
Uncalled bet (860) returned to Mahu2021
Mahu2021 collected 240 from pot
Mahu2021: doesn't show hand 
*** SUMMARY ***
Total pot 240 | Rake 0 
Board [6s 2c 9c]
Seat 1: Mahu2021 (big blind) collected (240)
Seat 2: Lowerhandz (button) (small blind) folded on the Flop



PokerStars Hand #250526270076: Tournament #3755052215, $1.84+$0.16 USD Hold'em No Limit - Level IV (30/60) - 2024/05/16 11:22:42 CET [2024/05/16 5:22:42 ET]
Table '3755052215 1' 3-max Seat #1 is the button
Seat 1: Mahu2021 (1100 in chips) 
Seat 2: Lowerhandz (400 in chips) 
Mahu2021: posts small blind 30
Lowerhandz: posts big blind 60
*** HOLE CARDS ***
Dealt to Mahu2021 [Jd 5h]
Mahu2021: folds 
Uncalled bet (30) returned to Lowerhandz
Lowerhandz collected 60 from pot
Lowerhandz: doesn't show hand 
*** SUMMARY ***
Total pot 60 | Rake 0 
Seat 1: Mahu2021 (button) (small blind) folded before Flop
Seat 2: Lowerhandz (big blind) collected (60)



PokerStars Hand #250526270716: Tournament #3755052215, $1.84+$0.16 USD Hold'em No Limit - Level IV (30/60) - 2024/05/16 11:22:48 CET [2024/05/16 5:22:48 ET]
Table '3755052215 1' 3-max Seat #2 is the button
Seat 1: Mahu2021 (1070 in chips) 
Seat 2: Lowerhandz (430 in chips) 
Lowerhandz: posts small blind 30
Mahu2021: posts big blind 60
*** HOLE CARDS ***
Dealt to Mahu2021 [Tc 7s]
Lowerhandz: raises 370 to 430 and is all-in
Mahu2021: folds 
Uncalled bet (370) returned to Lowerhandz
Lowerhandz collected 120 from pot
Lowerhandz: doesn't show hand 
*** SUMMARY ***
Total pot 120 | Rake 0 
Seat 1: Mahu2021 (big blind) folded before Flop
Seat 2: Lowerhandz (button) (small blind) collected (120)



PokerStars Hand #250526271459: Tournament #3755052215, $1.84+$0.16 USD Hold'em No Limit - Level IV (30/60) - 2024/05/16 11:22:54 CET [2024/05/16 5:22:54 ET]
Table '3755052215 1' 3-max Seat #1 is the button
Seat 1: Mahu2021 (1010 in chips) 
Seat 2: Lowerhandz (490 in chips) 
Mahu2021: posts small blind 30
Lowerhandz: posts big blind 60
*** HOLE CARDS ***
Dealt to Mahu2021 [Ah 4h]
Mahu2021: raises 60 to 120
Lowerhandz: raises 370 to 490 and is all-in
Mahu2021: calls 370
*** FLOP *** [8s 9c 8c]
*** TURN *** [8s 9c 8c] [3d]
*** RIVER *** [8s 9c 8c 3d] [2s]
*** SHOW DOWN ***
Lowerhandz: shows [Th Qs] (a pair of Eights)
Mahu2021: shows [Ah 4h] (a pair of Eights - Ace kicker)
Mahu2021 collected 980 from pot
Lowerhandz finished the tournament in 2nd place
Mahu2021 wins the tournament and receives $10.00 - congratulations!
*** SUMMARY ***
Total pot 980 | Rake 0 
Board [8s 9c 8c 3d 2s]
Seat 1: Mahu2021 (button) (small blind) showed [Ah 4h] and won (980) with a pair of Eights
Seat 2: Lowerhandz (big blind) showed [Th Qs] and lost with a pair of Eights



