PokerStars Hand #253153005958: Tournament #3817666234, $1.84+$0.16 USD Hold'em No Limit - Level I (10/20) - 2024/10/29 7:31:08 CET [2024/10/29 2:31:08 ET]
Table '3817666234 1' 3-max Seat #1 is the button
Seat 1: DWVENDY (500 in chips) 
Seat 2: Mahu2021 (500 in chips) 
Seat 3: max natal (500 in chips) 
Mahu2021: posts small blind 10
max natal: posts big blind 20
*** HOLE CARDS ***
Dealt to Mahu2021 [9c Jd]
DWVENDY: raises 20 to 40
Mahu2021: folds 
max natal: folds 
Uncalled bet (20) returned to DWVENDY
DWVENDY collected 50 from pot
*** SUMMARY ***
Total pot 50 | Rake 0 
Seat 1: DWVENDY (button) collected (50)
Seat 2: Mahu2021 (small blind) folded before Flop
Seat 3: max natal (big blind) folded before Flop



PokerStars Hand #253153007011: Tournament #3817666234, $1.84+$0.16 USD Hold'em No Limit - Level I (10/20) - 2024/10/29 7:31:25 CET [2024/10/29 2:31:25 ET]
Table '3817666234 1' 3-max Seat #2 is the button
Seat 1: DWVENDY (530 in chips) 
Seat 2: Mahu2021 (490 in chips) 
Seat 3: max natal (480 in chips) 
max natal: posts small blind 10
DWVENDY: posts big blind 20
*** HOLE CARDS ***
Dealt to Mahu2021 [Kh 4c]
Mahu2021: folds 
max natal: raises 30 to 50
DWVENDY: folds 
Uncalled bet (30) returned to max natal
max natal collected 40 from pot
max natal: doesn't show hand 
*** SUMMARY ***
Total pot 40 | Rake 0 
Seat 1: DWVENDY (big blind) folded before Flop
Seat 2: Mahu2021 (button) folded before Flop (didn't bet)
Seat 3: max natal (small blind) collected (40)



PokerStars Hand #253153008135: Tournament #3817666234, $1.84+$0.16 USD Hold'em No Limit - Level I (10/20) - 2024/10/29 7:31:42 CET [2024/10/29 2:31:42 ET]
Table '3817666234 1' 3-max Seat #3 is the button
Seat 1: DWVENDY (510 in chips) 
Seat 2: Mahu2021 (490 in chips) 
Seat 3: max natal (500 in chips) 
DWVENDY: posts small blind 10
Mahu2021: posts big blind 20
*** HOLE CARDS ***
Dealt to Mahu2021 [Qd 3s]
max natal: raises 20 to 40
DWVENDY: folds 
Mahu2021: calls 20
*** FLOP *** [2s 7s 4h]
Mahu2021: checks 
max natal: bets 27
Mahu2021: folds 
Uncalled bet (27) returned to max natal
max natal collected 90 from pot
max natal: doesn't show hand 
*** SUMMARY ***
Total pot 90 | Rake 0 
Board [2s 7s 4h]
Seat 1: DWVENDY (small blind) folded before Flop
Seat 2: Mahu2021 (big blind) folded on the Flop
Seat 3: max natal (button) collected (90)



PokerStars Hand #253153008895: Tournament #3817666234, $1.84+$0.16 USD Hold'em No Limit - Level I (10/20) - 2024/10/29 7:31:54 CET [2024/10/29 2:31:54 ET]
Table '3817666234 1' 3-max Seat #1 is the button
Seat 1: DWVENDY (500 in chips) 
Seat 2: Mahu2021 (450 in chips) 
Seat 3: max natal (550 in chips) 
Mahu2021: posts small blind 10
max natal: posts big blind 20
*** HOLE CARDS ***
Dealt to Mahu2021 [6h 6s]
DWVENDY: folds 
Mahu2021: raises 20 to 40
max natal: raises 510 to 550 and is all-in
Mahu2021: folds 
Uncalled bet (510) returned to max natal
max natal collected 80 from pot
max natal: doesn't show hand 
*** SUMMARY ***
Total pot 80 | Rake 0 
Seat 1: DWVENDY (button) folded before Flop (didn't bet)
Seat 2: Mahu2021 (small blind) folded before Flop
Seat 3: max natal (big blind) collected (80)



PokerStars Hand #253153010480: Tournament #3817666234, $1.84+$0.16 USD Hold'em No Limit - Level I (10/20) - 2024/10/29 7:32:18 CET [2024/10/29 2:32:18 ET]
Table '3817666234 1' 3-max Seat #2 is the button
Seat 1: DWVENDY (500 in chips) 
Seat 2: Mahu2021 (410 in chips) 
Seat 3: max natal (590 in chips) 
max natal: posts small blind 10
DWVENDY: posts big blind 20
*** HOLE CARDS ***
Dealt to Mahu2021 [6c Jd]
Mahu2021: folds 
max natal: raises 570 to 590 and is all-in
DWVENDY: folds 
Uncalled bet (570) returned to max natal
max natal collected 40 from pot
max natal: doesn't show hand 
*** SUMMARY ***
Total pot 40 | Rake 0 
Seat 1: DWVENDY (big blind) folded before Flop
Seat 2: Mahu2021 (button) folded before Flop (didn't bet)
Seat 3: max natal (small blind) collected (40)



PokerStars Hand #253153011050: Tournament #3817666234, $1.84+$0.16 USD Hold'em No Limit - Level I (10/20) - 2024/10/29 7:32:27 CET [2024/10/29 2:32:27 ET]
Table '3817666234 1' 3-max Seat #3 is the button
Seat 1: DWVENDY (480 in chips) 
Seat 2: Mahu2021 (410 in chips) 
Seat 3: max natal (610 in chips) 
DWVENDY: posts small blind 10
Mahu2021: posts big blind 20
*** HOLE CARDS ***
Dealt to Mahu2021 [Jd 2d]
max natal: folds 
DWVENDY: calls 10
Mahu2021: checks 
*** FLOP *** [8s Jc 9s]
DWVENDY: bets 20
Mahu2021: raises 60 to 80
DWVENDY: folds 
Uncalled bet (60) returned to Mahu2021
Mahu2021 collected 80 from pot
Mahu2021: doesn't show hand 
*** SUMMARY ***
Total pot 80 | Rake 0 
Board [8s Jc 9s]
Seat 1: DWVENDY (small blind) folded on the Flop
Seat 2: Mahu2021 (big blind) collected (80)
Seat 3: max natal (button) folded before Flop (didn't bet)



PokerStars Hand #253153012141: Tournament #3817666234, $1.84+$0.16 USD Hold'em No Limit - Level I (10/20) - 2024/10/29 7:32:44 CET [2024/10/29 2:32:44 ET]
Table '3817666234 1' 3-max Seat #1 is the button
Seat 1: DWVENDY (440 in chips) 
Seat 2: Mahu2021 (450 in chips) 
Seat 3: max natal (610 in chips) 
Mahu2021: posts small blind 10
max natal: posts big blind 20
*** HOLE CARDS ***
Dealt to Mahu2021 [3d 6c]
DWVENDY: raises 20 to 40
Mahu2021: folds 
max natal: folds 
Uncalled bet (20) returned to DWVENDY
DWVENDY collected 50 from pot
*** SUMMARY ***
Total pot 50 | Rake 0 
Seat 1: DWVENDY (button) collected (50)
Seat 2: Mahu2021 (small blind) folded before Flop
Seat 3: max natal (big blind) folded before Flop



PokerStars Hand #253153012738: Tournament #3817666234, $1.84+$0.16 USD Hold'em No Limit - Level I (10/20) - 2024/10/29 7:32:53 CET [2024/10/29 2:32:53 ET]
Table '3817666234 1' 3-max Seat #2 is the button
Seat 1: DWVENDY (470 in chips) 
Seat 2: Mahu2021 (440 in chips) 
Seat 3: max natal (590 in chips) 
max natal: posts small blind 10
DWVENDY: posts big blind 20
*** HOLE CARDS ***
Dealt to Mahu2021 [Ac As]
Mahu2021: raises 20 to 40
max natal: folds 
DWVENDY: calls 20
*** FLOP *** [4s Qd 5d]
DWVENDY: checks 
Mahu2021: bets 90
DWVENDY: calls 90
*** TURN *** [4s Qd 5d] [Ts]
DWVENDY: bets 340 and is all-in
Mahu2021: calls 310 and is all-in
Uncalled bet (30) returned to DWVENDY
*** RIVER *** [4s Qd 5d Ts] [Qc]
*** SHOW DOWN ***
DWVENDY: shows [Th 4d] (two pair, Queens and Tens)
Mahu2021: shows [Ac As] (two pair, Aces and Queens)
Mahu2021 collected 890 from pot
*** SUMMARY ***
Total pot 890 | Rake 0 
Board [4s Qd 5d Ts Qc]
Seat 1: DWVENDY (big blind) showed [Th 4d] and lost with two pair, Queens and Tens
Seat 2: Mahu2021 (button) showed [Ac As] and won (890) with two pair, Aces and Queens
Seat 3: max natal (small blind) folded before Flop



PokerStars Hand #253153014559: Tournament #3817666234, $1.84+$0.16 USD Hold'em No Limit - Level II (15/30) - 2024/10/29 7:33:20 CET [2024/10/29 2:33:20 ET]
Table '3817666234 1' 3-max Seat #3 is the button
Seat 1: DWVENDY (30 in chips) 
Seat 2: Mahu2021 (890 in chips) 
Seat 3: max natal (580 in chips) 
DWVENDY: posts small blind 15
Mahu2021: posts big blind 30
*** HOLE CARDS ***
Dealt to Mahu2021 [3s Kc]
max natal: raises 30 to 60
DWVENDY: calls 15 and is all-in
Mahu2021: calls 30
*** FLOP *** [2h Ac Js]
Mahu2021: checks 
max natal: checks 
*** TURN *** [2h Ac Js] [2c]
Mahu2021: checks 
max natal: checks 
*** RIVER *** [2h Ac Js 2c] [Tc]
Mahu2021: checks 
max natal: checks 
*** SHOW DOWN ***
Mahu2021: shows [3s Kc] (a pair of Deuces)
max natal: mucks hand 
Mahu2021 collected 60 from side pot
DWVENDY: shows [4h 4s] (two pair, Fours and Deuces)
DWVENDY collected 90 from main pot
*** SUMMARY ***
Total pot 150 Main pot 90. Side pot 60. | Rake 0 
Board [2h Ac Js 2c Tc]
Seat 1: DWVENDY (small blind) showed [4h 4s] and won (90) with two pair, Fours and Deuces
Seat 2: Mahu2021 (big blind) showed [3s Kc] and won (60) with a pair of Deuces
Seat 3: max natal (button) mucked [Qc 7s]



PokerStars Hand #253153015573: Tournament #3817666234, $1.84+$0.16 USD Hold'em No Limit - Level II (15/30) - 2024/10/29 7:33:36 CET [2024/10/29 2:33:36 ET]
Table '3817666234 1' 3-max Seat #1 is the button
Seat 1: DWVENDY (90 in chips) 
Seat 2: Mahu2021 (890 in chips) 
Seat 3: max natal (520 in chips) 
Mahu2021: posts small blind 15
max natal: posts big blind 30
*** HOLE CARDS ***
Dealt to Mahu2021 [7s Qh]
DWVENDY: folds 
Mahu2021: calls 15
max natal: raises 490 to 520 and is all-in
Mahu2021: folds 
Uncalled bet (490) returned to max natal
max natal collected 60 from pot
max natal: doesn't show hand 
*** SUMMARY ***
Total pot 60 | Rake 0 
Seat 1: DWVENDY (button) folded before Flop (didn't bet)
Seat 2: Mahu2021 (small blind) folded before Flop
Seat 3: max natal (big blind) collected (60)



PokerStars Hand #253153016544: Tournament #3817666234, $1.84+$0.16 USD Hold'em No Limit - Level II (15/30) - 2024/10/29 7:33:51 CET [2024/10/29 2:33:51 ET]
Table '3817666234 1' 3-max Seat #2 is the button
Seat 1: DWVENDY (90 in chips) 
Seat 2: Mahu2021 (860 in chips) 
Seat 3: max natal (550 in chips) 
max natal: posts small blind 15
DWVENDY: posts big blind 30
*** HOLE CARDS ***
Dealt to Mahu2021 [Jd 2h]
Mahu2021: folds 
max natal: raises 520 to 550 and is all-in
DWVENDY: calls 60 and is all-in
Uncalled bet (460) returned to max natal
*** FLOP *** [Kd 7s 7h]
*** TURN *** [Kd 7s 7h] [Qh]
*** RIVER *** [Kd 7s 7h Qh] [8c]
*** SHOW DOWN ***
max natal: shows [Ks Js] (two pair, Kings and Sevens)
DWVENDY: shows [Th 4d] (a pair of Sevens)
max natal collected 180 from pot
DWVENDY finished the tournament in 3rd place
*** SUMMARY ***
Total pot 180 | Rake 0 
Board [Kd 7s 7h Qh 8c]
Seat 1: DWVENDY (big blind) showed [Th 4d] and lost with a pair of Sevens
Seat 2: Mahu2021 (button) folded before Flop (didn't bet)
Seat 3: max natal (small blind) showed [Ks Js] and won (180) with two pair, Kings and Sevens



PokerStars Hand #253153017775: Tournament #3817666234, $1.84+$0.16 USD Hold'em No Limit - Level II (15/30) - 2024/10/29 7:34:09 CET [2024/10/29 2:34:09 ET]
Table '3817666234 1' 3-max Seat #3 is the button
Seat 2: Mahu2021 (860 in chips) 
Seat 3: max natal (640 in chips) 
max natal: posts small blind 15
Mahu2021: posts big blind 30
*** HOLE CARDS ***
Dealt to Mahu2021 [3c 2c]
max natal: raises 30 to 60
Mahu2021: calls 30
*** FLOP *** [Kc 4s 8c]
Mahu2021: checks 
max natal: bets 36
Mahu2021: calls 36
*** TURN *** [Kc 4s 8c] [6d]
Mahu2021: checks 
max natal: bets 126
Mahu2021: calls 126
*** RIVER *** [Kc 4s 8c 6d] [Qc]
Mahu2021: bets 638 and is all-in
max natal: folds 
Uncalled bet (638) returned to Mahu2021
Mahu2021 collected 444 from pot
Mahu2021: doesn't show hand 
*** SUMMARY ***
Total pot 444 | Rake 0 
Board [Kc 4s 8c 6d Qc]
Seat 2: Mahu2021 (big blind) collected (444)
Seat 3: max natal (button) (small blind) folded on the River



PokerStars Hand #253153019422: Tournament #3817666234, $1.84+$0.16 USD Hold'em No Limit - Level II (15/30) - 2024/10/29 7:34:35 CET [2024/10/29 2:34:35 ET]
Table '3817666234 1' 3-max Seat #2 is the button
Seat 2: Mahu2021 (1082 in chips) 
Seat 3: max natal (418 in chips) 
Mahu2021: posts small blind 15
max natal: posts big blind 30
*** HOLE CARDS ***
Dealt to Mahu2021 [7c 5d]
Mahu2021: folds 
Uncalled bet (15) returned to max natal
max natal collected 30 from pot
max natal: doesn't show hand 
*** SUMMARY ***
Total pot 30 | Rake 0 
Seat 2: Mahu2021 (button) (small blind) folded before Flop
Seat 3: max natal (big blind) collected (30)



PokerStars Hand #253153019736: Tournament #3817666234, $1.84+$0.16 USD Hold'em No Limit - Level II (15/30) - 2024/10/29 7:34:40 CET [2024/10/29 2:34:40 ET]
Table '3817666234 1' 3-max Seat #3 is the button
Seat 2: Mahu2021 (1067 in chips) 
Seat 3: max natal (433 in chips) 
max natal: posts small blind 15
Mahu2021: posts big blind 30
*** HOLE CARDS ***
Dealt to Mahu2021 [2s Jh]
max natal: folds 
Uncalled bet (15) returned to Mahu2021
Mahu2021 collected 30 from pot
Mahu2021: doesn't show hand 
*** SUMMARY ***
Total pot 30 | Rake 0 
Seat 2: Mahu2021 (big blind) collected (30)
Seat 3: max natal (button) (small blind) folded before Flop



PokerStars Hand #253153020300: Tournament #3817666234, $1.84+$0.16 USD Hold'em No Limit - Level II (15/30) - 2024/10/29 7:34:48 CET [2024/10/29 2:34:48 ET]
Table '3817666234 1' 3-max Seat #2 is the button
Seat 2: Mahu2021 (1082 in chips) 
Seat 3: max natal (418 in chips) 
Mahu2021: posts small blind 15
max natal: posts big blind 30
*** HOLE CARDS ***
Dealt to Mahu2021 [Kd 8d]
Mahu2021: raises 30 to 60
max natal: raises 358 to 418 and is all-in
Mahu2021: calls 358
*** FLOP *** [6d 7d Kc]
*** TURN *** [6d 7d Kc] [Td]
*** RIVER *** [6d 7d Kc Td] [2d]
*** SHOW DOWN ***
max natal: shows [Qc 5h] (high card King)
Mahu2021: shows [Kd 8d] (a flush, King high)
Mahu2021 collected 836 from pot
max natal finished the tournament in 2nd place
Mahu2021 wins the tournament and receives $4.00 - congratulations!
*** SUMMARY ***
Total pot 836 | Rake 0 
Board [6d 7d Kc Td 2d]
Seat 2: Mahu2021 (button) (small blind) showed [Kd 8d] and won (836) with a flush, King high
Seat 3: max natal (big blind) showed [Qc 5h] and lost with high card King



