PokerStars Hand #248165225949: Tournament #3698456124, $1.84+$0.16 USD Hold'em No Limit - Level I (10/20) - 2024/01/09 17:28:26 CET [2024/01/09 11:28:26 ET]
Table '3698456124 1' 3-max Seat #1 is the button
Seat 1: bena25 (500 in chips) 
Seat 2: Shrike911 (500 in chips) 
Seat 3: Mahu2021 (500 in chips) 
Shrike911: posts small blind 10
Mahu2021: posts big blind 20
*** HOLE CARDS ***
Dealt to Mahu2021 [3s 7h]
bena25: raises 20 to 40
Shrike911: calls 30
Mahu2021: folds 
*** FLOP *** [8d 5c 7d]
Shrike911: bets 100
bena25: folds 
Uncalled bet (100) returned to Shrike911
Shrike911 collected 100 from pot
*** SUMMARY ***
Total pot 100 | Rake 0 
Board [8d 5c 7d]
Seat 1: bena25 (button) folded on the Flop
Seat 2: Shrike911 (small blind) collected (100)
Seat 3: Mahu2021 (big blind) folded before Flop



PokerStars Hand #248165232707: Tournament #3698456124, $1.84+$0.16 USD Hold'em No Limit - Level I (10/20) - 2024/01/09 17:28:50 CET [2024/01/09 11:28:50 ET]
Table '3698456124 1' 3-max Seat #2 is the button
Seat 1: bena25 (460 in chips) 
Seat 2: Shrike911 (560 in chips) 
Seat 3: Mahu2021 (480 in chips) 
Mahu2021: posts small blind 10
bena25: posts big blind 20
*** HOLE CARDS ***
Dealt to Mahu2021 [Js Jh]
Shrike911: folds 
Mahu2021: raises 460 to 480 and is all-in
bena25: folds 
Uncalled bet (460) returned to Mahu2021
Mahu2021 collected 40 from pot
Mahu2021: doesn't show hand 
*** SUMMARY ***
Total pot 40 | Rake 0 
Seat 1: bena25 (big blind) folded before Flop
Seat 2: Shrike911 (button) folded before Flop (didn't bet)
Seat 3: Mahu2021 (small blind) collected (40)



PokerStars Hand #248165235110: Tournament #3698456124, $1.84+$0.16 USD Hold'em No Limit - Level I (10/20) - 2024/01/09 17:28:59 CET [2024/01/09 11:28:59 ET]
Table '3698456124 1' 3-max Seat #3 is the button
Seat 1: bena25 (440 in chips) 
Seat 2: Shrike911 (560 in chips) 
Seat 3: Mahu2021 (500 in chips) 
bena25: posts small blind 10
Shrike911: posts big blind 20
*** HOLE CARDS ***
Dealt to Mahu2021 [8d Tc]
Mahu2021: folds 
bena25: folds 
Uncalled bet (10) returned to Shrike911
Shrike911 collected 20 from pot
*** SUMMARY ***
Total pot 20 | Rake 0 
Seat 1: bena25 (small blind) folded before Flop
Seat 2: Shrike911 (big blind) collected (20)
Seat 3: Mahu2021 (button) folded before Flop (didn't bet)



PokerStars Hand #248165236825: Tournament #3698456124, $1.84+$0.16 USD Hold'em No Limit - Level I (10/20) - 2024/01/09 17:29:05 CET [2024/01/09 11:29:05 ET]
Table '3698456124 1' 3-max Seat #1 is the button
Seat 1: bena25 (430 in chips) 
Seat 2: Shrike911 (570 in chips) 
Seat 3: Mahu2021 (500 in chips) 
Shrike911: posts small blind 10
Mahu2021: posts big blind 20
*** HOLE CARDS ***
Dealt to Mahu2021 [2c Qs]
bena25: folds 
Shrike911: calls 10
Mahu2021: checks 
*** FLOP *** [2s 2h Jd]
Shrike911: checks 
Mahu2021: bets 20
Shrike911: calls 20
*** TURN *** [2s 2h Jd] [Ah]
Shrike911: bets 48
Mahu2021: raises 92 to 140
Shrike911: calls 92
*** RIVER *** [2s 2h Jd Ah] [3c]
Shrike911: checks 
Mahu2021: bets 120
Shrike911: calls 120
*** SHOW DOWN ***
Mahu2021: shows [2c Qs] (three of a kind, Deuces)
Shrike911: mucks hand 
Mahu2021 collected 600 from pot
*** SUMMARY ***
Total pot 600 | Rake 0 
Board [2s 2h Jd Ah 3c]
Seat 1: bena25 (button) folded before Flop (didn't bet)
Seat 2: Shrike911 (small blind) mucked [3h 9h]
Seat 3: Mahu2021 (big blind) showed [2c Qs] and won (600) with three of a kind, Deuces



PokerStars Hand #248165247370: Tournament #3698456124, $1.84+$0.16 USD Hold'em No Limit - Level I (10/20) - 2024/01/09 17:29:43 CET [2024/01/09 11:29:43 ET]
Table '3698456124 1' 3-max Seat #2 is the button
Seat 1: bena25 (430 in chips) 
Seat 2: Shrike911 (270 in chips) 
Seat 3: Mahu2021 (800 in chips) 
Mahu2021: posts small blind 10
bena25: posts big blind 20
*** HOLE CARDS ***
Dealt to Mahu2021 [Ah Td]
Shrike911: raises 20 to 40
Mahu2021: calls 30
bena25: raises 390 to 430 and is all-in
Shrike911: calls 230 and is all-in
Mahu2021: folds 
Uncalled bet (160) returned to bena25
*** FLOP *** [3d 5h Qc]
*** TURN *** [3d 5h Qc] [4h]
*** RIVER *** [3d 5h Qc 4h] [Qd]
*** SHOW DOWN ***
bena25: shows [9h 8h] (a pair of Queens)
Shrike911: shows [Qh 2h] (three of a kind, Queens)
Shrike911 collected 580 from pot
*** SUMMARY ***
Total pot 580 | Rake 0 
Board [3d 5h Qc 4h Qd]
Seat 1: bena25 (big blind) showed [9h 8h] and lost with a pair of Queens
Seat 2: Shrike911 (button) showed [Qh 2h] and won (580) with three of a kind, Queens
Seat 3: Mahu2021 (small blind) folded before Flop



PokerStars Hand #248165253994: Tournament #3698456124, $1.84+$0.16 USD Hold'em No Limit - Level I (10/20) - 2024/01/09 17:30:07 CET [2024/01/09 11:30:07 ET]
Table '3698456124 1' 3-max Seat #3 is the button
Seat 1: bena25 (160 in chips) 
Seat 2: Shrike911 (580 in chips) 
Seat 3: Mahu2021 (760 in chips) 
bena25: posts small blind 10
Shrike911: posts big blind 20
*** HOLE CARDS ***
Dealt to Mahu2021 [As 9h]
Mahu2021: calls 20
bena25: folds 
Shrike911: checks 
*** FLOP *** [Qc Js 7s]
Shrike911: bets 30
Mahu2021: folds 
Uncalled bet (30) returned to Shrike911
Shrike911 collected 50 from pot
*** SUMMARY ***
Total pot 50 | Rake 0 
Board [Qc Js 7s]
Seat 1: bena25 (small blind) folded before Flop
Seat 2: Shrike911 (big blind) collected (50)
Seat 3: Mahu2021 (button) folded on the Flop



PokerStars Hand #248165261817: Tournament #3698456124, $1.84+$0.16 USD Hold'em No Limit - Level II (15/30) - 2024/01/09 17:30:33 CET [2024/01/09 11:30:33 ET]
Table '3698456124 1' 3-max Seat #1 is the button
Seat 1: bena25 (150 in chips) 
Seat 2: Shrike911 (610 in chips) 
Seat 3: Mahu2021 (740 in chips) 
Shrike911: posts small blind 15
Mahu2021: posts big blind 30
*** HOLE CARDS ***
Dealt to Mahu2021 [Ks Kc]
bena25: folds 
Shrike911: calls 15
Mahu2021: raises 710 to 740 and is all-in
Shrike911: folds 
Uncalled bet (710) returned to Mahu2021
Mahu2021 collected 60 from pot
Mahu2021: doesn't show hand 
*** SUMMARY ***
Total pot 60 | Rake 0 
Seat 1: bena25 (button) folded before Flop (didn't bet)
Seat 2: Shrike911 (small blind) folded before Flop
Seat 3: Mahu2021 (big blind) collected (60)



PokerStars Hand #248165264770: Tournament #3698456124, $1.84+$0.16 USD Hold'em No Limit - Level II (15/30) - 2024/01/09 17:30:43 CET [2024/01/09 11:30:43 ET]
Table '3698456124 1' 3-max Seat #2 is the button
Seat 1: bena25 (150 in chips) 
Seat 2: Shrike911 (580 in chips) 
Seat 3: Mahu2021 (770 in chips) 
Mahu2021: posts small blind 15
bena25: posts big blind 30
*** HOLE CARDS ***
Dealt to Mahu2021 [4h Ac]
Shrike911: folds 
Mahu2021: raises 30 to 60
bena25: raises 90 to 150 and is all-in
Mahu2021: calls 90
*** FLOP *** [Jd 5c 7s]
*** TURN *** [Jd 5c 7s] [Td]
*** RIVER *** [Jd 5c 7s Td] [6s]
*** SHOW DOWN ***
Mahu2021: shows [4h Ac] (high card Ace)
bena25: shows [3s Ah] (high card Ace)
Mahu2021 collected 150 from pot
bena25 collected 150 from pot
*** SUMMARY ***
Total pot 300 | Rake 0 
Board [Jd 5c 7s Td 6s]
Seat 1: bena25 (big blind) showed [3s Ah] and won (150) with high card Ace
Seat 2: Shrike911 (button) folded before Flop (didn't bet)
Seat 3: Mahu2021 (small blind) showed [4h Ac] and won (150) with high card Ace



PokerStars Hand #248165269333: Tournament #3698456124, $1.84+$0.16 USD Hold'em No Limit - Level II (15/30) - 2024/01/09 17:30:59 CET [2024/01/09 11:30:59 ET]
Table '3698456124 1' 3-max Seat #3 is the button
Seat 1: bena25 (150 in chips) 
Seat 2: Shrike911 (580 in chips) 
Seat 3: Mahu2021 (770 in chips) 
bena25: posts small blind 15
Shrike911: posts big blind 30
*** HOLE CARDS ***
Dealt to Mahu2021 [9d 4s]
Mahu2021: folds 
bena25: raises 120 to 150 and is all-in
Shrike911: folds 
Uncalled bet (120) returned to bena25
bena25 collected 60 from pot
bena25: doesn't show hand 
*** SUMMARY ***
Total pot 60 | Rake 0 
Seat 1: bena25 (small blind) collected (60)
Seat 2: Shrike911 (big blind) folded before Flop
Seat 3: Mahu2021 (button) folded before Flop (didn't bet)



PokerStars Hand #248165273508: Tournament #3698456124, $1.84+$0.16 USD Hold'em No Limit - Level II (15/30) - 2024/01/09 17:31:14 CET [2024/01/09 11:31:14 ET]
Table '3698456124 1' 3-max Seat #1 is the button
Seat 1: bena25 (180 in chips) 
Seat 2: Shrike911 (550 in chips) 
Seat 3: Mahu2021 (770 in chips) 
Shrike911: posts small blind 15
Mahu2021: posts big blind 30
*** HOLE CARDS ***
Dealt to Mahu2021 [5s 4s]
bena25: raises 150 to 180 and is all-in
Shrike911: raises 370 to 550 and is all-in
Mahu2021: folds 
Uncalled bet (370) returned to Shrike911
*** FLOP *** [Ac 8c Qc]
*** TURN *** [Ac 8c Qc] [2d]
*** RIVER *** [Ac 8c Qc 2d] [4h]
*** SHOW DOWN ***
Shrike911: shows [6d Kd] (high card Ace)
bena25: shows [7h 8h] (a pair of Eights)
bena25 collected 390 from pot
*** SUMMARY ***
Total pot 390 | Rake 0 
Board [Ac 8c Qc 2d 4h]
Seat 1: bena25 (button) showed [7h 8h] and won (390) with a pair of Eights
Seat 2: Shrike911 (small blind) showed [6d Kd] and lost with high card Ace
Seat 3: Mahu2021 (big blind) folded before Flop



PokerStars Hand #248165278493: Tournament #3698456124, $1.84+$0.16 USD Hold'em No Limit - Level II (15/30) - 2024/01/09 17:31:31 CET [2024/01/09 11:31:31 ET]
Table '3698456124 1' 3-max Seat #2 is the button
Seat 1: bena25 (390 in chips) 
Seat 2: Shrike911 (370 in chips) 
Seat 3: Mahu2021 (740 in chips) 
Mahu2021: posts small blind 15
bena25: posts big blind 30
*** HOLE CARDS ***
Dealt to Mahu2021 [Jc 5c]
Shrike911: raises 340 to 370 and is all-in
Mahu2021: folds 
bena25: folds 
Uncalled bet (340) returned to Shrike911
Shrike911 collected 75 from pot
*** SUMMARY ***
Total pot 75 | Rake 0 
Seat 1: bena25 (big blind) folded before Flop
Seat 2: Shrike911 (button) collected (75)
Seat 3: Mahu2021 (small blind) folded before Flop



PokerStars Hand #248165281108: Tournament #3698456124, $1.84+$0.16 USD Hold'em No Limit - Level II (15/30) - 2024/01/09 17:31:40 CET [2024/01/09 11:31:40 ET]
Table '3698456124 1' 3-max Seat #3 is the button
Seat 1: bena25 (360 in chips) 
Seat 2: Shrike911 (415 in chips) 
Seat 3: Mahu2021 (725 in chips) 
bena25: posts small blind 15
Shrike911: posts big blind 30
*** HOLE CARDS ***
Dealt to Mahu2021 [5c 2h]
Mahu2021: folds 
bena25: folds 
Uncalled bet (15) returned to Shrike911
Shrike911 collected 30 from pot
*** SUMMARY ***
Total pot 30 | Rake 0 
Seat 1: bena25 (small blind) folded before Flop
Seat 2: Shrike911 (big blind) collected (30)
Seat 3: Mahu2021 (button) folded before Flop (didn't bet)



PokerStars Hand #248165282450: Tournament #3698456124, $1.84+$0.16 USD Hold'em No Limit - Level II (15/30) - 2024/01/09 17:31:45 CET [2024/01/09 11:31:45 ET]
Table '3698456124 1' 3-max Seat #1 is the button
Seat 1: bena25 (345 in chips) 
Seat 2: Shrike911 (430 in chips) 
Seat 3: Mahu2021 (725 in chips) 
Shrike911: posts small blind 15
Mahu2021: posts big blind 30
*** HOLE CARDS ***
Dealt to Mahu2021 [7c 5c]
bena25: raises 30 to 60
Shrike911: calls 45
Mahu2021: calls 30
*** FLOP *** [4h 7h 2d]
Shrike911: bets 180
Mahu2021: folds 
bena25: folds 
Uncalled bet (180) returned to Shrike911
Shrike911 collected 180 from pot
*** SUMMARY ***
Total pot 180 | Rake 0 
Board [4h 7h 2d]
Seat 1: bena25 (button) folded on the Flop
Seat 2: Shrike911 (small blind) collected (180)
Seat 3: Mahu2021 (big blind) folded on the Flop



PokerStars Hand #248165289004: Tournament #3698456124, $1.84+$0.16 USD Hold'em No Limit - Level II (15/30) - 2024/01/09 17:32:07 CET [2024/01/09 11:32:07 ET]
Table '3698456124 1' 3-max Seat #2 is the button
Seat 1: bena25 (285 in chips) 
Seat 2: Shrike911 (550 in chips) 
Seat 3: Mahu2021 (665 in chips) 
Mahu2021: posts small blind 15
bena25: posts big blind 30
*** HOLE CARDS ***
Dealt to Mahu2021 [3s Td]
Shrike911: folds 
Mahu2021: folds 
Uncalled bet (15) returned to bena25
bena25 collected 30 from pot
bena25: doesn't show hand 
*** SUMMARY ***
Total pot 30 | Rake 0 
Seat 1: bena25 (big blind) collected (30)
Seat 2: Shrike911 (button) folded before Flop (didn't bet)
Seat 3: Mahu2021 (small blind) folded before Flop



PokerStars Hand #248165291444: Tournament #3698456124, $1.84+$0.16 USD Hold'em No Limit - Level II (15/30) - 2024/01/09 17:32:16 CET [2024/01/09 11:32:16 ET]
Table '3698456124 1' 3-max Seat #3 is the button
Seat 1: bena25 (300 in chips) 
Seat 2: Shrike911 (550 in chips) 
Seat 3: Mahu2021 (650 in chips) 
bena25: posts small blind 15
Shrike911: posts big blind 30
*** HOLE CARDS ***
Dealt to Mahu2021 [2h 5h]
Mahu2021: calls 30
bena25: raises 270 to 300 and is all-in
Shrike911: calls 270
Mahu2021: folds 
*** FLOP *** [3h Qd Tc]
*** TURN *** [3h Qd Tc] [Ts]
*** RIVER *** [3h Qd Tc Ts] [Qc]
*** SHOW DOWN ***
bena25: shows [Kd Ad] (two pair, Queens and Tens)
Shrike911: shows [Td 8h] (a full house, Tens full of Queens)
Shrike911 collected 630 from pot
bena25 finished the tournament in 3rd place
*** SUMMARY ***
Total pot 630 | Rake 0 
Board [3h Qd Tc Ts Qc]
Seat 1: bena25 (small blind) showed [Kd Ad] and lost with two pair, Queens and Tens
Seat 2: Shrike911 (big blind) showed [Td 8h] and won (630) with a full house, Tens full of Queens
Seat 3: Mahu2021 (button) folded before Flop



PokerStars Hand #248165298266: Tournament #3698456124, $1.84+$0.16 USD Hold'em No Limit - Level III (20/40) - 2024/01/09 17:32:39 CET [2024/01/09 11:32:39 ET]
Table '3698456124 1' 3-max Seat #2 is the button
Seat 2: Shrike911 (880 in chips) 
Seat 3: Mahu2021 (620 in chips) 
Shrike911: posts small blind 20
Mahu2021: posts big blind 40
*** HOLE CARDS ***
Dealt to Mahu2021 [6d As]
Shrike911: raises 40 to 80
Mahu2021: calls 40
*** FLOP *** [8d Jc Kc]
Mahu2021: checks 
Shrike911: checks 
*** TURN *** [8d Jc Kc] [2s]
Mahu2021: checks 
Shrike911: bets 96
Mahu2021: folds 
Uncalled bet (96) returned to Shrike911
Shrike911 collected 160 from pot
*** SUMMARY ***
Total pot 160 | Rake 0 
Board [8d Jc Kc 2s]
Seat 2: Shrike911 (button) (small blind) collected (160)
Seat 3: Mahu2021 (big blind) folded on the Turn



PokerStars Hand #248165302508: Tournament #3698456124, $1.84+$0.16 USD Hold'em No Limit - Level III (20/40) - 2024/01/09 17:32:53 CET [2024/01/09 11:32:53 ET]
Table '3698456124 1' 3-max Seat #3 is the button
Seat 2: Shrike911 (960 in chips) 
Seat 3: Mahu2021 (540 in chips) 
Mahu2021: posts small blind 20
Shrike911: posts big blind 40
*** HOLE CARDS ***
Dealt to Mahu2021 [Tc Qs]
Mahu2021: raises 40 to 80
Shrike911: calls 40
*** FLOP *** [Ks Js Ah]
Shrike911: checks 
Mahu2021: checks 
*** TURN *** [Ks Js Ah] [2d]
Shrike911: checks 
Mahu2021: checks 
*** RIVER *** [Ks Js Ah 2d] [5s]
Shrike911: checks 
Mahu2021: bets 160
Shrike911: folds 
Uncalled bet (160) returned to Mahu2021
Mahu2021 collected 160 from pot
Mahu2021: doesn't show hand 
*** SUMMARY ***
Total pot 160 | Rake 0 
Board [Ks Js Ah 2d 5s]
Seat 2: Shrike911 (big blind) folded on the River
Seat 3: Mahu2021 (button) (small blind) collected (160)



PokerStars Hand #248165308017: Tournament #3698456124, $1.84+$0.16 USD Hold'em No Limit - Level III (20/40) - 2024/01/09 17:33:12 CET [2024/01/09 11:33:12 ET]
Table '3698456124 1' 3-max Seat #2 is the button
Seat 2: Shrike911 (880 in chips) 
Seat 3: Mahu2021 (620 in chips) 
Shrike911: posts small blind 20
Mahu2021: posts big blind 40
*** HOLE CARDS ***
Dealt to Mahu2021 [5s 2d]
Shrike911: raises 40 to 80
Mahu2021: folds 
Uncalled bet (40) returned to Shrike911
Shrike911 collected 80 from pot
*** SUMMARY ***
Total pot 80 | Rake 0 
Seat 2: Shrike911 (button) (small blind) collected (80)
Seat 3: Mahu2021 (big blind) folded before Flop



PokerStars Hand #248165309559: Tournament #3698456124, $1.84+$0.16 USD Hold'em No Limit - Level III (20/40) - 2024/01/09 17:33:18 CET [2024/01/09 11:33:18 ET]
Table '3698456124 1' 3-max Seat #3 is the button
Seat 2: Shrike911 (920 in chips) 
Seat 3: Mahu2021 (580 in chips) 
Mahu2021: posts small blind 20
Shrike911: posts big blind 40
*** HOLE CARDS ***
Dealt to Mahu2021 [Qc 3h]
Mahu2021: calls 20
Shrike911: raises 880 to 920 and is all-in
Mahu2021: folds 
Uncalled bet (880) returned to Shrike911
Shrike911 collected 80 from pot
*** SUMMARY ***
Total pot 80 | Rake 0 
Seat 2: Shrike911 (big blind) collected (80)
Seat 3: Mahu2021 (button) (small blind) folded before Flop



PokerStars Hand #248165312194: Tournament #3698456124, $1.84+$0.16 USD Hold'em No Limit - Level III (20/40) - 2024/01/09 17:33:26 CET [2024/01/09 11:33:26 ET]
Table '3698456124 1' 3-max Seat #2 is the button
Seat 2: Shrike911 (960 in chips) 
Seat 3: Mahu2021 (540 in chips) 
Shrike911: posts small blind 20
Mahu2021: posts big blind 40
*** HOLE CARDS ***
Dealt to Mahu2021 [3s 9c]
Shrike911: calls 20
Mahu2021: checks 
*** FLOP *** [Ks 4s 8h]
Mahu2021: checks 
Shrike911: bets 48
Mahu2021: folds 
Uncalled bet (48) returned to Shrike911
Shrike911 collected 80 from pot
*** SUMMARY ***
Total pot 80 | Rake 0 
Board [Ks 4s 8h]
Seat 2: Shrike911 (button) (small blind) collected (80)
Seat 3: Mahu2021 (big blind) folded on the Flop



PokerStars Hand #248165315819: Tournament #3698456124, $1.84+$0.16 USD Hold'em No Limit - Level III (20/40) - 2024/01/09 17:33:39 CET [2024/01/09 11:33:39 ET]
Table '3698456124 1' 3-max Seat #3 is the button
Seat 2: Shrike911 (1000 in chips) 
Seat 3: Mahu2021 (500 in chips) 
Mahu2021: posts small blind 20
Shrike911: posts big blind 40
*** HOLE CARDS ***
Dealt to Mahu2021 [5c Js]
Mahu2021: folds 
Uncalled bet (20) returned to Shrike911
Shrike911 collected 40 from pot
*** SUMMARY ***
Total pot 40 | Rake 0 
Seat 2: Shrike911 (big blind) collected (40)
Seat 3: Mahu2021 (button) (small blind) folded before Flop



PokerStars Hand #248165317355: Tournament #3698456124, $1.84+$0.16 USD Hold'em No Limit - Level III (20/40) - 2024/01/09 17:33:44 CET [2024/01/09 11:33:44 ET]
Table '3698456124 1' 3-max Seat #2 is the button
Seat 2: Shrike911 (1020 in chips) 
Seat 3: Mahu2021 (480 in chips) 
Shrike911: posts small blind 20
Mahu2021: posts big blind 40
*** HOLE CARDS ***
Dealt to Mahu2021 [Kd 5h]
Shrike911: raises 40 to 80
Mahu2021: calls 40
*** FLOP *** [5s Ah 3d]
Mahu2021: checks 
Shrike911: bets 96
Mahu2021: calls 96
*** TURN *** [5s Ah 3d] [Qs]
Mahu2021: checks 
Shrike911: bets 211
Mahu2021: folds 
Uncalled bet (211) returned to Shrike911
Shrike911 collected 352 from pot
*** SUMMARY ***
Total pot 352 | Rake 0 
Board [5s Ah 3d Qs]
Seat 2: Shrike911 (button) (small blind) collected (352)
Seat 3: Mahu2021 (big blind) folded on the Turn



PokerStars Hand #248165322373: Tournament #3698456124, $1.84+$0.16 USD Hold'em No Limit - Level III (20/40) - 2024/01/09 17:34:01 CET [2024/01/09 11:34:01 ET]
Table '3698456124 1' 3-max Seat #3 is the button
Seat 2: Shrike911 (1196 in chips) 
Seat 3: Mahu2021 (304 in chips) 
Mahu2021: posts small blind 20
Shrike911: posts big blind 40
*** HOLE CARDS ***
Dealt to Mahu2021 [3s 3h]
Mahu2021: raises 264 to 304 and is all-in
Shrike911: folds 
Uncalled bet (264) returned to Mahu2021
Mahu2021 collected 80 from pot
Mahu2021: doesn't show hand 
*** SUMMARY ***
Total pot 80 | Rake 0 
Seat 2: Shrike911 (big blind) folded before Flop
Seat 3: Mahu2021 (button) (small blind) collected (80)



PokerStars Hand #248165324853: Tournament #3698456124, $1.84+$0.16 USD Hold'em No Limit - Level III (20/40) - 2024/01/09 17:34:10 CET [2024/01/09 11:34:10 ET]
Table '3698456124 1' 3-max Seat #2 is the button
Seat 2: Shrike911 (1156 in chips) 
Seat 3: Mahu2021 (344 in chips) 
Shrike911: posts small blind 20
Mahu2021: posts big blind 40
*** HOLE CARDS ***
Dealt to Mahu2021 [As 5h]
Shrike911: folds 
Uncalled bet (20) returned to Mahu2021
Mahu2021 collected 40 from pot
Mahu2021: doesn't show hand 
*** SUMMARY ***
Total pot 40 | Rake 0 
Seat 2: Shrike911 (button) (small blind) folded before Flop
Seat 3: Mahu2021 (big blind) collected (40)



PokerStars Hand #248165326445: Tournament #3698456124, $1.84+$0.16 USD Hold'em No Limit - Level III (20/40) - 2024/01/09 17:34:15 CET [2024/01/09 11:34:15 ET]
Table '3698456124 1' 3-max Seat #3 is the button
Seat 2: Shrike911 (1136 in chips) 
Seat 3: Mahu2021 (364 in chips) 
Mahu2021: posts small blind 20
Shrike911: posts big blind 40
*** HOLE CARDS ***
Dealt to Mahu2021 [4s Th]
Mahu2021: folds 
Uncalled bet (20) returned to Shrike911
Shrike911 collected 40 from pot
*** SUMMARY ***
Total pot 40 | Rake 0 
Seat 2: Shrike911 (big blind) collected (40)
Seat 3: Mahu2021 (button) (small blind) folded before Flop



PokerStars Hand #248165327780: Tournament #3698456124, $1.84+$0.16 USD Hold'em No Limit - Level III (20/40) - 2024/01/09 17:34:20 CET [2024/01/09 11:34:20 ET]
Table '3698456124 1' 3-max Seat #2 is the button
Seat 2: Shrike911 (1156 in chips) 
Seat 3: Mahu2021 (344 in chips) 
Shrike911: posts small blind 20
Mahu2021: posts big blind 40
*** HOLE CARDS ***
Dealt to Mahu2021 [3c Qh]
Shrike911: raises 40 to 80
Mahu2021: folds 
Uncalled bet (40) returned to Shrike911
Shrike911 collected 80 from pot
*** SUMMARY ***
Total pot 80 | Rake 0 
Seat 2: Shrike911 (button) (small blind) collected (80)
Seat 3: Mahu2021 (big blind) folded before Flop



PokerStars Hand #248165329470: Tournament #3698456124, $1.84+$0.16 USD Hold'em No Limit - Level III (20/40) - 2024/01/09 17:34:26 CET [2024/01/09 11:34:26 ET]
Table '3698456124 1' 3-max Seat #3 is the button
Seat 2: Shrike911 (1196 in chips) 
Seat 3: Mahu2021 (304 in chips) 
Mahu2021: posts small blind 20
Shrike911: posts big blind 40
*** HOLE CARDS ***
Dealt to Mahu2021 [7c 6s]
Mahu2021: calls 20
Shrike911: raises 40 to 80
Mahu2021: calls 40
*** FLOP *** [Th 2c 9c]
Shrike911: bets 96
Mahu2021: folds 
Uncalled bet (96) returned to Shrike911
Shrike911 collected 160 from pot
*** SUMMARY ***
Total pot 160 | Rake 0 
Board [Th 2c 9c]
Seat 2: Shrike911 (big blind) collected (160)
Seat 3: Mahu2021 (button) (small blind) folded on the Flop



PokerStars Hand #248165334915: Tournament #3698456124, $1.84+$0.16 USD Hold'em No Limit - Level IV (30/60) - 2024/01/09 17:34:45 CET [2024/01/09 11:34:45 ET]
Table '3698456124 1' 3-max Seat #2 is the button
Seat 2: Shrike911 (1276 in chips) 
Seat 3: Mahu2021 (224 in chips) 
Shrike911: posts small blind 30
Mahu2021: posts big blind 60
*** HOLE CARDS ***
Dealt to Mahu2021 [Kh Kc]
Shrike911: calls 30
Mahu2021: raises 164 to 224 and is all-in
Shrike911: calls 164
*** FLOP *** [Ah 5s 7c]
*** TURN *** [Ah 5s 7c] [9d]
*** RIVER *** [Ah 5s 7c 9d] [7h]
*** SHOW DOWN ***
Mahu2021: shows [Kh Kc] (two pair, Kings and Sevens)
Shrike911: shows [8d 2d] (a pair of Sevens)
Mahu2021 collected 448 from pot
*** SUMMARY ***
Total pot 448 | Rake 0 
Board [Ah 5s 7c 9d 7h]
Seat 2: Shrike911 (button) (small blind) showed [8d 2d] and lost with a pair of Sevens
Seat 3: Mahu2021 (big blind) showed [Kh Kc] and won (448) with two pair, Kings and Sevens



PokerStars Hand #248165340028: Tournament #3698456124, $1.84+$0.16 USD Hold'em No Limit - Level IV (30/60) - 2024/01/09 17:35:02 CET [2024/01/09 11:35:02 ET]
Table '3698456124 1' 3-max Seat #3 is the button
Seat 2: Shrike911 (1052 in chips) 
Seat 3: Mahu2021 (448 in chips) 
Mahu2021: posts small blind 30
Shrike911: posts big blind 60
*** HOLE CARDS ***
Dealt to Mahu2021 [Qh 3h]
Mahu2021: calls 30
Shrike911: checks 
*** FLOP *** [2s 8c Tc]
Shrike911: checks 
Mahu2021: bets 60
Shrike911: folds 
Uncalled bet (60) returned to Mahu2021
Mahu2021 collected 120 from pot
Mahu2021: doesn't show hand 
*** SUMMARY ***
Total pot 120 | Rake 0 
Board [2s 8c Tc]
Seat 2: Shrike911 (big blind) folded on the Flop
Seat 3: Mahu2021 (button) (small blind) collected (120)



PokerStars Hand #248165343262: Tournament #3698456124, $1.84+$0.16 USD Hold'em No Limit - Level IV (30/60) - 2024/01/09 17:35:13 CET [2024/01/09 11:35:13 ET]
Table '3698456124 1' 3-max Seat #2 is the button
Seat 2: Shrike911 (992 in chips) 
Seat 3: Mahu2021 (508 in chips) 
Shrike911: posts small blind 30
Mahu2021: posts big blind 60
*** HOLE CARDS ***
Dealt to Mahu2021 [6s 2d]
Shrike911: folds 
Uncalled bet (30) returned to Mahu2021
Mahu2021 collected 60 from pot
Mahu2021: doesn't show hand 
*** SUMMARY ***
Total pot 60 | Rake 0 
Seat 2: Shrike911 (button) (small blind) folded before Flop
Seat 3: Mahu2021 (big blind) collected (60)



PokerStars Hand #248165344835: Tournament #3698456124, $1.84+$0.16 USD Hold'em No Limit - Level IV (30/60) - 2024/01/09 17:35:19 CET [2024/01/09 11:35:19 ET]
Table '3698456124 1' 3-max Seat #3 is the button
Seat 2: Shrike911 (962 in chips) 
Seat 3: Mahu2021 (538 in chips) 
Mahu2021: posts small blind 30
Shrike911: posts big blind 60
*** HOLE CARDS ***
Dealt to Mahu2021 [2s 6d]
Mahu2021: calls 30
Shrike911: raises 60 to 120
Mahu2021: calls 60
*** FLOP *** [Ac 2c 9h]
Shrike911: bets 144
Mahu2021: folds 
Uncalled bet (144) returned to Shrike911
Shrike911 collected 240 from pot
*** SUMMARY ***
Total pot 240 | Rake 0 
Board [Ac 2c 9h]
Seat 2: Shrike911 (big blind) collected (240)
Seat 3: Mahu2021 (button) (small blind) folded on the Flop



PokerStars Hand #248165348906: Tournament #3698456124, $1.84+$0.16 USD Hold'em No Limit - Level IV (30/60) - 2024/01/09 17:35:33 CET [2024/01/09 11:35:33 ET]
Table '3698456124 1' 3-max Seat #2 is the button
Seat 2: Shrike911 (1082 in chips) 
Seat 3: Mahu2021 (418 in chips) 
Shrike911: posts small blind 30
Mahu2021: posts big blind 60
*** HOLE CARDS ***
Dealt to Mahu2021 [Jh 3c]
Shrike911: raises 120 to 180
Mahu2021: folds 
Uncalled bet (120) returned to Shrike911
Shrike911 collected 120 from pot
*** SUMMARY ***
Total pot 120 | Rake 0 
Seat 2: Shrike911 (button) (small blind) collected (120)
Seat 3: Mahu2021 (big blind) folded before Flop



