PokerStars Hand #254189491655: Tournament #3842637210, $1.84+$0.16 USD Hold'em No Limit - Level I (10/20) - 2025/01/04 15:26:10 CET [2025/01/04 9:26:10 ET]
Table '3842637210 1' 3-max Seat #1 is the button
Seat 1: kojac01 (500 in chips) 
Seat 2: Mahu2021 (500 in chips) 
Seat 3: muddyrivr (500 in chips) 
Mahu2021: posts small blind 10
muddyrivr: posts big blind 20
*** HOLE CARDS ***
Dealt to Mahu2021 [3s Qs]
kojac01: raises 20 to 40
Mahu2021: calls 30
muddyrivr: calls 20
*** FLOP *** [9c 7c Jd]
Mahu2021: checks 
muddyrivr: bets 20
kojac01: calls 20
Mahu2021: folds 
*** TURN *** [9c 7c Jd] [2c]
muddyrivr: bets 20
kojac01: calls 20
*** RIVER *** [9c 7c Jd 2c] [Ts]
muddyrivr: bets 420 and is all-in
kojac01: folds 
Uncalled bet (420) returned to muddyrivr
muddyrivr collected 200 from pot
*** SUMMARY ***
Total pot 200 | Rake 0 
Board [9c 7c Jd 2c Ts]
Seat 1: kojac01 (button) folded on the River
Seat 2: Mahu2021 (small blind) folded on the Flop
Seat 3: muddyrivr (big blind) collected (200)



PokerStars Hand #254189497778: Tournament #3842637210, $1.84+$0.16 USD Hold'em No Limit - Level I (10/20) - 2025/01/04 15:26:39 CET [2025/01/04 9:26:39 ET]
Table '3842637210 1' 3-max Seat #2 is the button
Seat 1: kojac01 (420 in chips) 
Seat 2: Mahu2021 (460 in chips) 
Seat 3: muddyrivr (620 in chips) 
muddyrivr: posts small blind 10
kojac01: posts big blind 20
*** HOLE CARDS ***
Dealt to Mahu2021 [3d Ah]
Mahu2021: raises 20 to 40
muddyrivr: calls 30
kojac01: calls 20
*** FLOP *** [5h Td Ac]
muddyrivr: checks 
kojac01: checks 
Mahu2021: bets 120
muddyrivr: folds 
kojac01: folds 
Uncalled bet (120) returned to Mahu2021
Mahu2021 collected 120 from pot
Mahu2021: doesn't show hand 
*** SUMMARY ***
Total pot 120 | Rake 0 
Board [5h Td Ac]
Seat 1: kojac01 (big blind) folded on the Flop
Seat 2: Mahu2021 (button) collected (120)
Seat 3: muddyrivr (small blind) folded on the Flop



PokerStars Hand #254189502322: Tournament #3842637210, $1.84+$0.16 USD Hold'em No Limit - Level I (10/20) - 2025/01/04 15:27:00 CET [2025/01/04 9:27:00 ET]
Table '3842637210 1' 3-max Seat #3 is the button
Seat 1: kojac01 (380 in chips) 
Seat 2: Mahu2021 (540 in chips) 
Seat 3: muddyrivr (580 in chips) 
kojac01: posts small blind 10
Mahu2021: posts big blind 20
*** HOLE CARDS ***
Dealt to Mahu2021 [7h 6s]
muddyrivr: folds 
kojac01: calls 10
Mahu2021: checks 
*** FLOP *** [Ts 4s 7d]
kojac01: checks 
Mahu2021: bets 40
kojac01: raises 320 to 360 and is all-in
Mahu2021: folds 
Uncalled bet (320) returned to kojac01
kojac01 collected 120 from pot
kojac01: doesn't show hand 
*** SUMMARY ***
Total pot 120 | Rake 0 
Board [Ts 4s 7d]
Seat 1: kojac01 (small blind) collected (120)
Seat 2: Mahu2021 (big blind) folded on the Flop
Seat 3: muddyrivr (button) folded before Flop (didn't bet)



PokerStars Hand #254189507077: Tournament #3842637210, $1.84+$0.16 USD Hold'em No Limit - Level I (10/20) - 2025/01/04 15:27:22 CET [2025/01/04 9:27:22 ET]
Table '3842637210 1' 3-max Seat #1 is the button
Seat 1: kojac01 (440 in chips) 
Seat 2: Mahu2021 (480 in chips) 
Seat 3: muddyrivr (580 in chips) 
Mahu2021: posts small blind 10
muddyrivr: posts big blind 20
*** HOLE CARDS ***
Dealt to Mahu2021 [3c Qh]
kojac01: raises 20 to 40
Mahu2021: folds 
muddyrivr: raises 540 to 580 and is all-in
kojac01: calls 400 and is all-in
Uncalled bet (140) returned to muddyrivr
*** FLOP *** [2s 2c 7s]
*** TURN *** [2s 2c 7s] [6s]
*** RIVER *** [2s 2c 7s 6s] [Qc]
*** SHOW DOWN ***
muddyrivr: shows [Kc Ac] (a pair of Deuces)
kojac01: shows [Ad Qs] (two pair, Queens and Deuces)
kojac01 collected 890 from pot
*** SUMMARY ***
Total pot 890 | Rake 0 
Board [2s 2c 7s 6s Qc]
Seat 1: kojac01 (button) showed [Ad Qs] and won (890) with two pair, Queens and Deuces
Seat 2: Mahu2021 (small blind) folded before Flop
Seat 3: muddyrivr (big blind) showed [Kc Ac] and lost with a pair of Deuces



PokerStars Hand #254189510703: Tournament #3842637210, $1.84+$0.16 USD Hold'em No Limit - Level I (10/20) - 2025/01/04 15:27:39 CET [2025/01/04 9:27:39 ET]
Table '3842637210 1' 3-max Seat #2 is the button
Seat 1: kojac01 (890 in chips) 
Seat 2: Mahu2021 (470 in chips) 
Seat 3: muddyrivr (140 in chips) 
muddyrivr: posts small blind 10
kojac01: posts big blind 20
*** HOLE CARDS ***
Dealt to Mahu2021 [Ah 4s]
Mahu2021: calls 20
muddyrivr: raises 120 to 140 and is all-in
kojac01: folds 
Mahu2021: calls 120
*** FLOP *** [7s Qd 8c]
*** TURN *** [7s Qd 8c] [Kc]
*** RIVER *** [7s Qd 8c Kc] [3c]
*** SHOW DOWN ***
muddyrivr: shows [5s 2h] (high card King)
Mahu2021: shows [Ah 4s] (high card Ace)
Mahu2021 collected 300 from pot
muddyrivr finished the tournament in 3rd place
*** SUMMARY ***
Total pot 300 | Rake 0 
Board [7s Qd 8c Kc 3c]
Seat 1: kojac01 (big blind) folded before Flop
Seat 2: Mahu2021 (button) showed [Ah 4s] and won (300) with high card Ace
Seat 3: muddyrivr (small blind) showed [5s 2h] and lost with high card King



PokerStars Hand #254189515522: Tournament #3842637210, $1.84+$0.16 USD Hold'em No Limit - Level I (10/20) - 2025/01/04 15:28:01 CET [2025/01/04 9:28:01 ET]
Table '3842637210 1' 3-max Seat #1 is the button
Seat 1: kojac01 (870 in chips) 
Seat 2: Mahu2021 (630 in chips) 
kojac01: posts small blind 10
Mahu2021: posts big blind 20
*** HOLE CARDS ***
Dealt to Mahu2021 [Js 9c]
kojac01: raises 20 to 40
Mahu2021: calls 20
*** FLOP *** [3s 3d Qh]
Mahu2021: checks 
kojac01: bets 40
Mahu2021: folds 
Uncalled bet (40) returned to kojac01
kojac01 collected 80 from pot
kojac01: doesn't show hand 
*** SUMMARY ***
Total pot 80 | Rake 0 
Board [3s 3d Qh]
Seat 1: kojac01 (button) (small blind) collected (80)
Seat 2: Mahu2021 (big blind) folded on the Flop



PokerStars Hand #254189519056: Tournament #3842637210, $1.84+$0.16 USD Hold'em No Limit - Level II (15/30) - 2025/01/04 15:28:17 CET [2025/01/04 9:28:17 ET]
Table '3842637210 1' 3-max Seat #2 is the button
Seat 1: kojac01 (910 in chips) 
Seat 2: Mahu2021 (590 in chips) 
Mahu2021: posts small blind 15
kojac01: posts big blind 30
*** HOLE CARDS ***
Dealt to Mahu2021 [As 4h]
Mahu2021: raises 30 to 60
kojac01: calls 30
*** FLOP *** [9h 8h 6c]
kojac01: checks 
Mahu2021: checks 
*** TURN *** [9h 8h 6c] [Jc]
kojac01: bets 60
Mahu2021: folds 
Uncalled bet (60) returned to kojac01
kojac01 collected 120 from pot
kojac01: doesn't show hand 
*** SUMMARY ***
Total pot 120 | Rake 0 
Board [9h 8h 6c Jc]
Seat 1: kojac01 (big blind) collected (120)
Seat 2: Mahu2021 (button) (small blind) folded on the Turn



PokerStars Hand #254189523241: Tournament #3842637210, $1.84+$0.16 USD Hold'em No Limit - Level II (15/30) - 2025/01/04 15:28:37 CET [2025/01/04 9:28:37 ET]
Table '3842637210 1' 3-max Seat #1 is the button
Seat 1: kojac01 (970 in chips) 
Seat 2: Mahu2021 (530 in chips) 
kojac01: posts small blind 15
Mahu2021: posts big blind 30
*** HOLE CARDS ***
Dealt to Mahu2021 [Ts As]
kojac01: calls 15
Mahu2021: raises 500 to 530 and is all-in
kojac01: folds 
Uncalled bet (500) returned to Mahu2021
Mahu2021 collected 60 from pot
Mahu2021: doesn't show hand 
*** SUMMARY ***
Total pot 60 | Rake 0 
Seat 1: kojac01 (button) (small blind) folded before Flop
Seat 2: Mahu2021 (big blind) collected (60)



PokerStars Hand #254189527103: Tournament #3842637210, $1.84+$0.16 USD Hold'em No Limit - Level II (15/30) - 2025/01/04 15:28:55 CET [2025/01/04 9:28:55 ET]
Table '3842637210 1' 3-max Seat #2 is the button
Seat 1: kojac01 (940 in chips) 
Seat 2: Mahu2021 (560 in chips) 
Mahu2021: posts small blind 15
kojac01: posts big blind 30
*** HOLE CARDS ***
Dealt to Mahu2021 [9c 4c]
Mahu2021: folds 
Uncalled bet (15) returned to kojac01
kojac01 collected 30 from pot
kojac01: doesn't show hand 
*** SUMMARY ***
Total pot 30 | Rake 0 
Seat 1: kojac01 (big blind) collected (30)
Seat 2: Mahu2021 (button) (small blind) folded before Flop



PokerStars Hand #254189528078: Tournament #3842637210, $1.84+$0.16 USD Hold'em No Limit - Level II (15/30) - 2025/01/04 15:28:59 CET [2025/01/04 9:28:59 ET]
Table '3842637210 1' 3-max Seat #1 is the button
Seat 1: kojac01 (955 in chips) 
Seat 2: Mahu2021 (545 in chips) 
kojac01: posts small blind 15
Mahu2021: posts big blind 30
*** HOLE CARDS ***
Dealt to Mahu2021 [Tc Jd]
kojac01: calls 15
Mahu2021: checks 
*** FLOP *** [7s 9s Kh]
Mahu2021: checks 
kojac01: checks 
*** TURN *** [7s 9s Kh] [2h]
Mahu2021: checks 
kojac01: checks 
*** RIVER *** [7s 9s Kh 2h] [5d]
Mahu2021: checks 
kojac01: checks 
*** SHOW DOWN ***
Mahu2021: shows [Tc Jd] (high card King)
kojac01: mucks hand 
Mahu2021 collected 60 from pot
*** SUMMARY ***
Total pot 60 | Rake 0 
Board [7s 9s Kh 2h 5d]
Seat 1: kojac01 (button) (small blind) mucked [8d 4d]
Seat 2: Mahu2021 (big blind) showed [Tc Jd] and won (60) with high card King



PokerStars Hand #254189533542: Tournament #3842637210, $1.84+$0.16 USD Hold'em No Limit - Level II (15/30) - 2025/01/04 15:29:25 CET [2025/01/04 9:29:25 ET]
Table '3842637210 1' 3-max Seat #2 is the button
Seat 1: kojac01 (925 in chips) 
Seat 2: Mahu2021 (575 in chips) 
Mahu2021: posts small blind 15
kojac01: posts big blind 30
*** HOLE CARDS ***
Dealt to Mahu2021 [2h 4c]
Mahu2021: folds 
Uncalled bet (15) returned to kojac01
kojac01 collected 30 from pot
kojac01: doesn't show hand 
*** SUMMARY ***
Total pot 30 | Rake 0 
Seat 1: kojac01 (big blind) collected (30)
Seat 2: Mahu2021 (button) (small blind) folded before Flop



PokerStars Hand #254189534864: Tournament #3842637210, $1.84+$0.16 USD Hold'em No Limit - Level II (15/30) - 2025/01/04 15:29:31 CET [2025/01/04 9:29:31 ET]
Table '3842637210 1' 3-max Seat #1 is the button
Seat 1: kojac01 (940 in chips) 
Seat 2: Mahu2021 (560 in chips) 
kojac01: posts small blind 15
Mahu2021: posts big blind 30
*** HOLE CARDS ***
Dealt to Mahu2021 [Ad Td]
kojac01: calls 15
Mahu2021: raises 90 to 120
kojac01: folds 
Uncalled bet (90) returned to Mahu2021
Mahu2021 collected 60 from pot
Mahu2021: doesn't show hand 
*** SUMMARY ***
Total pot 60 | Rake 0 
Seat 1: kojac01 (button) (small blind) folded before Flop
Seat 2: Mahu2021 (big blind) collected (60)



PokerStars Hand #254189536578: Tournament #3842637210, $1.84+$0.16 USD Hold'em No Limit - Level II (15/30) - 2025/01/04 15:29:40 CET [2025/01/04 9:29:40 ET]
Table '3842637210 1' 3-max Seat #2 is the button
Seat 1: kojac01 (910 in chips) 
Seat 2: Mahu2021 (590 in chips) 
Mahu2021: posts small blind 15
kojac01: posts big blind 30
*** HOLE CARDS ***
Dealt to Mahu2021 [8s Js]
Mahu2021: raises 30 to 60
kojac01: folds 
Uncalled bet (30) returned to Mahu2021
Mahu2021 collected 60 from pot
Mahu2021: doesn't show hand 
*** SUMMARY ***
Total pot 60 | Rake 0 
Seat 1: kojac01 (big blind) folded before Flop
Seat 2: Mahu2021 (button) (small blind) collected (60)



PokerStars Hand #254189538042: Tournament #3842637210, $1.84+$0.16 USD Hold'em No Limit - Level II (15/30) - 2025/01/04 15:29:46 CET [2025/01/04 9:29:46 ET]
Table '3842637210 1' 3-max Seat #1 is the button
Seat 1: kojac01 (880 in chips) 
Seat 2: Mahu2021 (620 in chips) 
kojac01: posts small blind 15
Mahu2021: posts big blind 30
*** HOLE CARDS ***
Dealt to Mahu2021 [Tc Jh]
kojac01: raises 30 to 60
Mahu2021: calls 30
*** FLOP *** [9h 7h Ad]
Mahu2021: checks 
kojac01: bets 60
Mahu2021: calls 60
*** TURN *** [9h 7h Ad] [6d]
Mahu2021: checks 
kojac01: checks 
*** RIVER *** [9h 7h Ad 6d] [5d]
Mahu2021: checks 
kojac01: checks 
*** SHOW DOWN ***
Mahu2021: shows [Tc Jh] (high card Ace)
kojac01: shows [Ks 6s] (a pair of Sixes)
kojac01 collected 240 from pot
*** SUMMARY ***
Total pot 240 | Rake 0 
Board [9h 7h Ad 6d 5d]
Seat 1: kojac01 (button) (small blind) showed [Ks 6s] and won (240) with a pair of Sixes
Seat 2: Mahu2021 (big blind) showed [Tc Jh] and lost with high card Ace



PokerStars Hand #254189542541: Tournament #3842637210, $1.84+$0.16 USD Hold'em No Limit - Level II (15/30) - 2025/01/04 15:30:07 CET [2025/01/04 9:30:07 ET]
Table '3842637210 1' 3-max Seat #2 is the button
Seat 1: kojac01 (1000 in chips) 
Seat 2: Mahu2021 (500 in chips) 
Mahu2021: posts small blind 15
kojac01: posts big blind 30
*** HOLE CARDS ***
Dealt to Mahu2021 [Kd 8h]
Mahu2021: raises 30 to 60
kojac01: calls 30
*** FLOP *** [3h Jh 2d]
kojac01: checks 
Mahu2021: checks 
*** TURN *** [3h Jh 2d] [5s]
kojac01: checks 
Mahu2021: checks 
*** RIVER *** [3h Jh 2d 5s] [9d]
kojac01: checks 
Mahu2021: bets 60
kojac01: folds 
Uncalled bet (60) returned to Mahu2021
Mahu2021 collected 120 from pot
Mahu2021: doesn't show hand 
*** SUMMARY ***
Total pot 120 | Rake 0 
Board [3h Jh 2d 5s 9d]
Seat 1: kojac01 (big blind) folded on the River
Seat 2: Mahu2021 (button) (small blind) collected (120)



PokerStars Hand #254189549073: Tournament #3842637210, $1.84+$0.16 USD Hold'em No Limit - Level III (20/40) - 2025/01/04 15:30:37 CET [2025/01/04 9:30:37 ET]
Table '3842637210 1' 3-max Seat #1 is the button
Seat 1: kojac01 (940 in chips) 
Seat 2: Mahu2021 (560 in chips) 
kojac01: posts small blind 20
Mahu2021: posts big blind 40
*** HOLE CARDS ***
Dealt to Mahu2021 [2c Ac]
kojac01: raises 40 to 80
Mahu2021: calls 40
*** FLOP *** [Jc 9h 8s]
Mahu2021: checks 
kojac01: checks 
*** TURN *** [Jc 9h 8s] [Js]
Mahu2021: checks 
kojac01: bets 80
Mahu2021: calls 80
*** RIVER *** [Jc 9h 8s Js] [8d]
Mahu2021: checks 
kojac01: checks 
*** SHOW DOWN ***
Mahu2021: shows [2c Ac] (two pair, Jacks and Eights)
kojac01: shows [Kh As] (two pair, Jacks and Eights)
Mahu2021 collected 160 from pot
kojac01 collected 160 from pot
*** SUMMARY ***
Total pot 320 | Rake 0 
Board [Jc 9h 8s Js 8d]
Seat 1: kojac01 (button) (small blind) showed [Kh As] and won (160) with two pair, Jacks and Eights
Seat 2: Mahu2021 (big blind) showed [2c Ac] and won (160) with two pair, Jacks and Eights



PokerStars Hand #254189552924: Tournament #3842637210, $1.84+$0.16 USD Hold'em No Limit - Level III (20/40) - 2025/01/04 15:30:54 CET [2025/01/04 9:30:54 ET]
Table '3842637210 1' 3-max Seat #2 is the button
Seat 1: kojac01 (940 in chips) 
Seat 2: Mahu2021 (560 in chips) 
Mahu2021: posts small blind 20
kojac01: posts big blind 40
*** HOLE CARDS ***
Dealt to Mahu2021 [4h 8h]
Mahu2021: calls 20
kojac01: checks 
*** FLOP *** [5c 4d Th]
kojac01: checks 
Mahu2021: bets 40
kojac01: calls 40
*** TURN *** [5c 4d Th] [9s]
kojac01: checks 
Mahu2021: checks 
*** RIVER *** [5c 4d Th 9s] [5d]
kojac01: checks 
Mahu2021: checks 
*** SHOW DOWN ***
kojac01: shows [7c 3c] (a pair of Fives)
Mahu2021: shows [4h 8h] (two pair, Fives and Fours)
Mahu2021 collected 160 from pot
*** SUMMARY ***
Total pot 160 | Rake 0 
Board [5c 4d Th 9s 5d]
Seat 1: kojac01 (big blind) showed [7c 3c] and lost with a pair of Fives
Seat 2: Mahu2021 (button) (small blind) showed [4h 8h] and won (160) with two pair, Fives and Fours



PokerStars Hand #254189558432: Tournament #3842637210, $1.84+$0.16 USD Hold'em No Limit - Level III (20/40) - 2025/01/04 15:31:20 CET [2025/01/04 9:31:20 ET]
Table '3842637210 1' 3-max Seat #1 is the button
Seat 1: kojac01 (860 in chips) 
Seat 2: Mahu2021 (640 in chips) 
kojac01: posts small blind 20
Mahu2021: posts big blind 40
*** HOLE CARDS ***
Dealt to Mahu2021 [Jc 5h]
kojac01: calls 20
Mahu2021: checks 
*** FLOP *** [2d 8h 3c]
Mahu2021: checks 
kojac01: bets 40
Mahu2021: folds 
Uncalled bet (40) returned to kojac01
kojac01 collected 80 from pot
kojac01: doesn't show hand 
*** SUMMARY ***
Total pot 80 | Rake 0 
Board [2d 8h 3c]
Seat 1: kojac01 (button) (small blind) collected (80)
Seat 2: Mahu2021 (big blind) folded on the Flop



PokerStars Hand #254189561306: Tournament #3842637210, $1.84+$0.16 USD Hold'em No Limit - Level III (20/40) - 2025/01/04 15:31:33 CET [2025/01/04 9:31:33 ET]
Table '3842637210 1' 3-max Seat #2 is the button
Seat 1: kojac01 (900 in chips) 
Seat 2: Mahu2021 (600 in chips) 
Mahu2021: posts small blind 20
kojac01: posts big blind 40
*** HOLE CARDS ***
Dealt to Mahu2021 [6c 3s]
Mahu2021: folds 
Uncalled bet (20) returned to kojac01
kojac01 collected 40 from pot
kojac01: doesn't show hand 
*** SUMMARY ***
Total pot 40 | Rake 0 
Seat 1: kojac01 (big blind) collected (40)
Seat 2: Mahu2021 (button) (small blind) folded before Flop



PokerStars Hand #254189562288: Tournament #3842637210, $1.84+$0.16 USD Hold'em No Limit - Level III (20/40) - 2025/01/04 15:31:38 CET [2025/01/04 9:31:38 ET]
Table '3842637210 1' 3-max Seat #1 is the button
Seat 1: kojac01 (920 in chips) 
Seat 2: Mahu2021 (580 in chips) 
kojac01: posts small blind 20
Mahu2021: posts big blind 40
*** HOLE CARDS ***
Dealt to Mahu2021 [4d 2d]
kojac01: raises 40 to 80
Mahu2021: calls 40
*** FLOP *** [4c 7h 3s]
Mahu2021: checks 
kojac01: bets 80
Mahu2021: folds 
Uncalled bet (80) returned to kojac01
kojac01 collected 160 from pot
kojac01: doesn't show hand 
*** SUMMARY ***
Total pot 160 | Rake 0 
Board [4c 7h 3s]
Seat 1: kojac01 (button) (small blind) collected (160)
Seat 2: Mahu2021 (big blind) folded on the Flop



PokerStars Hand #254189565250: Tournament #3842637210, $1.84+$0.16 USD Hold'em No Limit - Level III (20/40) - 2025/01/04 15:31:52 CET [2025/01/04 9:31:52 ET]
Table '3842637210 1' 3-max Seat #2 is the button
Seat 1: kojac01 (1000 in chips) 
Seat 2: Mahu2021 (500 in chips) 
Mahu2021: posts small blind 20
kojac01: posts big blind 40
*** HOLE CARDS ***
Dealt to Mahu2021 [8h Js]
Mahu2021: raises 40 to 80
kojac01: folds 
Uncalled bet (40) returned to Mahu2021
Mahu2021 collected 80 from pot
Mahu2021: doesn't show hand 
*** SUMMARY ***
Total pot 80 | Rake 0 
Seat 1: kojac01 (big blind) folded before Flop
Seat 2: Mahu2021 (button) (small blind) collected (80)



PokerStars Hand #254189566831: Tournament #3842637210, $1.84+$0.16 USD Hold'em No Limit - Level III (20/40) - 2025/01/04 15:31:59 CET [2025/01/04 9:31:59 ET]
Table '3842637210 1' 3-max Seat #1 is the button
Seat 1: kojac01 (960 in chips) 
Seat 2: Mahu2021 (540 in chips) 
kojac01: posts small blind 20
Mahu2021: posts big blind 40
*** HOLE CARDS ***
Dealt to Mahu2021 [Qc Td]
kojac01: calls 20
Mahu2021: raises 120 to 160
kojac01: folds 
Uncalled bet (120) returned to Mahu2021
Mahu2021 collected 80 from pot
Mahu2021: doesn't show hand 
*** SUMMARY ***
Total pot 80 | Rake 0 
Seat 1: kojac01 (button) (small blind) folded before Flop
Seat 2: Mahu2021 (big blind) collected (80)



PokerStars Hand #254189569016: Tournament #3842637210, $1.84+$0.16 USD Hold'em No Limit - Level III (20/40) - 2025/01/04 15:32:10 CET [2025/01/04 9:32:10 ET]
Table '3842637210 1' 3-max Seat #2 is the button
Seat 1: kojac01 (920 in chips) 
Seat 2: Mahu2021 (580 in chips) 
Mahu2021: posts small blind 20
kojac01: posts big blind 40
*** HOLE CARDS ***
Dealt to Mahu2021 [7d 6h]
Mahu2021: calls 20
kojac01: raises 880 to 920 and is all-in
Mahu2021: folds 
Uncalled bet (880) returned to kojac01
kojac01 collected 80 from pot
kojac01: doesn't show hand 
*** SUMMARY ***
Total pot 80 | Rake 0 
Seat 1: kojac01 (big blind) collected (80)
Seat 2: Mahu2021 (button) (small blind) folded before Flop



PokerStars Hand #254189571316: Tournament #3842637210, $1.84+$0.16 USD Hold'em No Limit - Level IV (30/60) - 2025/01/04 15:32:21 CET [2025/01/04 9:32:21 ET]
Table '3842637210 1' 3-max Seat #1 is the button
Seat 1: kojac01 (960 in chips) 
Seat 2: Mahu2021 (540 in chips) 
kojac01: posts small blind 30
Mahu2021: posts big blind 60
*** HOLE CARDS ***
Dealt to Mahu2021 [2h Qs]
kojac01: calls 30
Mahu2021: checks 
*** FLOP *** [Tc Qc Kc]
Mahu2021: checks 
kojac01: checks 
*** TURN *** [Tc Qc Kc] [Td]
Mahu2021: checks 
kojac01: bets 60
Mahu2021: calls 60
*** RIVER *** [Tc Qc Kc Td] [5s]
Mahu2021: checks 
kojac01: bets 120
Mahu2021: raises 120 to 240
kojac01: calls 120
*** SHOW DOWN ***
Mahu2021: shows [2h Qs] (two pair, Queens and Tens)
kojac01: shows [Th 4d] (three of a kind, Tens)
kojac01 collected 720 from pot
*** SUMMARY ***
Total pot 720 | Rake 0 
Board [Tc Qc Kc Td 5s]
Seat 1: kojac01 (button) (small blind) showed [Th 4d] and won (720) with three of a kind, Tens
Seat 2: Mahu2021 (big blind) showed [2h Qs] and lost with two pair, Queens and Tens



PokerStars Hand #254189577727: Tournament #3842637210, $1.84+$0.16 USD Hold'em No Limit - Level IV (30/60) - 2025/01/04 15:32:50 CET [2025/01/04 9:32:50 ET]
Table '3842637210 1' 3-max Seat #2 is the button
Seat 1: kojac01 (1320 in chips) 
Seat 2: Mahu2021 (180 in chips) 
Mahu2021: posts small blind 30
kojac01: posts big blind 60
*** HOLE CARDS ***
Dealt to Mahu2021 [Js 8s]
Mahu2021: raises 120 to 180 and is all-in
kojac01: folds 
Uncalled bet (120) returned to Mahu2021
Mahu2021 collected 120 from pot
Mahu2021: doesn't show hand 
*** SUMMARY ***
Total pot 120 | Rake 0 
Seat 1: kojac01 (big blind) folded before Flop
Seat 2: Mahu2021 (button) (small blind) collected (120)



PokerStars Hand #254189579592: Tournament #3842637210, $1.84+$0.16 USD Hold'em No Limit - Level IV (30/60) - 2025/01/04 15:32:59 CET [2025/01/04 9:32:59 ET]
Table '3842637210 1' 3-max Seat #1 is the button
Seat 1: kojac01 (1260 in chips) 
Seat 2: Mahu2021 (240 in chips) 
kojac01: posts small blind 30
Mahu2021: posts big blind 60
*** HOLE CARDS ***
Dealt to Mahu2021 [8c Qc]
kojac01: raises 1200 to 1260 and is all-in
Mahu2021: calls 180 and is all-in
Uncalled bet (1020) returned to kojac01
*** FLOP *** [7s Qh Td]
*** TURN *** [7s Qh Td] [2s]
*** RIVER *** [7s Qh Td 2s] [5h]
*** SHOW DOWN ***
Mahu2021: shows [8c Qc] (a pair of Queens)
kojac01: shows [5s As] (a pair of Fives)
Mahu2021 collected 480 from pot
*** SUMMARY ***
Total pot 480 | Rake 0 
Board [7s Qh Td 2s 5h]
Seat 1: kojac01 (button) (small blind) showed [5s As] and lost with a pair of Fives
Seat 2: Mahu2021 (big blind) showed [8c Qc] and won (480) with a pair of Queens



PokerStars Hand #254189582509: Tournament #3842637210, $1.84+$0.16 USD Hold'em No Limit - Level IV (30/60) - 2025/01/04 15:33:12 CET [2025/01/04 9:33:12 ET]
Table '3842637210 1' 3-max Seat #2 is the button
Seat 1: kojac01 (1020 in chips) 
Seat 2: Mahu2021 (480 in chips) 
Mahu2021: posts small blind 30
kojac01: posts big blind 60
*** HOLE CARDS ***
Dealt to Mahu2021 [2s Ts]
Mahu2021: folds 
Uncalled bet (30) returned to kojac01
kojac01 collected 60 from pot
kojac01: doesn't show hand 
*** SUMMARY ***
Total pot 60 | Rake 0 
Seat 1: kojac01 (big blind) collected (60)
Seat 2: Mahu2021 (button) (small blind) folded before Flop



PokerStars Hand #254189583778: Tournament #3842637210, $1.84+$0.16 USD Hold'em No Limit - Level IV (30/60) - 2025/01/04 15:33:18 CET [2025/01/04 9:33:18 ET]
Table '3842637210 1' 3-max Seat #1 is the button
Seat 1: kojac01 (1050 in chips) 
Seat 2: Mahu2021 (450 in chips) 
kojac01: posts small blind 30
Mahu2021: posts big blind 60
*** HOLE CARDS ***
Dealt to Mahu2021 [3h 6c]
kojac01: calls 30
Mahu2021: checks 
*** FLOP *** [Td Tc 8d]
Mahu2021: checks 
kojac01: checks 
*** TURN *** [Td Tc 8d] [6s]
Mahu2021: bets 60
kojac01: folds 
Uncalled bet (60) returned to Mahu2021
Mahu2021 collected 120 from pot
Mahu2021: doesn't show hand 
*** SUMMARY ***
Total pot 120 | Rake 0 
Board [Td Tc 8d 6s]
Seat 1: kojac01 (button) (small blind) folded on the Turn
Seat 2: Mahu2021 (big blind) collected (120)



PokerStars Hand #254189586603: Tournament #3842637210, $1.84+$0.16 USD Hold'em No Limit - Level IV (30/60) - 2025/01/04 15:33:31 CET [2025/01/04 9:33:31 ET]
Table '3842637210 1' 3-max Seat #2 is the button
Seat 1: kojac01 (990 in chips) 
Seat 2: Mahu2021 (510 in chips) 
Mahu2021: posts small blind 30
kojac01: posts big blind 60
*** HOLE CARDS ***
Dealt to Mahu2021 [2h Kh]
Mahu2021: calls 30
kojac01: checks 
*** FLOP *** [3d 9c 5s]
kojac01: checks 
Mahu2021: checks 
*** TURN *** [3d 9c 5s] [6c]
kojac01: bets 60
Mahu2021: folds 
Uncalled bet (60) returned to kojac01
kojac01 collected 120 from pot
kojac01: doesn't show hand 
*** SUMMARY ***
Total pot 120 | Rake 0 
Board [3d 9c 5s 6c]
Seat 1: kojac01 (big blind) collected (120)
Seat 2: Mahu2021 (button) (small blind) folded on the Turn



PokerStars Hand #254189589783: Tournament #3842637210, $1.84+$0.16 USD Hold'em No Limit - Level IV (30/60) - 2025/01/04 15:33:46 CET [2025/01/04 9:33:46 ET]
Table '3842637210 1' 3-max Seat #1 is the button
Seat 1: kojac01 (1050 in chips) 
Seat 2: Mahu2021 (450 in chips) 
kojac01: posts small blind 30
Mahu2021: posts big blind 60
*** HOLE CARDS ***
Dealt to Mahu2021 [4c 9s]
kojac01: calls 30
Mahu2021: checks 
*** FLOP *** [8h Ad 2s]
Mahu2021: checks 
kojac01: bets 60
Mahu2021: folds 
Uncalled bet (60) returned to kojac01
kojac01 collected 120 from pot
kojac01: doesn't show hand 
*** SUMMARY ***
Total pot 120 | Rake 0 
Board [8h Ad 2s]
Seat 1: kojac01 (button) (small blind) collected (120)
Seat 2: Mahu2021 (big blind) folded on the Flop



PokerStars Hand #254189592466: Tournament #3842637210, $1.84+$0.16 USD Hold'em No Limit - Level IV (30/60) - 2025/01/04 15:33:58 CET [2025/01/04 9:33:58 ET]
Table '3842637210 1' 3-max Seat #2 is the button
Seat 1: kojac01 (1110 in chips) 
Seat 2: Mahu2021 (390 in chips) 
Mahu2021: posts small blind 30
kojac01: posts big blind 60
*** HOLE CARDS ***
Dealt to Mahu2021 [4d 8s]
Mahu2021: folds 
Uncalled bet (30) returned to kojac01
kojac01 collected 60 from pot
kojac01: doesn't show hand 
*** SUMMARY ***
Total pot 60 | Rake 0 
Seat 1: kojac01 (big blind) collected (60)
Seat 2: Mahu2021 (button) (small blind) folded before Flop



PokerStars Hand #254189593456: Tournament #3842637210, $1.84+$0.16 USD Hold'em No Limit - Level IV (30/60) - 2025/01/04 15:34:03 CET [2025/01/04 9:34:03 ET]
Table '3842637210 1' 3-max Seat #1 is the button
Seat 1: kojac01 (1140 in chips) 
Seat 2: Mahu2021 (360 in chips) 
kojac01: posts small blind 30
Mahu2021: posts big blind 60
*** HOLE CARDS ***
Dealt to Mahu2021 [9h 4h]
kojac01: calls 30
Mahu2021: checks 
*** FLOP *** [3s 7s 5d]
Mahu2021: checks 
kojac01: bets 60
Mahu2021: calls 60
*** TURN *** [3s 7s 5d] [2d]
Mahu2021: checks 
kojac01: bets 1020 and is all-in
Mahu2021: folds 
Uncalled bet (1020) returned to kojac01
kojac01 collected 240 from pot
kojac01: doesn't show hand 
*** SUMMARY ***
Total pot 240 | Rake 0 
Board [3s 7s 5d 2d]
Seat 1: kojac01 (button) (small blind) collected (240)
Seat 2: Mahu2021 (big blind) folded on the Turn



PokerStars Hand #254189598218: Tournament #3842637210, $1.84+$0.16 USD Hold'em No Limit - Level V (40/80) - 2025/01/04 15:34:25 CET [2025/01/04 9:34:25 ET]
Table '3842637210 1' 3-max Seat #2 is the button
Seat 1: kojac01 (1260 in chips) 
Seat 2: Mahu2021 (240 in chips) 
Mahu2021: posts small blind 40
kojac01: posts big blind 80
*** HOLE CARDS ***
Dealt to Mahu2021 [Ks 3h]
Mahu2021: raises 160 to 240 and is all-in
kojac01: folds 
Uncalled bet (160) returned to Mahu2021
Mahu2021 collected 160 from pot
Mahu2021: doesn't show hand 
*** SUMMARY ***
Total pot 160 | Rake 0 
Seat 1: kojac01 (big blind) folded before Flop
Seat 2: Mahu2021 (button) (small blind) collected (160)



PokerStars Hand #254189599665: Tournament #3842637210, $1.84+$0.16 USD Hold'em No Limit - Level V (40/80) - 2025/01/04 15:34:31 CET [2025/01/04 9:34:31 ET]
Table '3842637210 1' 3-max Seat #1 is the button
Seat 1: kojac01 (1180 in chips) 
Seat 2: Mahu2021 (320 in chips) 
kojac01: posts small blind 40
Mahu2021: posts big blind 80
*** HOLE CARDS ***
Dealt to Mahu2021 [9s Ks]
kojac01: raises 1100 to 1180 and is all-in
Mahu2021: calls 240 and is all-in
Uncalled bet (860) returned to kojac01
*** FLOP *** [Jd 3d As]
*** TURN *** [Jd 3d As] [4d]
*** RIVER *** [Jd 3d As 4d] [Kh]
*** SHOW DOWN ***
Mahu2021: shows [9s Ks] (a pair of Kings)
kojac01: shows [8h Kc] (a pair of Kings - lower kicker)
Mahu2021 collected 640 from pot
*** SUMMARY ***
Total pot 640 | Rake 0 
Board [Jd 3d As 4d Kh]
Seat 1: kojac01 (button) (small blind) showed [8h Kc] and lost with a pair of Kings
Seat 2: Mahu2021 (big blind) showed [9s Ks] and won (640) with a pair of Kings



PokerStars Hand #254189602649: Tournament #3842637210, $1.84+$0.16 USD Hold'em No Limit - Level V (40/80) - 2025/01/04 15:34:45 CET [2025/01/04 9:34:45 ET]
Table '3842637210 1' 3-max Seat #2 is the button
Seat 1: kojac01 (860 in chips) 
Seat 2: Mahu2021 (640 in chips) 
Mahu2021: posts small blind 40
kojac01: posts big blind 80
*** HOLE CARDS ***
Dealt to Mahu2021 [8c As]
Mahu2021: raises 560 to 640 and is all-in
kojac01: calls 560
*** FLOP *** [2c 3s Jc]
*** TURN *** [2c 3s Jc] [7s]
*** RIVER *** [2c 3s Jc 7s] [6d]
*** SHOW DOWN ***
kojac01: shows [Kc Qc] (high card King)
Mahu2021: shows [8c As] (high card Ace)
Mahu2021 collected 1280 from pot
*** SUMMARY ***
Total pot 1280 | Rake 0 
Board [2c 3s Jc 7s 6d]
Seat 1: kojac01 (big blind) showed [Kc Qc] and lost with high card King
Seat 2: Mahu2021 (button) (small blind) showed [8c As] and won (1280) with high card Ace



PokerStars Hand #254189605771: Tournament #3842637210, $1.84+$0.16 USD Hold'em No Limit - Level V (40/80) - 2025/01/04 15:34:59 CET [2025/01/04 9:34:59 ET]
Table '3842637210 1' 3-max Seat #1 is the button
Seat 1: kojac01 (220 in chips) 
Seat 2: Mahu2021 (1280 in chips) 
kojac01: posts small blind 40
Mahu2021: posts big blind 80
*** HOLE CARDS ***
Dealt to Mahu2021 [7c Ks]
kojac01: folds 
Uncalled bet (40) returned to Mahu2021
Mahu2021 collected 80 from pot
Mahu2021: doesn't show hand 
*** SUMMARY ***
Total pot 80 | Rake 0 
Seat 1: kojac01 (button) (small blind) folded before Flop
Seat 2: Mahu2021 (big blind) collected (80)



PokerStars Hand #254189607521: Tournament #3842637210, $1.84+$0.16 USD Hold'em No Limit - Level V (40/80) - 2025/01/04 15:35:07 CET [2025/01/04 9:35:07 ET]
Table '3842637210 1' 3-max Seat #2 is the button
Seat 1: kojac01 (180 in chips) 
Seat 2: Mahu2021 (1320 in chips) 
Mahu2021: posts small blind 40
kojac01: posts big blind 80
*** HOLE CARDS ***
Dealt to Mahu2021 [2d Qs]
Mahu2021: folds 
Uncalled bet (40) returned to kojac01
kojac01 collected 80 from pot
kojac01: doesn't show hand 
*** SUMMARY ***
Total pot 80 | Rake 0 
Seat 1: kojac01 (big blind) collected (80)
Seat 2: Mahu2021 (button) (small blind) folded before Flop



PokerStars Hand #254189608585: Tournament #3842637210, $1.84+$0.16 USD Hold'em No Limit - Level V (40/80) - 2025/01/04 15:35:12 CET [2025/01/04 9:35:12 ET]
Table '3842637210 1' 3-max Seat #1 is the button
Seat 1: kojac01 (220 in chips) 
Seat 2: Mahu2021 (1280 in chips) 
kojac01: posts small blind 40
Mahu2021: posts big blind 80
*** HOLE CARDS ***
Dealt to Mahu2021 [7s 5c]
kojac01: raises 140 to 220 and is all-in
Mahu2021: folds 
Uncalled bet (140) returned to kojac01
kojac01 collected 160 from pot
kojac01: doesn't show hand 
*** SUMMARY ***
Total pot 160 | Rake 0 
Seat 1: kojac01 (button) (small blind) collected (160)
Seat 2: Mahu2021 (big blind) folded before Flop



PokerStars Hand #254189609999: Tournament #3842637210, $1.84+$0.16 USD Hold'em No Limit - Level V (40/80) - 2025/01/04 15:35:19 CET [2025/01/04 9:35:19 ET]
Table '3842637210 1' 3-max Seat #2 is the button
Seat 1: kojac01 (300 in chips) 
Seat 2: Mahu2021 (1200 in chips) 
Mahu2021: posts small blind 40
kojac01: posts big blind 80
*** HOLE CARDS ***
Dealt to Mahu2021 [4h Ks]
Mahu2021: raises 1120 to 1200 and is all-in
kojac01: folds 
Uncalled bet (1120) returned to Mahu2021
Mahu2021 collected 160 from pot
Mahu2021: doesn't show hand 
*** SUMMARY ***
Total pot 160 | Rake 0 
Seat 1: kojac01 (big blind) folded before Flop
Seat 2: Mahu2021 (button) (small blind) collected (160)



PokerStars Hand #254189611529: Tournament #3842637210, $1.84+$0.16 USD Hold'em No Limit - Level V (40/80) - 2025/01/04 15:35:26 CET [2025/01/04 9:35:26 ET]
Table '3842637210 1' 3-max Seat #1 is the button
Seat 1: kojac01 (220 in chips) 
Seat 2: Mahu2021 (1280 in chips) 
kojac01: posts small blind 40
Mahu2021: posts big blind 80
*** HOLE CARDS ***
Dealt to Mahu2021 [2h Jh]
kojac01: raises 140 to 220 and is all-in
Mahu2021: folds 
Uncalled bet (140) returned to kojac01
kojac01 collected 160 from pot
kojac01: doesn't show hand 
*** SUMMARY ***
Total pot 160 | Rake 0 
Seat 1: kojac01 (button) (small blind) collected (160)
Seat 2: Mahu2021 (big blind) folded before Flop



PokerStars Hand #254189613381: Tournament #3842637210, $1.84+$0.16 USD Hold'em No Limit - Level V (40/80) - 2025/01/04 15:35:34 CET [2025/01/04 9:35:34 ET]
Table '3842637210 1' 3-max Seat #2 is the button
Seat 1: kojac01 (300 in chips) 
Seat 2: Mahu2021 (1200 in chips) 
Mahu2021: posts small blind 40
kojac01: posts big blind 80
*** HOLE CARDS ***
Dealt to Mahu2021 [9c 4c]
Mahu2021: folds 
Uncalled bet (40) returned to kojac01
kojac01 collected 80 from pot
kojac01: doesn't show hand 
*** SUMMARY ***
Total pot 80 | Rake 0 
Seat 1: kojac01 (big blind) collected (80)
Seat 2: Mahu2021 (button) (small blind) folded before Flop



PokerStars Hand #254189614296: Tournament #3842637210, $1.84+$0.16 USD Hold'em No Limit - Level V (40/80) - 2025/01/04 15:35:38 CET [2025/01/04 9:35:38 ET]
Table '3842637210 1' 3-max Seat #1 is the button
Seat 1: kojac01 (340 in chips) 
Seat 2: Mahu2021 (1160 in chips) 
kojac01: posts small blind 40
Mahu2021: posts big blind 80
*** HOLE CARDS ***
Dealt to Mahu2021 [3c 5d]
kojac01: raises 260 to 340 and is all-in
Mahu2021: folds 
Uncalled bet (260) returned to kojac01
kojac01 collected 160 from pot
kojac01: doesn't show hand 
*** SUMMARY ***
Total pot 160 | Rake 0 
Seat 1: kojac01 (button) (small blind) collected (160)
Seat 2: Mahu2021 (big blind) folded before Flop



PokerStars Hand #254189615532: Tournament #3842637210, $1.84+$0.16 USD Hold'em No Limit - Level V (40/80) - 2025/01/04 15:35:44 CET [2025/01/04 9:35:44 ET]
Table '3842637210 1' 3-max Seat #2 is the button
Seat 1: kojac01 (420 in chips) 
Seat 2: Mahu2021 (1080 in chips) 
Mahu2021: posts small blind 40
kojac01: posts big blind 80
*** HOLE CARDS ***
Dealt to Mahu2021 [9c 3s]
Mahu2021: folds 
Uncalled bet (40) returned to kojac01
kojac01 collected 80 from pot
kojac01: doesn't show hand 
*** SUMMARY ***
Total pot 80 | Rake 0 
Seat 1: kojac01 (big blind) collected (80)
Seat 2: Mahu2021 (button) (small blind) folded before Flop



PokerStars Hand #254189616413: Tournament #3842637210, $1.84+$0.16 USD Hold'em No Limit - Level V (40/80) - 2025/01/04 15:35:48 CET [2025/01/04 9:35:48 ET]
Table '3842637210 1' 3-max Seat #1 is the button
Seat 1: kojac01 (460 in chips) 
Seat 2: Mahu2021 (1040 in chips) 
kojac01: posts small blind 40
Mahu2021: posts big blind 80
*** HOLE CARDS ***
Dealt to Mahu2021 [5h Jd]
kojac01: calls 40
Mahu2021: checks 
*** FLOP *** [2d 5c 6h]
Mahu2021: checks 
kojac01: checks 
*** TURN *** [2d 5c 6h] [9d]
Mahu2021: bets 80
kojac01: folds 
Uncalled bet (80) returned to Mahu2021
Mahu2021 collected 160 from pot
Mahu2021: doesn't show hand 
*** SUMMARY ***
Total pot 160 | Rake 0 
Board [2d 5c 6h 9d]
Seat 1: kojac01 (button) (small blind) folded on the Turn
Seat 2: Mahu2021 (big blind) collected (160)



PokerStars Hand #254189619508: Tournament #3842637210, $1.84+$0.16 USD Hold'em No Limit - Level V (40/80) - 2025/01/04 15:36:02 CET [2025/01/04 9:36:02 ET]
Table '3842637210 1' 3-max Seat #2 is the button
Seat 1: kojac01 (380 in chips) 
Seat 2: Mahu2021 (1120 in chips) 
Mahu2021: posts small blind 40
kojac01: posts big blind 80
*** HOLE CARDS ***
Dealt to Mahu2021 [Ad 2s]
Mahu2021: raises 80 to 160
kojac01: folds 
Uncalled bet (80) returned to Mahu2021
Mahu2021 collected 160 from pot
Mahu2021: doesn't show hand 
*** SUMMARY ***
Total pot 160 | Rake 0 
Seat 1: kojac01 (big blind) folded before Flop
Seat 2: Mahu2021 (button) (small blind) collected (160)



PokerStars Hand #254189620925: Tournament #3842637210, $1.84+$0.16 USD Hold'em No Limit - Level V (40/80) - 2025/01/04 15:36:09 CET [2025/01/04 9:36:09 ET]
Table '3842637210 1' 3-max Seat #1 is the button
Seat 1: kojac01 (300 in chips) 
Seat 2: Mahu2021 (1200 in chips) 
kojac01: posts small blind 40
Mahu2021: posts big blind 80
*** HOLE CARDS ***
Dealt to Mahu2021 [Kd Ac]
kojac01: raises 220 to 300 and is all-in
Mahu2021: calls 220
*** FLOP *** [Td Ts 8s]
*** TURN *** [Td Ts 8s] [6c]
*** RIVER *** [Td Ts 8s 6c] [4c]
*** SHOW DOWN ***
Mahu2021: shows [Kd Ac] (a pair of Tens)
kojac01: shows [6s 6h] (a full house, Sixes full of Tens)
kojac01 collected 600 from pot
*** SUMMARY ***
Total pot 600 | Rake 0 
Board [Td Ts 8s 6c 4c]
Seat 1: kojac01 (button) (small blind) showed [6s 6h] and won (600) with a full house, Sixes full of Tens
Seat 2: Mahu2021 (big blind) showed [Kd Ac] and lost with a pair of Tens



PokerStars Hand #254189624763: Tournament #3842637210, $1.84+$0.16 USD Hold'em No Limit - Level VI (50/100) - 2025/01/04 15:36:26 CET [2025/01/04 9:36:26 ET]
Table '3842637210 1' 3-max Seat #2 is the button
Seat 1: kojac01 (600 in chips) 
Seat 2: Mahu2021 (900 in chips) 
Mahu2021: posts small blind 50
kojac01: posts big blind 100
*** HOLE CARDS ***
Dealt to Mahu2021 [Tc Js]
Mahu2021: raises 800 to 900 and is all-in
kojac01: folds 
Uncalled bet (800) returned to Mahu2021
Mahu2021 collected 200 from pot
Mahu2021: doesn't show hand 
*** SUMMARY ***
Total pot 200 | Rake 0 
Seat 1: kojac01 (big blind) folded before Flop
Seat 2: Mahu2021 (button) (small blind) collected (200)



PokerStars Hand #254189626362: Tournament #3842637210, $1.84+$0.16 USD Hold'em No Limit - Level VI (50/100) - 2025/01/04 15:36:33 CET [2025/01/04 9:36:33 ET]
Table '3842637210 1' 3-max Seat #1 is the button
Seat 1: kojac01 (500 in chips) 
Seat 2: Mahu2021 (1000 in chips) 
kojac01: posts small blind 50
Mahu2021: posts big blind 100
*** HOLE CARDS ***
Dealt to Mahu2021 [6h 5d]
kojac01: calls 50
Mahu2021: checks 
*** FLOP *** [7s 9c 4d]
Mahu2021: bets 100
kojac01: folds 
Uncalled bet (100) returned to Mahu2021
Mahu2021 collected 200 from pot
Mahu2021: doesn't show hand 
*** SUMMARY ***
Total pot 200 | Rake 0 
Board [7s 9c 4d]
Seat 1: kojac01 (button) (small blind) folded on the Flop
Seat 2: Mahu2021 (big blind) collected (200)



PokerStars Hand #254189628526: Tournament #3842637210, $1.84+$0.16 USD Hold'em No Limit - Level VI (50/100) - 2025/01/04 15:36:43 CET [2025/01/04 9:36:43 ET]
Table '3842637210 1' 3-max Seat #2 is the button
Seat 1: kojac01 (400 in chips) 
Seat 2: Mahu2021 (1100 in chips) 
Mahu2021: posts small blind 50
kojac01: posts big blind 100
*** HOLE CARDS ***
Dealt to Mahu2021 [7s 4s]
Mahu2021: folds 
Uncalled bet (50) returned to kojac01
kojac01 collected 100 from pot
kojac01: doesn't show hand 
*** SUMMARY ***
Total pot 100 | Rake 0 
Seat 1: kojac01 (big blind) collected (100)
Seat 2: Mahu2021 (button) (small blind) folded before Flop



PokerStars Hand #254189629536: Tournament #3842637210, $1.84+$0.16 USD Hold'em No Limit - Level VI (50/100) - 2025/01/04 15:36:48 CET [2025/01/04 9:36:48 ET]
Table '3842637210 1' 3-max Seat #1 is the button
Seat 1: kojac01 (450 in chips) 
Seat 2: Mahu2021 (1050 in chips) 
kojac01: posts small blind 50
Mahu2021: posts big blind 100
*** HOLE CARDS ***
Dealt to Mahu2021 [As Ac]
kojac01: raises 350 to 450 and is all-in
Mahu2021: calls 350
*** FLOP *** [2c Th 2d]
*** TURN *** [2c Th 2d] [8d]
*** RIVER *** [2c Th 2d 8d] [2h]
*** SHOW DOWN ***
Mahu2021: shows [As Ac] (a full house, Deuces full of Aces)
kojac01: shows [Ad 6s] (three of a kind, Deuces)
Mahu2021 collected 900 from pot
kojac01 finished the tournament in 2nd place
Mahu2021 wins the tournament and receives $4.00 - congratulations!
*** SUMMARY ***
Total pot 900 | Rake 0 
Board [2c Th 2d 8d 2h]
Seat 1: kojac01 (button) (small blind) showed [Ad 6s] and lost with three of a kind, Deuces
Seat 2: Mahu2021 (big blind) showed [As Ac] and won (900) with a full house, Deuces full of Aces



