PokerStars Hand #247055406915: Tournament #3671969437, $1.84+$0.16 USD Hold'em No Limit - Level I (10/20) - 2023/11/11 22:40:48 CET [2023/11/11 16:40:48 ET]
Table '3671969437 1' 3-max Seat #1 is the button
Seat 1: Lucaswas (500 in chips) 
Seat 2: Mahu2021 (500 in chips) 
Seat 3: nopainomoney (500 in chips) 
Mahu2021: posts small blind 10
nopainomoney: posts big blind 20
*** HOLE CARDS ***
Dealt to Mahu2021 [9h As]
Lucaswas has timed out
Lucaswas: folds 
Lucaswas is sitting out
Mahu2021: raises 20 to 40
Lucaswas has returned
nopainomoney: raises 20 to 60
Mahu2021: calls 20
*** FLOP *** [Kd Th 9d]
Mahu2021: checks 
nopainomoney: bets 60
Mahu2021: calls 60
*** TURN *** [Kd Th 9d] [Jh]
Mahu2021: checks 
nopainomoney: checks 
*** RIVER *** [Kd Th 9d Jh] [3c]
Mahu2021: bets 60
nopainomoney: calls 60
*** SHOW DOWN ***
Mahu2021: shows [9h As] (a pair of Nines)
nopainomoney: mucks hand 
Mahu2021 collected 360 from pot
*** SUMMARY ***
Total pot 360 | Rake 0 
Board [Kd Th 9d Jh 3c]
Seat 1: Lucaswas (button) folded before Flop (didn't bet)
Seat 2: Mahu2021 (small blind) showed [9h As] and won (360) with a pair of Nines
Seat 3: nopainomoney (big blind) mucked [5d 9s]



PokerStars Hand #247055418025: Tournament #3671969437, $1.84+$0.16 USD Hold'em No Limit - Level I (10/20) - 2023/11/11 22:41:21 CET [2023/11/11 16:41:21 ET]
Table '3671969437 1' 3-max Seat #2 is the button
Seat 1: Lucaswas (500 in chips) 
Seat 2: Mahu2021 (680 in chips) 
Seat 3: nopainomoney (320 in chips) 
nopainomoney: posts small blind 10
Lucaswas: posts big blind 20
*** HOLE CARDS ***
Dealt to Mahu2021 [2h 3c]
Mahu2021: folds 
nopainomoney: raises 20 to 40
Lucaswas: folds 
Uncalled bet (20) returned to nopainomoney
nopainomoney collected 40 from pot
*** SUMMARY ***
Total pot 40 | Rake 0 
Seat 1: Lucaswas (big blind) folded before Flop
Seat 2: Mahu2021 (button) folded before Flop (didn't bet)
Seat 3: nopainomoney (small blind) collected (40)



PokerStars Hand #247055420209: Tournament #3671969437, $1.84+$0.16 USD Hold'em No Limit - Level I (10/20) - 2023/11/11 22:41:28 CET [2023/11/11 16:41:28 ET]
Table '3671969437 1' 3-max Seat #3 is the button
Seat 1: Lucaswas (480 in chips) 
Seat 2: Mahu2021 (680 in chips) 
Seat 3: nopainomoney (340 in chips) 
Lucaswas: posts small blind 10
Mahu2021: posts big blind 20
*** HOLE CARDS ***
Dealt to Mahu2021 [Qd As]
nopainomoney: raises 20 to 40
Lucaswas: folds 
Mahu2021: raises 60 to 100
nopainomoney: calls 60
*** FLOP *** [4h 3d Th]
Mahu2021: checks 
nopainomoney: bets 240 and is all-in
Mahu2021: calls 240
*** TURN *** [4h 3d Th] [Ts]
*** RIVER *** [4h 3d Th Ts] [8h]
*** SHOW DOWN ***
Mahu2021: shows [Qd As] (a pair of Tens)
nopainomoney: shows [7c Qc] (a pair of Tens - lower kicker)
Mahu2021 collected 690 from pot
nopainomoney finished the tournament in 3rd place
*** SUMMARY ***
Total pot 690 | Rake 0 
Board [4h 3d Th Ts 8h]
Seat 1: Lucaswas (small blind) folded before Flop
Seat 2: Mahu2021 (big blind) showed [Qd As] and won (690) with a pair of Tens
Seat 3: nopainomoney (button) showed [7c Qc] and lost with a pair of Tens



PokerStars Hand #247055428539: Tournament #3671969437, $1.84+$0.16 USD Hold'em No Limit - Level I (10/20) - 2023/11/11 22:41:52 CET [2023/11/11 16:41:52 ET]
Table '3671969437 1' 3-max Seat #2 is the button
Seat 1: Lucaswas (470 in chips) 
Seat 2: Mahu2021 (1030 in chips) 
Mahu2021: posts small blind 10
Lucaswas: posts big blind 20
*** HOLE CARDS ***
Dealt to Mahu2021 [9h Ah]
Mahu2021: raises 20 to 40
Lucaswas: calls 20
*** FLOP *** [Td Qc 6d]
Lucaswas: checks 
Mahu2021: checks 
*** TURN *** [Td Qc 6d] [3h]
Lucaswas: checks 
Mahu2021: checks 
*** RIVER *** [Td Qc 6d 3h] [4d]
Lucaswas: checks 
Mahu2021: checks 
*** SHOW DOWN ***
Lucaswas: shows [9d 7s] (high card Queen)
Mahu2021: shows [9h Ah] (high card Ace)
Mahu2021 collected 80 from pot
*** SUMMARY ***
Total pot 80 | Rake 0 
Board [Td Qc 6d 3h 4d]
Seat 1: Lucaswas (big blind) showed [9d 7s] and lost with high card Queen
Seat 2: Mahu2021 (button) (small blind) showed [9h Ah] and won (80) with high card Ace



PokerStars Hand #247055436258: Tournament #3671969437, $1.84+$0.16 USD Hold'em No Limit - Level I (10/20) - 2023/11/11 22:42:14 CET [2023/11/11 16:42:14 ET]
Table '3671969437 1' 3-max Seat #1 is the button
Seat 1: Lucaswas (430 in chips) 
Seat 2: Mahu2021 (1070 in chips) 
Lucaswas: posts small blind 10
Mahu2021: posts big blind 20
*** HOLE CARDS ***
Dealt to Mahu2021 [Tc 3s]
Lucaswas: calls 10
Mahu2021: checks 
*** FLOP *** [8d Qs 3c]
Mahu2021: checks 
Lucaswas: checks 
*** TURN *** [8d Qs 3c] [6c]
Mahu2021: bets 20
Lucaswas: calls 20
*** RIVER *** [8d Qs 3c 6c] [9d]
Mahu2021: checks 
Lucaswas: checks 
*** SHOW DOWN ***
Mahu2021: shows [Tc 3s] (a pair of Threes)
Lucaswas: shows [Jc 8h] (a pair of Eights)
Lucaswas collected 80 from pot
*** SUMMARY ***
Total pot 80 | Rake 0 
Board [8d Qs 3c 6c 9d]
Seat 1: Lucaswas (button) (small blind) showed [Jc 8h] and won (80) with a pair of Eights
Seat 2: Mahu2021 (big blind) showed [Tc 3s] and lost with a pair of Threes



PokerStars Hand #247055441800: Tournament #3671969437, $1.84+$0.16 USD Hold'em No Limit - Level I (10/20) - 2023/11/11 22:42:31 CET [2023/11/11 16:42:31 ET]
Table '3671969437 1' 3-max Seat #2 is the button
Seat 1: Lucaswas (470 in chips) 
Seat 2: Mahu2021 (1030 in chips) 
Mahu2021: posts small blind 10
Lucaswas: posts big blind 20
*** HOLE CARDS ***
Dealt to Mahu2021 [Td 5s]
Mahu2021: folds 
Uncalled bet (10) returned to Lucaswas
Lucaswas collected 20 from pot
Lucaswas: doesn't show hand 
*** SUMMARY ***
Total pot 20 | Rake 0 
Seat 1: Lucaswas (big blind) collected (20)
Seat 2: Mahu2021 (button) (small blind) folded before Flop



PokerStars Hand #247055443339: Tournament #3671969437, $1.84+$0.16 USD Hold'em No Limit - Level I (10/20) - 2023/11/11 22:42:35 CET [2023/11/11 16:42:35 ET]
Table '3671969437 1' 3-max Seat #1 is the button
Seat 1: Lucaswas (480 in chips) 
Seat 2: Mahu2021 (1020 in chips) 
Lucaswas: posts small blind 10
Mahu2021: posts big blind 20
*** HOLE CARDS ***
Dealt to Mahu2021 [Qs Ad]
Lucaswas: calls 10
Mahu2021: raises 60 to 80
Lucaswas: calls 60
*** FLOP *** [2h 4c 6s]
Mahu2021: checks 
Lucaswas: checks 
*** TURN *** [2h 4c 6s] [4s]
Mahu2021: checks 
Lucaswas: checks 
*** RIVER *** [2h 4c 6s 4s] [5h]
Mahu2021: checks 
Lucaswas: checks 
*** SHOW DOWN ***
Mahu2021: shows [Qs Ad] (a pair of Fours)
Lucaswas: mucks hand 
Mahu2021 collected 160 from pot
*** SUMMARY ***
Total pot 160 | Rake 0 
Board [2h 4c 6s 4s 5h]
Seat 1: Lucaswas (button) (small blind) mucked [8s Td]
Seat 2: Mahu2021 (big blind) showed [Qs Ad] and won (160) with a pair of Fours



PokerStars Hand #247055451866: Tournament #3671969437, $1.84+$0.16 USD Hold'em No Limit - Level II (15/30) - 2023/11/11 22:43:00 CET [2023/11/11 16:43:00 ET]
Table '3671969437 1' 3-max Seat #2 is the button
Seat 1: Lucaswas (400 in chips) 
Seat 2: Mahu2021 (1100 in chips) 
Mahu2021: posts small blind 15
Lucaswas: posts big blind 30
*** HOLE CARDS ***
Dealt to Mahu2021 [3s 8c]
Mahu2021: folds 
Uncalled bet (15) returned to Lucaswas
Lucaswas collected 30 from pot
Lucaswas: doesn't show hand 
*** SUMMARY ***
Total pot 30 | Rake 0 
Seat 1: Lucaswas (big blind) collected (30)
Seat 2: Mahu2021 (button) (small blind) folded before Flop



PokerStars Hand #247055453298: Tournament #3671969437, $1.84+$0.16 USD Hold'em No Limit - Level II (15/30) - 2023/11/11 22:43:04 CET [2023/11/11 16:43:04 ET]
Table '3671969437 1' 3-max Seat #1 is the button
Seat 1: Lucaswas (415 in chips) 
Seat 2: Mahu2021 (1085 in chips) 
Lucaswas: posts small blind 15
Mahu2021: posts big blind 30
*** HOLE CARDS ***
Dealt to Mahu2021 [Tc 4s]
Lucaswas: calls 15
Mahu2021: checks 
*** FLOP *** [Ts As 3d]
Mahu2021: checks 
Lucaswas: checks 
*** TURN *** [Ts As 3d] [3h]
Mahu2021: bets 30
Lucaswas: folds 
Uncalled bet (30) returned to Mahu2021
Mahu2021 collected 60 from pot
Mahu2021: doesn't show hand 
*** SUMMARY ***
Total pot 60 | Rake 0 
Board [Ts As 3d 3h]
Seat 1: Lucaswas (button) (small blind) folded on the Turn
Seat 2: Mahu2021 (big blind) collected (60)



PokerStars Hand #247055458051: Tournament #3671969437, $1.84+$0.16 USD Hold'em No Limit - Level II (15/30) - 2023/11/11 22:43:18 CET [2023/11/11 16:43:18 ET]
Table '3671969437 1' 3-max Seat #2 is the button
Seat 1: Lucaswas (385 in chips) 
Seat 2: Mahu2021 (1115 in chips) 
Mahu2021: posts small blind 15
Lucaswas: posts big blind 30
*** HOLE CARDS ***
Dealt to Mahu2021 [Qh Kh]
Mahu2021: raises 60 to 90
Lucaswas: raises 295 to 385 and is all-in
Mahu2021: calls 295
*** FLOP *** [3s 4h Kd]
*** TURN *** [3s 4h Kd] [Qs]
*** RIVER *** [3s 4h Kd Qs] [7d]
*** SHOW DOWN ***
Lucaswas: shows [Ad Qd] (a pair of Queens)
Mahu2021: shows [Qh Kh] (two pair, Kings and Queens)
Mahu2021 collected 770 from pot
Lucaswas finished the tournament in 2nd place
Mahu2021 wins the tournament and receives $4.00 - congratulations!
*** SUMMARY ***
Total pot 770 | Rake 0 
Board [3s 4h Kd Qs 7d]
Seat 1: Lucaswas (big blind) showed [Ad Qd] and lost with a pair of Queens
Seat 2: Mahu2021 (button) (small blind) showed [Qh Kh] and won (770) with two pair, Kings and Queens



