PokerStars Hand #244154455968: Tournament #3601718777, $0.92+$0.08 USD Hold'em No Limit - Level I (10/20) - 2023/06/08 8:00:31 CET [2023/06/08 2:00:31 ET]
Table '3601718777 1' 3-max Seat #1 is the button
Seat 1: Edva-Taspats (500 in chips) 
Seat 2: t0rrer0 (500 in chips) 
Seat 3: Mahu2021 (500 in chips) 
t0rrer0: posts small blind 10
Mahu2021: posts big blind 20
*** HOLE CARDS ***
Dealt to Mahu2021 [As 8d]
Edva-Taspats: calls 20
t0rrer0: raises 60 to 80
Mahu2021: folds 
Edva-Taspats: raises 420 to 500 and is all-in
t0rrer0: calls 420 and is all-in
*** FLOP *** [Jh 3h 3d]
*** TURN *** [Jh 3h 3d] [Ks]
*** RIVER *** [Jh 3h 3d Ks] [8h]
*** SHOW DOWN ***
t0rrer0: shows [Ac 7d] (a pair of Threes)
Edva-Taspats: shows [5s 5c] (two pair, Fives and Threes)
Edva-Taspats collected 1020 from pot
t0rrer0 finished the tournament in 3rd place
*** SUMMARY ***
Total pot 1020 | Rake 0 
Board [Jh 3h 3d Ks 8h]
Seat 1: Edva-Taspats (button) showed [5s 5c] and won (1020) with two pair, Fives and Threes
Seat 2: t0rrer0 (small blind) showed [Ac 7d] and lost with a pair of Threes
Seat 3: Mahu2021 (big blind) folded before Flop



PokerStars Hand #244154458515: Tournament #3601718777, $0.92+$0.08 USD Hold'em No Limit - Level I (10/20) - 2023/06/08 8:00:57 CET [2023/06/08 2:00:57 ET]
Table '3601718777 1' 3-max Seat #3 is the button
Seat 1: Edva-Taspats (1020 in chips) 
Seat 3: Mahu2021 (480 in chips) 
Mahu2021: posts small blind 10
Edva-Taspats: posts big blind 20
*** HOLE CARDS ***
Dealt to Mahu2021 [9c 2s]
Mahu2021: folds 
Uncalled bet (10) returned to Edva-Taspats
Edva-Taspats collected 20 from pot
Edva-Taspats: doesn't show hand 
*** SUMMARY ***
Total pot 20 | Rake 0 
Seat 1: Edva-Taspats (big blind) collected (20)
Seat 3: Mahu2021 (button) (small blind) folded before Flop



PokerStars Hand #244154459102: Tournament #3601718777, $0.92+$0.08 USD Hold'em No Limit - Level I (10/20) - 2023/06/08 8:01:04 CET [2023/06/08 2:01:04 ET]
Table '3601718777 1' 3-max Seat #1 is the button
Seat 1: Edva-Taspats (1030 in chips) 
Seat 3: Mahu2021 (470 in chips) 
Edva-Taspats: posts small blind 10
Mahu2021: posts big blind 20
*** HOLE CARDS ***
Dealt to Mahu2021 [7d Kh]
Edva-Taspats: raises 1010 to 1030 and is all-in
Mahu2021: folds 
Uncalled bet (1010) returned to Edva-Taspats
Edva-Taspats collected 40 from pot
Edva-Taspats: doesn't show hand 
*** SUMMARY ***
Total pot 40 | Rake 0 
Seat 1: Edva-Taspats (button) (small blind) collected (40)
Seat 3: Mahu2021 (big blind) folded before Flop



PokerStars Hand #244154459962: Tournament #3601718777, $0.92+$0.08 USD Hold'em No Limit - Level I (10/20) - 2023/06/08 8:01:13 CET [2023/06/08 2:01:13 ET]
Table '3601718777 1' 3-max Seat #3 is the button
Seat 1: Edva-Taspats (1050 in chips) 
Seat 3: Mahu2021 (450 in chips) 
Mahu2021: posts small blind 10
Edva-Taspats: posts big blind 20
*** HOLE CARDS ***
Dealt to Mahu2021 [8h 4s]
Mahu2021: folds 
Uncalled bet (10) returned to Edva-Taspats
Edva-Taspats collected 20 from pot
Edva-Taspats: doesn't show hand 
*** SUMMARY ***
Total pot 20 | Rake 0 
Seat 1: Edva-Taspats (big blind) collected (20)
Seat 3: Mahu2021 (button) (small blind) folded before Flop



PokerStars Hand #244154460377: Tournament #3601718777, $0.92+$0.08 USD Hold'em No Limit - Level I (10/20) - 2023/06/08 8:01:17 CET [2023/06/08 2:01:17 ET]
Table '3601718777 1' 3-max Seat #1 is the button
Seat 1: Edva-Taspats (1060 in chips) 
Seat 3: Mahu2021 (440 in chips) 
Edva-Taspats: posts small blind 10
Mahu2021: posts big blind 20
*** HOLE CARDS ***
Dealt to Mahu2021 [8s 5d]
Edva-Taspats: calls 10
Mahu2021: checks 
*** FLOP *** [9c Kd 7c]
Mahu2021: checks 
Edva-Taspats: checks 
*** TURN *** [9c Kd 7c] [2c]
Mahu2021: checks 
Edva-Taspats: checks 
*** RIVER *** [9c Kd 7c 2c] [Ts]
Mahu2021: checks 
Edva-Taspats: checks 
*** SHOW DOWN ***
Mahu2021: shows [8s 5d] (high card King)
Edva-Taspats: shows [5c Qh] (high card King - Queen kicker)
Edva-Taspats collected 40 from pot
*** SUMMARY ***
Total pot 40 | Rake 0 
Board [9c Kd 7c 2c Ts]
Seat 1: Edva-Taspats (button) (small blind) showed [5c Qh] and won (40) with high card King
Seat 3: Mahu2021 (big blind) showed [8s 5d] and lost with high card King



PokerStars Hand #244154461909: Tournament #3601718777, $0.92+$0.08 USD Hold'em No Limit - Level I (10/20) - 2023/06/08 8:01:33 CET [2023/06/08 2:01:33 ET]
Table '3601718777 1' 3-max Seat #3 is the button
Seat 1: Edva-Taspats (1080 in chips) 
Seat 3: Mahu2021 (420 in chips) 
Mahu2021: posts small blind 10
Edva-Taspats: posts big blind 20
*** HOLE CARDS ***
Dealt to Mahu2021 [3d Qs]
Mahu2021: folds 
Uncalled bet (10) returned to Edva-Taspats
Edva-Taspats collected 20 from pot
Edva-Taspats: doesn't show hand 
*** SUMMARY ***
Total pot 20 | Rake 0 
Seat 1: Edva-Taspats (big blind) collected (20)
Seat 3: Mahu2021 (button) (small blind) folded before Flop



PokerStars Hand #244154462335: Tournament #3601718777, $0.92+$0.08 USD Hold'em No Limit - Level I (10/20) - 2023/06/08 8:01:37 CET [2023/06/08 2:01:37 ET]
Table '3601718777 1' 3-max Seat #1 is the button
Seat 1: Edva-Taspats (1090 in chips) 
Seat 3: Mahu2021 (410 in chips) 
Edva-Taspats: posts small blind 10
Mahu2021: posts big blind 20
*** HOLE CARDS ***
Dealt to Mahu2021 [Tc Jh]
Edva-Taspats: raises 1070 to 1090 and is all-in
Mahu2021: folds 
Uncalled bet (1070) returned to Edva-Taspats
Edva-Taspats collected 40 from pot
Edva-Taspats: doesn't show hand 
*** SUMMARY ***
Total pot 40 | Rake 0 
Seat 1: Edva-Taspats (button) (small blind) collected (40)
Seat 3: Mahu2021 (big blind) folded before Flop



PokerStars Hand #244154463078: Tournament #3601718777, $0.92+$0.08 USD Hold'em No Limit - Level I (10/20) - 2023/06/08 8:01:44 CET [2023/06/08 2:01:44 ET]
Table '3601718777 1' 3-max Seat #3 is the button
Seat 1: Edva-Taspats (1110 in chips) 
Seat 3: Mahu2021 (390 in chips) 
Mahu2021: posts small blind 10
Edva-Taspats: posts big blind 20
*** HOLE CARDS ***
Dealt to Mahu2021 [6h 8s]
Mahu2021: folds 
Uncalled bet (10) returned to Edva-Taspats
Edva-Taspats collected 20 from pot
Edva-Taspats: doesn't show hand 
*** SUMMARY ***
Total pot 20 | Rake 0 
Seat 1: Edva-Taspats (big blind) collected (20)
Seat 3: Mahu2021 (button) (small blind) folded before Flop



PokerStars Hand #244154463543: Tournament #3601718777, $0.92+$0.08 USD Hold'em No Limit - Level I (10/20) - 2023/06/08 8:01:49 CET [2023/06/08 2:01:49 ET]
Table '3601718777 1' 3-max Seat #1 is the button
Seat 1: Edva-Taspats (1120 in chips) 
Seat 3: Mahu2021 (380 in chips) 
Edva-Taspats: posts small blind 10
Mahu2021: posts big blind 20
*** HOLE CARDS ***
Dealt to Mahu2021 [2h 5h]
Edva-Taspats: folds 
Uncalled bet (10) returned to Mahu2021
Mahu2021 collected 20 from pot
Mahu2021: doesn't show hand 
*** SUMMARY ***
Total pot 20 | Rake 0 
Seat 1: Edva-Taspats (button) (small blind) folded before Flop
Seat 3: Mahu2021 (big blind) collected (20)



PokerStars Hand #244154463991: Tournament #3601718777, $0.92+$0.08 USD Hold'em No Limit - Level I (10/20) - 2023/06/08 8:01:54 CET [2023/06/08 2:01:54 ET]
Table '3601718777 1' 3-max Seat #3 is the button
Seat 1: Edva-Taspats (1110 in chips) 
Seat 3: Mahu2021 (390 in chips) 
Mahu2021: posts small blind 10
Edva-Taspats: posts big blind 20
*** HOLE CARDS ***
Dealt to Mahu2021 [Ac 6d]
Mahu2021: calls 10
Edva-Taspats: checks 
*** FLOP *** [Js Td Ks]
Edva-Taspats: bets 20
Mahu2021: calls 20
*** TURN *** [Js Td Ks] [7c]
Edva-Taspats: bets 1070 and is all-in
Mahu2021: folds 
Uncalled bet (1070) returned to Edva-Taspats
Edva-Taspats collected 80 from pot
Edva-Taspats: doesn't show hand 
*** SUMMARY ***
Total pot 80 | Rake 0 
Board [Js Td Ks 7c]
Seat 1: Edva-Taspats (big blind) collected (80)
Seat 3: Mahu2021 (button) (small blind) folded on the Turn



PokerStars Hand #244154465561: Tournament #3601718777, $0.92+$0.08 USD Hold'em No Limit - Level I (10/20) - 2023/06/08 8:02:10 CET [2023/06/08 2:02:10 ET]
Table '3601718777 1' 3-max Seat #1 is the button
Seat 1: Edva-Taspats (1150 in chips) 
Seat 3: Mahu2021 (350 in chips) 
Edva-Taspats: posts small blind 10
Mahu2021: posts big blind 20
*** HOLE CARDS ***
Dealt to Mahu2021 [5c 3s]
Edva-Taspats: calls 10
Mahu2021: checks 
*** FLOP *** [9h Jh Kc]
Mahu2021: checks 
Edva-Taspats: bets 40
Mahu2021: folds 
Uncalled bet (40) returned to Edva-Taspats
Edva-Taspats collected 40 from pot
Edva-Taspats: doesn't show hand 
*** SUMMARY ***
Total pot 40 | Rake 0 
Board [9h Jh Kc]
Seat 1: Edva-Taspats (button) (small blind) collected (40)
Seat 3: Mahu2021 (big blind) folded on the Flop



PokerStars Hand #244154466642: Tournament #3601718777, $0.92+$0.08 USD Hold'em No Limit - Level I (10/20) - 2023/06/08 8:02:21 CET [2023/06/08 2:02:21 ET]
Table '3601718777 1' 3-max Seat #3 is the button
Seat 1: Edva-Taspats (1170 in chips) 
Seat 3: Mahu2021 (330 in chips) 
Mahu2021: posts small blind 10
Edva-Taspats: posts big blind 20
*** HOLE CARDS ***
Dealt to Mahu2021 [3c 6s]
Mahu2021: folds 
Uncalled bet (10) returned to Edva-Taspats
Edva-Taspats collected 20 from pot
Edva-Taspats: doesn't show hand 
*** SUMMARY ***
Total pot 20 | Rake 0 
Seat 1: Edva-Taspats (big blind) collected (20)
Seat 3: Mahu2021 (button) (small blind) folded before Flop



PokerStars Hand #244154467090: Tournament #3601718777, $0.92+$0.08 USD Hold'em No Limit - Level I (10/20) - 2023/06/08 8:02:25 CET [2023/06/08 2:02:25 ET]
Table '3601718777 1' 3-max Seat #1 is the button
Seat 1: Edva-Taspats (1180 in chips) 
Seat 3: Mahu2021 (320 in chips) 
Edva-Taspats: posts small blind 10
Mahu2021: posts big blind 20
*** HOLE CARDS ***
Dealt to Mahu2021 [Qd 8s]
Edva-Taspats: folds 
Uncalled bet (10) returned to Mahu2021
Mahu2021 collected 20 from pot
Mahu2021: doesn't show hand 
*** SUMMARY ***
Total pot 20 | Rake 0 
Seat 1: Edva-Taspats (button) (small blind) folded before Flop
Seat 3: Mahu2021 (big blind) collected (20)



PokerStars Hand #244154467483: Tournament #3601718777, $0.92+$0.08 USD Hold'em No Limit - Level I (10/20) - 2023/06/08 8:02:30 CET [2023/06/08 2:02:30 ET]
Table '3601718777 1' 3-max Seat #3 is the button
Seat 1: Edva-Taspats (1170 in chips) 
Seat 3: Mahu2021 (330 in chips) 
Mahu2021: posts small blind 10
Edva-Taspats: posts big blind 20
*** HOLE CARDS ***
Dealt to Mahu2021 [5s 8d]
Mahu2021: folds 
Uncalled bet (10) returned to Edva-Taspats
Edva-Taspats collected 20 from pot
Edva-Taspats: doesn't show hand 
*** SUMMARY ***
Total pot 20 | Rake 0 
Seat 1: Edva-Taspats (big blind) collected (20)
Seat 3: Mahu2021 (button) (small blind) folded before Flop



PokerStars Hand #244154467906: Tournament #3601718777, $0.92+$0.08 USD Hold'em No Limit - Level I (10/20) - 2023/06/08 8:02:34 CET [2023/06/08 2:02:34 ET]
Table '3601718777 1' 3-max Seat #1 is the button
Seat 1: Edva-Taspats (1180 in chips) 
Seat 3: Mahu2021 (320 in chips) 
Edva-Taspats: posts small blind 10
Mahu2021: posts big blind 20
*** HOLE CARDS ***
Dealt to Mahu2021 [4c Jh]
Edva-Taspats: folds 
Uncalled bet (10) returned to Mahu2021
Mahu2021 collected 20 from pot
Mahu2021: doesn't show hand 
*** SUMMARY ***
Total pot 20 | Rake 0 
Seat 1: Edva-Taspats (button) (small blind) folded before Flop
Seat 3: Mahu2021 (big blind) collected (20)



PokerStars Hand #244154468352: Tournament #3601718777, $0.92+$0.08 USD Hold'em No Limit - Level I (10/20) - 2023/06/08 8:02:39 CET [2023/06/08 2:02:39 ET]
Table '3601718777 1' 3-max Seat #3 is the button
Seat 1: Edva-Taspats (1170 in chips) 
Seat 3: Mahu2021 (330 in chips) 
Mahu2021: posts small blind 10
Edva-Taspats: posts big blind 20
*** HOLE CARDS ***
Dealt to Mahu2021 [Td 2s]
Mahu2021: folds 
Uncalled bet (10) returned to Edva-Taspats
Edva-Taspats collected 20 from pot
Edva-Taspats: doesn't show hand 
*** SUMMARY ***
Total pot 20 | Rake 0 
Seat 1: Edva-Taspats (big blind) collected (20)
Seat 3: Mahu2021 (button) (small blind) folded before Flop



PokerStars Hand #244154468790: Tournament #3601718777, $0.92+$0.08 USD Hold'em No Limit - Level I (10/20) - 2023/06/08 8:02:43 CET [2023/06/08 2:02:43 ET]
Table '3601718777 1' 3-max Seat #1 is the button
Seat 1: Edva-Taspats (1180 in chips) 
Seat 3: Mahu2021 (320 in chips) 
Edva-Taspats: posts small blind 10
Mahu2021: posts big blind 20
*** HOLE CARDS ***
Dealt to Mahu2021 [2s 6h]
Edva-Taspats: calls 10
Mahu2021: checks 
*** FLOP *** [7h Ks 7c]
Mahu2021: checks 
Edva-Taspats: checks 
*** TURN *** [7h Ks 7c] [4c]
Mahu2021: checks 
Edva-Taspats: checks 
*** RIVER *** [7h Ks 7c 4c] [9s]
Mahu2021: checks 
Edva-Taspats: checks 
*** SHOW DOWN ***
Mahu2021: shows [2s 6h] (a pair of Sevens)
Edva-Taspats: shows [8d 9h] (two pair, Nines and Sevens)
Edva-Taspats collected 40 from pot
*** SUMMARY ***
Total pot 40 | Rake 0 
Board [7h Ks 7c 4c 9s]
Seat 1: Edva-Taspats (button) (small blind) showed [8d 9h] and won (40) with two pair, Nines and Sevens
Seat 3: Mahu2021 (big blind) showed [2s 6h] and lost with a pair of Sevens



PokerStars Hand #244154469980: Tournament #3601718777, $0.92+$0.08 USD Hold'em No Limit - Level I (10/20) - 2023/06/08 8:02:55 CET [2023/06/08 2:02:55 ET]
Table '3601718777 1' 3-max Seat #3 is the button
Seat 1: Edva-Taspats (1200 in chips) 
Seat 3: Mahu2021 (300 in chips) 
Mahu2021: posts small blind 10
Edva-Taspats: posts big blind 20
*** HOLE CARDS ***
Dealt to Mahu2021 [9s 3h]
Mahu2021: folds 
Uncalled bet (10) returned to Edva-Taspats
Edva-Taspats collected 20 from pot
Edva-Taspats: doesn't show hand 
*** SUMMARY ***
Total pot 20 | Rake 0 
Seat 1: Edva-Taspats (big blind) collected (20)
Seat 3: Mahu2021 (button) (small blind) folded before Flop



PokerStars Hand #244154470457: Tournament #3601718777, $0.92+$0.08 USD Hold'em No Limit - Level I (10/20) - 2023/06/08 8:03:00 CET [2023/06/08 2:03:00 ET]
Table '3601718777 1' 3-max Seat #1 is the button
Seat 1: Edva-Taspats (1210 in chips) 
Seat 3: Mahu2021 (290 in chips) 
Edva-Taspats: posts small blind 10
Mahu2021: posts big blind 20
*** HOLE CARDS ***
Dealt to Mahu2021 [4h 7c]
Edva-Taspats: folds 
Uncalled bet (10) returned to Mahu2021
Mahu2021 collected 20 from pot
Mahu2021: doesn't show hand 
*** SUMMARY ***
Total pot 20 | Rake 0 
Seat 1: Edva-Taspats (button) (small blind) folded before Flop
Seat 3: Mahu2021 (big blind) collected (20)



PokerStars Hand #244154470886: Tournament #3601718777, $0.92+$0.08 USD Hold'em No Limit - Level I (10/20) - 2023/06/08 8:03:05 CET [2023/06/08 2:03:05 ET]
Table '3601718777 1' 3-max Seat #3 is the button
Seat 1: Edva-Taspats (1200 in chips) 
Seat 3: Mahu2021 (300 in chips) 
Mahu2021: posts small blind 10
Edva-Taspats: posts big blind 20
*** HOLE CARDS ***
Dealt to Mahu2021 [7c 8d]
Mahu2021: calls 10
Edva-Taspats: checks 
*** FLOP *** [Td 2h Ks]
Edva-Taspats: bets 40
Mahu2021: folds 
Uncalled bet (40) returned to Edva-Taspats
Edva-Taspats collected 40 from pot
Edva-Taspats: doesn't show hand 
*** SUMMARY ***
Total pot 40 | Rake 0 
Board [Td 2h Ks]
Seat 1: Edva-Taspats (big blind) collected (40)
Seat 3: Mahu2021 (button) (small blind) folded on the Flop



PokerStars Hand #244154471831: Tournament #3601718777, $0.92+$0.08 USD Hold'em No Limit - Level I (10/20) - 2023/06/08 8:03:14 CET [2023/06/08 2:03:14 ET]
Table '3601718777 1' 3-max Seat #1 is the button
Seat 1: Edva-Taspats (1220 in chips) 
Seat 3: Mahu2021 (280 in chips) 
Edva-Taspats: posts small blind 10
Mahu2021: posts big blind 20
*** HOLE CARDS ***
Dealt to Mahu2021 [Td As]
Edva-Taspats: folds 
Uncalled bet (10) returned to Mahu2021
Mahu2021 collected 20 from pot
Mahu2021: doesn't show hand 
*** SUMMARY ***
Total pot 20 | Rake 0 
Seat 1: Edva-Taspats (button) (small blind) folded before Flop
Seat 3: Mahu2021 (big blind) collected (20)



PokerStars Hand #244154472243: Tournament #3601718777, $0.92+$0.08 USD Hold'em No Limit - Level I (10/20) - 2023/06/08 8:03:18 CET [2023/06/08 2:03:18 ET]
Table '3601718777 1' 3-max Seat #3 is the button
Seat 1: Edva-Taspats (1210 in chips) 
Seat 3: Mahu2021 (290 in chips) 
Mahu2021: posts small blind 10
Edva-Taspats: posts big blind 20
*** HOLE CARDS ***
Dealt to Mahu2021 [Td 6d]
Mahu2021: calls 10
Edva-Taspats: checks 
*** FLOP *** [Qd 9d 2d]
Edva-Taspats: checks 
Mahu2021: checks 
*** TURN *** [Qd 9d 2d] [5h]
Edva-Taspats: checks 
Mahu2021: checks 
*** RIVER *** [Qd 9d 2d 5h] [7h]
Edva-Taspats: checks 
Mahu2021: bets 40
Edva-Taspats: raises 1150 to 1190 and is all-in
Mahu2021: calls 230 and is all-in
Uncalled bet (920) returned to Edva-Taspats
*** SHOW DOWN ***
Edva-Taspats: shows [2h 7s] (two pair, Sevens and Deuces)
Mahu2021: shows [Td 6d] (a flush, Queen high)
Mahu2021 collected 580 from pot
*** SUMMARY ***
Total pot 580 | Rake 0 
Board [Qd 9d 2d 5h 7h]
Seat 1: Edva-Taspats (big blind) showed [2h 7s] and lost with two pair, Sevens and Deuces
Seat 3: Mahu2021 (button) (small blind) showed [Td 6d] and won (580) with a flush, Queen high



PokerStars Hand #244154474558: Tournament #3601718777, $0.92+$0.08 USD Hold'em No Limit - Level II (15/30) - 2023/06/08 8:03:42 CET [2023/06/08 2:03:42 ET]
Table '3601718777 1' 3-max Seat #1 is the button
Seat 1: Edva-Taspats (920 in chips) 
Seat 3: Mahu2021 (580 in chips) 
Edva-Taspats: posts small blind 15
Mahu2021: posts big blind 30
*** HOLE CARDS ***
Dealt to Mahu2021 [9d Ah]
Edva-Taspats: folds 
Uncalled bet (15) returned to Mahu2021
Mahu2021 collected 30 from pot
Mahu2021: doesn't show hand 
*** SUMMARY ***
Total pot 30 | Rake 0 
Seat 1: Edva-Taspats (button) (small blind) folded before Flop
Seat 3: Mahu2021 (big blind) collected (30)



PokerStars Hand #244154475094: Tournament #3601718777, $0.92+$0.08 USD Hold'em No Limit - Level II (15/30) - 2023/06/08 8:03:47 CET [2023/06/08 2:03:47 ET]
Table '3601718777 1' 3-max Seat #3 is the button
Seat 1: Edva-Taspats (905 in chips) 
Seat 3: Mahu2021 (595 in chips) 
Mahu2021: posts small blind 15
Edva-Taspats: posts big blind 30
*** HOLE CARDS ***
Dealt to Mahu2021 [9c 8s]
Mahu2021: calls 15
Edva-Taspats: checks 
*** FLOP *** [Kd 2s Qd]
Edva-Taspats: checks 
Mahu2021: checks 
*** TURN *** [Kd 2s Qd] [6h]
Edva-Taspats: checks 
Mahu2021: checks 
*** RIVER *** [Kd 2s Qd 6h] [Jd]
Edva-Taspats: checks 
Mahu2021: checks 
*** SHOW DOWN ***
Edva-Taspats: shows [5d 6c] (a pair of Sixes)
Mahu2021: mucks hand 
Edva-Taspats collected 60 from pot
*** SUMMARY ***
Total pot 60 | Rake 0 
Board [Kd 2s Qd 6h Jd]
Seat 1: Edva-Taspats (big blind) showed [5d 6c] and won (60) with a pair of Sixes
Seat 3: Mahu2021 (button) (small blind) mucked [9c 8s]



PokerStars Hand #244154476245: Tournament #3601718777, $0.92+$0.08 USD Hold'em No Limit - Level II (15/30) - 2023/06/08 8:03:59 CET [2023/06/08 2:03:59 ET]
Table '3601718777 1' 3-max Seat #1 is the button
Seat 1: Edva-Taspats (935 in chips) 
Seat 3: Mahu2021 (565 in chips) 
Edva-Taspats: posts small blind 15
Mahu2021: posts big blind 30
*** HOLE CARDS ***
Dealt to Mahu2021 [Ah 3d]
Edva-Taspats: calls 15
Mahu2021: checks 
*** FLOP *** [8c 6s 7c]
Mahu2021: checks 
Edva-Taspats: checks 
*** TURN *** [8c 6s 7c] [Qd]
Mahu2021: checks 
Edva-Taspats: checks 
*** RIVER *** [8c 6s 7c Qd] [6c]
Mahu2021: checks 
Edva-Taspats: checks 
*** SHOW DOWN ***
Mahu2021: shows [Ah 3d] (a pair of Sixes)
Edva-Taspats: mucks hand 
Mahu2021 collected 60 from pot
*** SUMMARY ***
Total pot 60 | Rake 0 
Board [8c 6s 7c Qd 6c]
Seat 1: Edva-Taspats (button) (small blind) mucked [4s Kh]
Seat 3: Mahu2021 (big blind) showed [Ah 3d] and won (60) with a pair of Sixes



PokerStars Hand #244154477524: Tournament #3601718777, $0.92+$0.08 USD Hold'em No Limit - Level II (15/30) - 2023/06/08 8:04:11 CET [2023/06/08 2:04:11 ET]
Table '3601718777 1' 3-max Seat #3 is the button
Seat 1: Edva-Taspats (905 in chips) 
Seat 3: Mahu2021 (595 in chips) 
Mahu2021: posts small blind 15
Edva-Taspats: posts big blind 30
*** HOLE CARDS ***
Dealt to Mahu2021 [2d 6c]
Mahu2021: folds 
Uncalled bet (15) returned to Edva-Taspats
Edva-Taspats collected 30 from pot
Edva-Taspats: doesn't show hand 
*** SUMMARY ***
Total pot 30 | Rake 0 
Seat 1: Edva-Taspats (big blind) collected (30)
Seat 3: Mahu2021 (button) (small blind) folded before Flop



PokerStars Hand #244154478088: Tournament #3601718777, $0.92+$0.08 USD Hold'em No Limit - Level II (15/30) - 2023/06/08 8:04:16 CET [2023/06/08 2:04:16 ET]
Table '3601718777 1' 3-max Seat #1 is the button
Seat 1: Edva-Taspats (920 in chips) 
Seat 3: Mahu2021 (580 in chips) 
Edva-Taspats: posts small blind 15
Mahu2021: posts big blind 30
*** HOLE CARDS ***
Dealt to Mahu2021 [9h 7s]
Edva-Taspats: folds 
Uncalled bet (15) returned to Mahu2021
Mahu2021 collected 30 from pot
Mahu2021: doesn't show hand 
*** SUMMARY ***
Total pot 30 | Rake 0 
Seat 1: Edva-Taspats (button) (small blind) folded before Flop
Seat 3: Mahu2021 (big blind) collected (30)



PokerStars Hand #244154478546: Tournament #3601718777, $0.92+$0.08 USD Hold'em No Limit - Level II (15/30) - 2023/06/08 8:04:21 CET [2023/06/08 2:04:21 ET]
Table '3601718777 1' 3-max Seat #3 is the button
Seat 1: Edva-Taspats (905 in chips) 
Seat 3: Mahu2021 (595 in chips) 
Mahu2021: posts small blind 15
Edva-Taspats: posts big blind 30
*** HOLE CARDS ***
Dealt to Mahu2021 [9d 8d]
Mahu2021: calls 15
Edva-Taspats: checks 
*** FLOP *** [5c Qs 5h]
Edva-Taspats: checks 
Mahu2021: checks 
*** TURN *** [5c Qs 5h] [Kd]
Edva-Taspats: checks 
Mahu2021: checks 
*** RIVER *** [5c Qs 5h Kd] [6s]
Edva-Taspats: checks 
Mahu2021: checks 
*** SHOW DOWN ***
Edva-Taspats: shows [4d 3d] (a pair of Fives)
Mahu2021: shows [9d 8d] (a pair of Fives - King+Queen+Nine kicker)
Mahu2021 collected 60 from pot
*** SUMMARY ***
Total pot 60 | Rake 0 
Board [5c Qs 5h Kd 6s]
Seat 1: Edva-Taspats (big blind) showed [4d 3d] and lost with a pair of Fives
Seat 3: Mahu2021 (button) (small blind) showed [9d 8d] and won (60) with a pair of Fives



PokerStars Hand #244154479922: Tournament #3601718777, $0.92+$0.08 USD Hold'em No Limit - Level II (15/30) - 2023/06/08 8:04:35 CET [2023/06/08 2:04:35 ET]
Table '3601718777 1' 3-max Seat #1 is the button
Seat 1: Edva-Taspats (875 in chips) 
Seat 3: Mahu2021 (625 in chips) 
Edva-Taspats: posts small blind 15
Mahu2021: posts big blind 30
*** HOLE CARDS ***
Dealt to Mahu2021 [4s 7s]
Edva-Taspats: raises 845 to 875 and is all-in
Mahu2021: folds 
Uncalled bet (845) returned to Edva-Taspats
Edva-Taspats collected 60 from pot
Edva-Taspats: doesn't show hand 
*** SUMMARY ***
Total pot 60 | Rake 0 
Seat 1: Edva-Taspats (button) (small blind) collected (60)
Seat 3: Mahu2021 (big blind) folded before Flop



PokerStars Hand #244154480550: Tournament #3601718777, $0.92+$0.08 USD Hold'em No Limit - Level II (15/30) - 2023/06/08 8:04:42 CET [2023/06/08 2:04:42 ET]
Table '3601718777 1' 3-max Seat #3 is the button
Seat 1: Edva-Taspats (905 in chips) 
Seat 3: Mahu2021 (595 in chips) 
Mahu2021: posts small blind 15
Edva-Taspats: posts big blind 30
*** HOLE CARDS ***
Dealt to Mahu2021 [4c As]
Mahu2021: calls 15
Edva-Taspats: checks 
*** FLOP *** [Th Qh 2c]
Edva-Taspats: checks 
Mahu2021: checks 
*** TURN *** [Th Qh 2c] [Ks]
Edva-Taspats: checks 
Mahu2021: bets 30
Edva-Taspats: calls 30
*** RIVER *** [Th Qh 2c Ks] [Ac]
Edva-Taspats: checks 
Mahu2021: bets 90
Edva-Taspats: folds 
Uncalled bet (90) returned to Mahu2021
Mahu2021 collected 120 from pot
Mahu2021: doesn't show hand 
*** SUMMARY ***
Total pot 120 | Rake 0 
Board [Th Qh 2c Ks Ac]
Seat 1: Edva-Taspats (big blind) folded on the River
Seat 3: Mahu2021 (button) (small blind) collected (120)



PokerStars Hand #244154482383: Tournament #3601718777, $0.92+$0.08 USD Hold'em No Limit - Level II (15/30) - 2023/06/08 8:05:00 CET [2023/06/08 2:05:00 ET]
Table '3601718777 1' 3-max Seat #1 is the button
Seat 1: Edva-Taspats (845 in chips) 
Seat 3: Mahu2021 (655 in chips) 
Edva-Taspats: posts small blind 15
Mahu2021: posts big blind 30
*** HOLE CARDS ***
Dealt to Mahu2021 [3c 9s]
Edva-Taspats: folds 
Uncalled bet (15) returned to Mahu2021
Mahu2021 collected 30 from pot
Mahu2021: doesn't show hand 
*** SUMMARY ***
Total pot 30 | Rake 0 
Seat 1: Edva-Taspats (button) (small blind) folded before Flop
Seat 3: Mahu2021 (big blind) collected (30)



PokerStars Hand #244154482923: Tournament #3601718777, $0.92+$0.08 USD Hold'em No Limit - Level II (15/30) - 2023/06/08 8:05:05 CET [2023/06/08 2:05:05 ET]
Table '3601718777 1' 3-max Seat #3 is the button
Seat 1: Edva-Taspats (830 in chips) 
Seat 3: Mahu2021 (670 in chips) 
Mahu2021: posts small blind 15
Edva-Taspats: posts big blind 30
*** HOLE CARDS ***
Dealt to Mahu2021 [Ks 5d]
Mahu2021: calls 15
Edva-Taspats: raises 800 to 830 and is all-in
Mahu2021: folds 
Uncalled bet (800) returned to Edva-Taspats
Edva-Taspats collected 60 from pot
Edva-Taspats: doesn't show hand 
*** SUMMARY ***
Total pot 60 | Rake 0 
Seat 1: Edva-Taspats (big blind) collected (60)
Seat 3: Mahu2021 (button) (small blind) folded before Flop



PokerStars Hand #244154483807: Tournament #3601718777, $0.92+$0.08 USD Hold'em No Limit - Level II (15/30) - 2023/06/08 8:05:14 CET [2023/06/08 2:05:14 ET]
Table '3601718777 1' 3-max Seat #1 is the button
Seat 1: Edva-Taspats (860 in chips) 
Seat 3: Mahu2021 (640 in chips) 
Edva-Taspats: posts small blind 15
Mahu2021: posts big blind 30
*** HOLE CARDS ***
Dealt to Mahu2021 [Kc 5d]
Edva-Taspats: calls 15
Mahu2021: checks 
*** FLOP *** [Qc Ts Js]
Mahu2021: checks 
Edva-Taspats: bets 30
Mahu2021: calls 30
*** TURN *** [Qc Ts Js] [Th]
Mahu2021: checks 
Edva-Taspats: bets 60
Mahu2021: folds 
Uncalled bet (60) returned to Edva-Taspats
Edva-Taspats collected 120 from pot
Edva-Taspats: doesn't show hand 
*** SUMMARY ***
Total pot 120 | Rake 0 
Board [Qc Ts Js Th]
Seat 1: Edva-Taspats (button) (small blind) collected (120)
Seat 3: Mahu2021 (big blind) folded on the Turn



PokerStars Hand #244154485144: Tournament #3601718777, $0.92+$0.08 USD Hold'em No Limit - Level II (15/30) - 2023/06/08 8:05:27 CET [2023/06/08 2:05:27 ET]
Table '3601718777 1' 3-max Seat #3 is the button
Seat 1: Edva-Taspats (920 in chips) 
Seat 3: Mahu2021 (580 in chips) 
Mahu2021: posts small blind 15
Edva-Taspats: posts big blind 30
*** HOLE CARDS ***
Dealt to Mahu2021 [Ks 6h]
Mahu2021: calls 15
Edva-Taspats: checks 
*** FLOP *** [2s 5s Js]
Edva-Taspats: checks 
Mahu2021: bets 30
Edva-Taspats: calls 30
*** TURN *** [2s 5s Js] [Tc]
Edva-Taspats: checks 
Mahu2021: checks 
*** RIVER *** [2s 5s Js Tc] [8s]
Edva-Taspats: checks 
Mahu2021: bets 120
Edva-Taspats: calls 120
*** SHOW DOWN ***
Mahu2021: shows [Ks 6h] (a flush, King high)
Edva-Taspats: mucks hand 
Mahu2021 collected 360 from pot
*** SUMMARY ***
Total pot 360 | Rake 0 
Board [2s 5s Js Tc 8s]
Seat 1: Edva-Taspats (big blind) mucked [4s Kd]
Seat 3: Mahu2021 (button) (small blind) showed [Ks 6h] and won (360) with a flush, King high



PokerStars Hand #244154486949: Tournament #3601718777, $0.92+$0.08 USD Hold'em No Limit - Level II (15/30) - 2023/06/08 8:05:46 CET [2023/06/08 2:05:46 ET]
Table '3601718777 1' 3-max Seat #1 is the button
Seat 1: Edva-Taspats (740 in chips) 
Seat 3: Mahu2021 (760 in chips) 
Edva-Taspats: posts small blind 15
Mahu2021: posts big blind 30
*** HOLE CARDS ***
Dealt to Mahu2021 [Th 9h]
Edva-Taspats: folds 
Uncalled bet (15) returned to Mahu2021
Mahu2021 collected 30 from pot
Mahu2021: doesn't show hand 
*** SUMMARY ***
Total pot 30 | Rake 0 
Seat 1: Edva-Taspats (button) (small blind) folded before Flop
Seat 3: Mahu2021 (big blind) collected (30)



PokerStars Hand #244154487413: Tournament #3601718777, $0.92+$0.08 USD Hold'em No Limit - Level II (15/30) - 2023/06/08 8:05:50 CET [2023/06/08 2:05:50 ET]
Table '3601718777 1' 3-max Seat #3 is the button
Seat 1: Edva-Taspats (725 in chips) 
Seat 3: Mahu2021 (775 in chips) 
Mahu2021: posts small blind 15
Edva-Taspats: posts big blind 30
*** HOLE CARDS ***
Dealt to Mahu2021 [Jh 9c]
Mahu2021: calls 15
Edva-Taspats: checks 
*** FLOP *** [4d 6d Ks]
Edva-Taspats: bets 30
Mahu2021: folds 
Uncalled bet (30) returned to Edva-Taspats
Edva-Taspats collected 60 from pot
Edva-Taspats: doesn't show hand 
*** SUMMARY ***
Total pot 60 | Rake 0 
Board [4d 6d Ks]
Seat 1: Edva-Taspats (big blind) collected (60)
Seat 3: Mahu2021 (button) (small blind) folded on the Flop



PokerStars Hand #244154488498: Tournament #3601718777, $0.92+$0.08 USD Hold'em No Limit - Level II (15/30) - 2023/06/08 8:06:01 CET [2023/06/08 2:06:01 ET]
Table '3601718777 1' 3-max Seat #1 is the button
Seat 1: Edva-Taspats (755 in chips) 
Seat 3: Mahu2021 (745 in chips) 
Edva-Taspats: posts small blind 15
Mahu2021: posts big blind 30
*** HOLE CARDS ***
Dealt to Mahu2021 [Qs Js]
Edva-Taspats: folds 
Uncalled bet (15) returned to Mahu2021
Mahu2021 collected 30 from pot
Mahu2021: doesn't show hand 
*** SUMMARY ***
Total pot 30 | Rake 0 
Seat 1: Edva-Taspats (button) (small blind) folded before Flop
Seat 3: Mahu2021 (big blind) collected (30)



PokerStars Hand #244154488939: Tournament #3601718777, $0.92+$0.08 USD Hold'em No Limit - Level II (15/30) - 2023/06/08 8:06:06 CET [2023/06/08 2:06:06 ET]
Table '3601718777 1' 3-max Seat #3 is the button
Seat 1: Edva-Taspats (740 in chips) 
Seat 3: Mahu2021 (760 in chips) 
Mahu2021: posts small blind 15
Edva-Taspats: posts big blind 30
*** HOLE CARDS ***
Dealt to Mahu2021 [4d Qd]
Mahu2021: calls 15
Edva-Taspats: checks 
*** FLOP *** [8h 9c Td]
Edva-Taspats: bets 30
Mahu2021: calls 30
*** TURN *** [8h 9c Td] [Kh]
Edva-Taspats: bets 30
Mahu2021: calls 30
*** RIVER *** [8h 9c Td Kh] [8d]
Edva-Taspats: checks 
Mahu2021: bets 90
Edva-Taspats: calls 90
*** SHOW DOWN ***
Mahu2021: shows [4d Qd] (a pair of Eights)
Edva-Taspats: shows [3h 9h] (two pair, Nines and Eights)
Edva-Taspats collected 360 from pot
*** SUMMARY ***
Total pot 360 | Rake 0 
Board [8h 9c Td Kh 8d]
Seat 1: Edva-Taspats (big blind) showed [3h 9h] and won (360) with two pair, Nines and Eights
Seat 3: Mahu2021 (button) (small blind) showed [4d Qd] and lost with a pair of Eights



PokerStars Hand #244154490740: Tournament #3601718777, $0.92+$0.08 USD Hold'em No Limit - Level II (15/30) - 2023/06/08 8:06:24 CET [2023/06/08 2:06:24 ET]
Table '3601718777 1' 3-max Seat #1 is the button
Seat 1: Edva-Taspats (920 in chips) 
Seat 3: Mahu2021 (580 in chips) 
Edva-Taspats: posts small blind 15
Mahu2021: posts big blind 30
*** HOLE CARDS ***
Dealt to Mahu2021 [9s Td]
Edva-Taspats: folds 
Uncalled bet (15) returned to Mahu2021
Mahu2021 collected 30 from pot
Mahu2021: doesn't show hand 
*** SUMMARY ***
Total pot 30 | Rake 0 
Seat 1: Edva-Taspats (button) (small blind) folded before Flop
Seat 3: Mahu2021 (big blind) collected (30)



PokerStars Hand #244154491193: Tournament #3601718777, $0.92+$0.08 USD Hold'em No Limit - Level II (15/30) - 2023/06/08 8:06:28 CET [2023/06/08 2:06:28 ET]
Table '3601718777 1' 3-max Seat #3 is the button
Seat 1: Edva-Taspats (905 in chips) 
Seat 3: Mahu2021 (595 in chips) 
Mahu2021: posts small blind 15
Edva-Taspats: posts big blind 30
*** HOLE CARDS ***
Dealt to Mahu2021 [Ah Jc]
Mahu2021: raises 30 to 60
Edva-Taspats: calls 30
*** FLOP *** [Jd 5d 2c]
Edva-Taspats: checks 
Mahu2021: bets 535 and is all-in
Edva-Taspats: folds 
Uncalled bet (535) returned to Mahu2021
Mahu2021 collected 120 from pot
Mahu2021: doesn't show hand 
*** SUMMARY ***
Total pot 120 | Rake 0 
Board [Jd 5d 2c]
Seat 1: Edva-Taspats (big blind) folded on the Flop
Seat 3: Mahu2021 (button) (small blind) collected (120)



PokerStars Hand #244154492706: Tournament #3601718777, $0.92+$0.08 USD Hold'em No Limit - Level III (20/40) - 2023/06/08 8:06:43 CET [2023/06/08 2:06:43 ET]
Table '3601718777 1' 3-max Seat #1 is the button
Seat 1: Edva-Taspats (845 in chips) 
Seat 3: Mahu2021 (655 in chips) 
Edva-Taspats: posts small blind 20
Mahu2021: posts big blind 40
*** HOLE CARDS ***
Dealt to Mahu2021 [Th 8c]
Edva-Taspats: calls 20
Mahu2021: checks 
*** FLOP *** [7d Kc 8s]
Mahu2021: bets 40
Edva-Taspats: calls 40
*** TURN *** [7d Kc 8s] [9c]
Mahu2021: bets 40
Edva-Taspats: calls 40
*** RIVER *** [7d Kc 8s 9c] [9d]
Mahu2021: bets 40
Edva-Taspats: calls 40
*** SHOW DOWN ***
Mahu2021: shows [Th 8c] (two pair, Nines and Eights)
Edva-Taspats: shows [3d Kd] (two pair, Kings and Nines)
Edva-Taspats collected 320 from pot
*** SUMMARY ***
Total pot 320 | Rake 0 
Board [7d Kc 8s 9c 9d]
Seat 1: Edva-Taspats (button) (small blind) showed [3d Kd] and won (320) with two pair, Kings and Nines
Seat 3: Mahu2021 (big blind) showed [Th 8c] and lost with two pair, Nines and Eights



PokerStars Hand #244154494319: Tournament #3601718777, $0.92+$0.08 USD Hold'em No Limit - Level III (20/40) - 2023/06/08 8:06:59 CET [2023/06/08 2:06:59 ET]
Table '3601718777 1' 3-max Seat #3 is the button
Seat 1: Edva-Taspats (1005 in chips) 
Seat 3: Mahu2021 (495 in chips) 
Mahu2021: posts small blind 20
Edva-Taspats: posts big blind 40
*** HOLE CARDS ***
Dealt to Mahu2021 [Td 6d]
Mahu2021: calls 20
Edva-Taspats: raises 965 to 1005 and is all-in
Mahu2021: folds 
Uncalled bet (965) returned to Edva-Taspats
Edva-Taspats collected 80 from pot
Edva-Taspats: doesn't show hand 
*** SUMMARY ***
Total pot 80 | Rake 0 
Seat 1: Edva-Taspats (big blind) collected (80)
Seat 3: Mahu2021 (button) (small blind) folded before Flop



PokerStars Hand #244154495081: Tournament #3601718777, $0.92+$0.08 USD Hold'em No Limit - Level III (20/40) - 2023/06/08 8:07:07 CET [2023/06/08 2:07:07 ET]
Table '3601718777 1' 3-max Seat #1 is the button
Seat 1: Edva-Taspats (1045 in chips) 
Seat 3: Mahu2021 (455 in chips) 
Edva-Taspats: posts small blind 20
Mahu2021: posts big blind 40
*** HOLE CARDS ***
Dealt to Mahu2021 [Ks 2c]
Edva-Taspats: raises 1005 to 1045 and is all-in
Mahu2021: folds 
Uncalled bet (1005) returned to Edva-Taspats
Edva-Taspats collected 80 from pot
Edva-Taspats: doesn't show hand 
*** SUMMARY ***
Total pot 80 | Rake 0 
Seat 1: Edva-Taspats (button) (small blind) collected (80)
Seat 3: Mahu2021 (big blind) folded before Flop



PokerStars Hand #244154495725: Tournament #3601718777, $0.92+$0.08 USD Hold'em No Limit - Level III (20/40) - 2023/06/08 8:07:13 CET [2023/06/08 2:07:13 ET]
Table '3601718777 1' 3-max Seat #3 is the button
Seat 1: Edva-Taspats (1085 in chips) 
Seat 3: Mahu2021 (415 in chips) 
Mahu2021: posts small blind 20
Edva-Taspats: posts big blind 40
*** HOLE CARDS ***
Dealt to Mahu2021 [3c 9h]
Mahu2021: folds 
Uncalled bet (20) returned to Edva-Taspats
Edva-Taspats collected 40 from pot
Edva-Taspats: doesn't show hand 
*** SUMMARY ***
Total pot 40 | Rake 0 
Seat 1: Edva-Taspats (big blind) collected (40)
Seat 3: Mahu2021 (button) (small blind) folded before Flop



PokerStars Hand #244154496190: Tournament #3601718777, $0.92+$0.08 USD Hold'em No Limit - Level III (20/40) - 2023/06/08 8:07:18 CET [2023/06/08 2:07:18 ET]
Table '3601718777 1' 3-max Seat #1 is the button
Seat 1: Edva-Taspats (1105 in chips) 
Seat 3: Mahu2021 (395 in chips) 
Edva-Taspats: posts small blind 20
Mahu2021: posts big blind 40
*** HOLE CARDS ***
Dealt to Mahu2021 [5c 3h]
Edva-Taspats: raises 1065 to 1105 and is all-in
Mahu2021: folds 
Uncalled bet (1065) returned to Edva-Taspats
Edva-Taspats collected 80 from pot
Edva-Taspats: doesn't show hand 
*** SUMMARY ***
Total pot 80 | Rake 0 
Seat 1: Edva-Taspats (button) (small blind) collected (80)
Seat 3: Mahu2021 (big blind) folded before Flop



PokerStars Hand #244154496828: Tournament #3601718777, $0.92+$0.08 USD Hold'em No Limit - Level III (20/40) - 2023/06/08 8:07:24 CET [2023/06/08 2:07:24 ET]
Table '3601718777 1' 3-max Seat #3 is the button
Seat 1: Edva-Taspats (1145 in chips) 
Seat 3: Mahu2021 (355 in chips) 
Mahu2021: posts small blind 20
Edva-Taspats: posts big blind 40
*** HOLE CARDS ***
Dealt to Mahu2021 [Tc 7h]
Mahu2021: folds 
Uncalled bet (20) returned to Edva-Taspats
Edva-Taspats collected 40 from pot
Edva-Taspats: doesn't show hand 
*** SUMMARY ***
Total pot 40 | Rake 0 
Seat 1: Edva-Taspats (big blind) collected (40)
Seat 3: Mahu2021 (button) (small blind) folded before Flop



PokerStars Hand #244154497302: Tournament #3601718777, $0.92+$0.08 USD Hold'em No Limit - Level III (20/40) - 2023/06/08 8:07:29 CET [2023/06/08 2:07:29 ET]
Table '3601718777 1' 3-max Seat #1 is the button
Seat 1: Edva-Taspats (1165 in chips) 
Seat 3: Mahu2021 (335 in chips) 
Edva-Taspats: posts small blind 20
Mahu2021: posts big blind 40
*** HOLE CARDS ***
Dealt to Mahu2021 [3d Ah]
Edva-Taspats: calls 20
Mahu2021: raises 295 to 335 and is all-in
Edva-Taspats: calls 295
*** FLOP *** [Tc Kh Js]
*** TURN *** [Tc Kh Js] [8d]
*** RIVER *** [Tc Kh Js 8d] [6s]
*** SHOW DOWN ***
Mahu2021: shows [3d Ah] (high card Ace)
Edva-Taspats: shows [3h Ks] (a pair of Kings)
Edva-Taspats collected 670 from pot
Mahu2021 finished the tournament in 2nd place
Edva-Taspats wins the tournament and receives $3.00 - congratulations!
*** SUMMARY ***
Total pot 670 | Rake 0 
Board [Tc Kh Js 8d 6s]
Seat 1: Edva-Taspats (button) (small blind) showed [3h Ks] and won (670) with a pair of Kings
Seat 3: Mahu2021 (big blind) showed [3d Ah] and lost with high card Ace



