PokerStars Hand #248406134674: Tournament #3704203471, $1.84+$0.16 USD Hold'em No Limit - Level I (10/20) - 2024/01/21 9:34:47 CET [2024/01/21 3:34:47 ET]
Table '3704203471 1' 3-max Seat #1 is the button
Seat 1: pelutuki (500 in chips) 
Seat 2: nicofalcon22 (500 in chips) 
Seat 3: Mahu2021 (500 in chips) 
nicofalcon22: posts small blind 10
Mahu2021: posts big blind 20
*** HOLE CARDS ***
Dealt to Mahu2021 [5c Jd]
pelutuki: folds 
nicofalcon22: calls 10
Mahu2021: checks 
*** FLOP *** [4h 7s Td]
nicofalcon22: checks 
Mahu2021: checks 
*** TURN *** [4h 7s Td] [3h]
nicofalcon22: checks 
Mahu2021: checks 
*** RIVER *** [4h 7s Td 3h] [Qc]
nicofalcon22: bets 60
Mahu2021: folds 
Uncalled bet (60) returned to nicofalcon22
nicofalcon22 collected 40 from pot
*** SUMMARY ***
Total pot 40 | Rake 0 
Board [4h 7s Td 3h Qc]
Seat 1: pelutuki (button) folded before Flop (didn't bet)
Seat 2: nicofalcon22 (small blind) collected (40)
Seat 3: Mahu2021 (big blind) folded on the River



PokerStars Hand #248406136709: Tournament #3704203471, $1.84+$0.16 USD Hold'em No Limit - Level I (10/20) - 2024/01/21 9:35:05 CET [2024/01/21 3:35:05 ET]
Table '3704203471 1' 3-max Seat #2 is the button
Seat 1: pelutuki (500 in chips) 
Seat 2: nicofalcon22 (520 in chips) 
Seat 3: Mahu2021 (480 in chips) 
Mahu2021: posts small blind 10
pelutuki: posts big blind 20
*** HOLE CARDS ***
Dealt to Mahu2021 [4c Qh]
nicofalcon22: folds 
Mahu2021: folds 
Uncalled bet (10) returned to pelutuki
pelutuki collected 20 from pot
pelutuki: doesn't show hand 
*** SUMMARY ***
Total pot 20 | Rake 0 
Seat 1: pelutuki (big blind) collected (20)
Seat 2: nicofalcon22 (button) folded before Flop (didn't bet)
Seat 3: Mahu2021 (small blind) folded before Flop



PokerStars Hand #248406137466: Tournament #3704203471, $1.84+$0.16 USD Hold'em No Limit - Level I (10/20) - 2024/01/21 9:35:11 CET [2024/01/21 3:35:11 ET]
Table '3704203471 1' 3-max Seat #3 is the button
Seat 1: pelutuki (510 in chips) 
Seat 2: nicofalcon22 (520 in chips) 
Seat 3: Mahu2021 (470 in chips) 
pelutuki: posts small blind 10
nicofalcon22: posts big blind 20
*** HOLE CARDS ***
Dealt to Mahu2021 [Kd Ks]
Mahu2021: raises 450 to 470 and is all-in
pelutuki: folds 
nicofalcon22: folds 
Uncalled bet (450) returned to Mahu2021
Mahu2021 collected 50 from pot
Mahu2021: doesn't show hand 
*** SUMMARY ***
Total pot 50 | Rake 0 
Seat 1: pelutuki (small blind) folded before Flop
Seat 2: nicofalcon22 (big blind) folded before Flop
Seat 3: Mahu2021 (button) collected (50)



PokerStars Hand #248406138490: Tournament #3704203471, $1.84+$0.16 USD Hold'em No Limit - Level I (10/20) - 2024/01/21 9:35:20 CET [2024/01/21 3:35:20 ET]
Table '3704203471 1' 3-max Seat #1 is the button
Seat 1: pelutuki (500 in chips) 
Seat 2: nicofalcon22 (500 in chips) 
Seat 3: Mahu2021 (500 in chips) 
nicofalcon22: posts small blind 10
Mahu2021: posts big blind 20
*** HOLE CARDS ***
Dealt to Mahu2021 [4h Ah]
pelutuki has timed out
pelutuki: folds 
pelutuki is sitting out
pelutuki has returned
nicofalcon22: calls 10
Mahu2021: checks 
*** FLOP *** [9h 2d 5s]
nicofalcon22: checks 
Mahu2021: bets 20
nicofalcon22: calls 20
*** TURN *** [9h 2d 5s] [As]
nicofalcon22: checks 
Mahu2021: bets 20
nicofalcon22: folds 
Uncalled bet (20) returned to Mahu2021
Mahu2021 collected 80 from pot
Mahu2021: doesn't show hand 
*** SUMMARY ***
Total pot 80 | Rake 0 
Board [9h 2d 5s As]
Seat 1: pelutuki (button) folded before Flop (didn't bet)
Seat 2: nicofalcon22 (small blind) folded on the Turn
Seat 3: Mahu2021 (big blind) collected (80)



PokerStars Hand #248406141922: Tournament #3704203471, $1.84+$0.16 USD Hold'em No Limit - Level I (10/20) - 2024/01/21 9:35:49 CET [2024/01/21 3:35:49 ET]
Table '3704203471 1' 3-max Seat #2 is the button
Seat 1: pelutuki (500 in chips) 
Seat 2: nicofalcon22 (460 in chips) 
Seat 3: Mahu2021 (540 in chips) 
Mahu2021: posts small blind 10
pelutuki: posts big blind 20
*** HOLE CARDS ***
Dealt to Mahu2021 [5s Td]
nicofalcon22: folds 
Mahu2021: folds 
Uncalled bet (10) returned to pelutuki
pelutuki collected 20 from pot
pelutuki: doesn't show hand 
*** SUMMARY ***
Total pot 20 | Rake 0 
Seat 1: pelutuki (big blind) collected (20)
Seat 2: nicofalcon22 (button) folded before Flop (didn't bet)
Seat 3: Mahu2021 (small blind) folded before Flop



PokerStars Hand #248406142449: Tournament #3704203471, $1.84+$0.16 USD Hold'em No Limit - Level I (10/20) - 2024/01/21 9:35:54 CET [2024/01/21 3:35:54 ET]
Table '3704203471 1' 3-max Seat #3 is the button
Seat 1: pelutuki (510 in chips) 
Seat 2: nicofalcon22 (460 in chips) 
Seat 3: Mahu2021 (530 in chips) 
pelutuki: posts small blind 10
nicofalcon22: posts big blind 20
*** HOLE CARDS ***
Dealt to Mahu2021 [Js Jd]
Mahu2021: raises 20 to 40
pelutuki: folds 
nicofalcon22: raises 20 to 60
Mahu2021: raises 470 to 530 and is all-in
nicofalcon22: calls 400 and is all-in
Uncalled bet (70) returned to Mahu2021
*** FLOP *** [6h 8s Th]
*** TURN *** [6h 8s Th] [Ks]
*** RIVER *** [6h 8s Th Ks] [3c]
*** SHOW DOWN ***
nicofalcon22: shows [Ad Ac] (a pair of Aces)
Mahu2021: shows [Js Jd] (a pair of Jacks)
nicofalcon22 collected 930 from pot
*** SUMMARY ***
Total pot 930 | Rake 0 
Board [6h 8s Th Ks 3c]
Seat 1: pelutuki (small blind) folded before Flop
Seat 2: nicofalcon22 (big blind) showed [Ad Ac] and won (930) with a pair of Aces
Seat 3: Mahu2021 (button) showed [Js Jd] and lost with a pair of Jacks



PokerStars Hand #248406144827: Tournament #3704203471, $1.84+$0.16 USD Hold'em No Limit - Level I (10/20) - 2024/01/21 9:36:14 CET [2024/01/21 3:36:14 ET]
Table '3704203471 1' 3-max Seat #1 is the button
Seat 1: pelutuki (500 in chips) 
Seat 2: nicofalcon22 (930 in chips) 
Seat 3: Mahu2021 (70 in chips) 
nicofalcon22: posts small blind 10
Mahu2021: posts big blind 20
*** HOLE CARDS ***
Dealt to Mahu2021 [2d 4c]
pelutuki: folds 
nicofalcon22: calls 10
Mahu2021: checks 
*** FLOP *** [3c Ac Qd]
nicofalcon22: checks 
Mahu2021: checks 
*** TURN *** [3c Ac Qd] [Tc]
nicofalcon22: checks 
Mahu2021: bets 20
nicofalcon22: calls 20
*** RIVER *** [3c Ac Qd Tc] [5c]
nicofalcon22: bets 60
Mahu2021: calls 30 and is all-in
Uncalled bet (30) returned to nicofalcon22
*** SHOW DOWN ***
nicofalcon22: shows [9s Jc] (a flush, Ace high)
Mahu2021: shows [2d 4c] (a flush, Ace high - lower cards)
nicofalcon22 collected 140 from pot
Mahu2021 finished the tournament in 3rd place
*** SUMMARY ***
Total pot 140 | Rake 0 
Board [3c Ac Qd Tc 5c]
Seat 1: pelutuki (button) folded before Flop (didn't bet)
Seat 2: nicofalcon22 (small blind) showed [9s Jc] and won (140) with a flush, Ace high
Seat 3: Mahu2021 (big blind) showed [2d 4c] and lost with a flush, Ace high



