PokerStars Hand #247524694526: Tournament #3683169159, $1.84+$0.16 USD Hold'em No Limit - Level I (10/20) - 2023/12/07 11:57:25 CET [2023/12/07 5:57:25 ET]
Table '3683169159 1' 3-max Seat #1 is the button
Seat 1: pela.170494 (500 in chips) 
Seat 2: Sticcc (500 in chips) 
Seat 3: Mahu2021 (500 in chips) 
Sticcc: posts small blind 10
Mahu2021: posts big blind 20
*** HOLE CARDS ***
Dealt to Mahu2021 [Jc Tc]
pela.170494: folds 
Sticcc: raises 20 to 40
Mahu2021: calls 20
*** FLOP *** [9s 7h 9d]
Sticcc: bets 20
Mahu2021: calls 20
*** TURN *** [9s 7h 9d] [7d]
Sticcc: bets 60
Mahu2021: folds 
Uncalled bet (60) returned to Sticcc
Sticcc collected 120 from pot
Sticcc: doesn't show hand 
*** SUMMARY ***
Total pot 120 | Rake 0 
Board [9s 7h 9d 7d]
Seat 1: pela.170494 (button) folded before Flop (didn't bet)
Seat 2: Sticcc (small blind) collected (120)
Seat 3: Mahu2021 (big blind) folded on the Turn



PokerStars Hand #247524699478: Tournament #3683169159, $1.84+$0.16 USD Hold'em No Limit - Level I (10/20) - 2023/12/07 11:58:07 CET [2023/12/07 5:58:07 ET]
Table '3683169159 1' 3-max Seat #2 is the button
Seat 1: pela.170494 (500 in chips) 
Seat 2: Sticcc (560 in chips) 
Seat 3: Mahu2021 (440 in chips) 
Mahu2021: posts small blind 10
pela.170494: posts big blind 20
*** HOLE CARDS ***
Dealt to Mahu2021 [8h Th]
Sticcc: folds 
Mahu2021: raises 20 to 40
pela.170494: calls 20
*** FLOP *** [9c 4c Td]
Mahu2021: bets 40
pela.170494: folds 
Uncalled bet (40) returned to Mahu2021
Mahu2021 collected 80 from pot
Mahu2021: doesn't show hand 
*** SUMMARY ***
Total pot 80 | Rake 0 
Board [9c 4c Td]
Seat 1: pela.170494 (big blind) folded on the Flop
Seat 2: Sticcc (button) folded before Flop (didn't bet)
Seat 3: Mahu2021 (small blind) collected (80)



PokerStars Hand #247524701267: Tournament #3683169159, $1.84+$0.16 USD Hold'em No Limit - Level I (10/20) - 2023/12/07 11:58:23 CET [2023/12/07 5:58:23 ET]
Table '3683169159 1' 3-max Seat #3 is the button
Seat 1: pela.170494 (460 in chips) 
Seat 2: Sticcc (560 in chips) 
Seat 3: Mahu2021 (480 in chips) 
pela.170494: posts small blind 10
Sticcc: posts big blind 20
*** HOLE CARDS ***
Dealt to Mahu2021 [6h Ks]
Mahu2021: folds 
pela.170494: calls 10
Sticcc: checks 
*** FLOP *** [Ad 9h 8h]
pela.170494: bets 30
Sticcc: folds 
Uncalled bet (30) returned to pela.170494
pela.170494 collected 40 from pot
pela.170494: doesn't show hand 
*** SUMMARY ***
Total pot 40 | Rake 0 
Board [Ad 9h 8h]
Seat 1: pela.170494 (small blind) collected (40)
Seat 2: Sticcc (big blind) folded on the Flop
Seat 3: Mahu2021 (button) folded before Flop (didn't bet)



PokerStars Hand #247524705078: Tournament #3683169159, $1.84+$0.16 USD Hold'em No Limit - Level I (10/20) - 2023/12/07 11:58:55 CET [2023/12/07 5:58:55 ET]
Table '3683169159 1' 3-max Seat #1 is the button
Seat 1: pela.170494 (480 in chips) 
Seat 2: Sticcc (540 in chips) 
Seat 3: Mahu2021 (480 in chips) 
Sticcc: posts small blind 10
Mahu2021: posts big blind 20
*** HOLE CARDS ***
Dealt to Mahu2021 [Qc Kd]
pela.170494: raises 460 to 480 and is all-in
Sticcc: folds 
Mahu2021: folds 
Uncalled bet (460) returned to pela.170494
pela.170494 collected 50 from pot
pela.170494: doesn't show hand 
*** SUMMARY ***
Total pot 50 | Rake 0 
Seat 1: pela.170494 (button) collected (50)
Seat 2: Sticcc (small blind) folded before Flop
Seat 3: Mahu2021 (big blind) folded before Flop



PokerStars Hand #247524706178: Tournament #3683169159, $1.84+$0.16 USD Hold'em No Limit - Level I (10/20) - 2023/12/07 11:59:04 CET [2023/12/07 5:59:04 ET]
Table '3683169159 1' 3-max Seat #2 is the button
Seat 1: pela.170494 (510 in chips) 
Seat 2: Sticcc (530 in chips) 
Seat 3: Mahu2021 (460 in chips) 
Mahu2021: posts small blind 10
pela.170494: posts big blind 20
*** HOLE CARDS ***
Dealt to Mahu2021 [3d As]
Sticcc: folds 
Mahu2021: calls 10
pela.170494: raises 40 to 60
Mahu2021: folds 
Uncalled bet (40) returned to pela.170494
pela.170494 collected 40 from pot
pela.170494: doesn't show hand 
*** SUMMARY ***
Total pot 40 | Rake 0 
Seat 1: pela.170494 (big blind) collected (40)
Seat 2: Sticcc (button) folded before Flop (didn't bet)
Seat 3: Mahu2021 (small blind) folded before Flop



PokerStars Hand #247524707625: Tournament #3683169159, $1.84+$0.16 USD Hold'em No Limit - Level I (10/20) - 2023/12/07 11:59:17 CET [2023/12/07 5:59:17 ET]
Table '3683169159 1' 3-max Seat #3 is the button
Seat 1: pela.170494 (530 in chips) 
Seat 2: Sticcc (530 in chips) 
Seat 3: Mahu2021 (440 in chips) 
pela.170494: posts small blind 10
Sticcc: posts big blind 20
*** HOLE CARDS ***
Dealt to Mahu2021 [9s 6d]
Mahu2021: folds 
pela.170494: folds 
Uncalled bet (10) returned to Sticcc
Sticcc collected 20 from pot
Sticcc: doesn't show hand 
*** SUMMARY ***
Total pot 20 | Rake 0 
Seat 1: pela.170494 (small blind) folded before Flop
Seat 2: Sticcc (big blind) collected (20)
Seat 3: Mahu2021 (button) folded before Flop (didn't bet)



PokerStars Hand #247524708349: Tournament #3683169159, $1.84+$0.16 USD Hold'em No Limit - Level I (10/20) - 2023/12/07 11:59:23 CET [2023/12/07 5:59:23 ET]
Table '3683169159 1' 3-max Seat #1 is the button
Seat 1: pela.170494 (520 in chips) 
Seat 2: Sticcc (540 in chips) 
Seat 3: Mahu2021 (440 in chips) 
Sticcc: posts small blind 10
Mahu2021: posts big blind 20
*** HOLE CARDS ***
Dealt to Mahu2021 [6h 9d]
pela.170494: folds 
Sticcc: calls 10
Mahu2021: checks 
*** FLOP *** [5h 8c 7d]
Sticcc: checks 
Mahu2021: checks 
*** TURN *** [5h 8c 7d] [5s]
Sticcc: checks 
Mahu2021: bets 40
Sticcc: folds 
Uncalled bet (40) returned to Mahu2021
Mahu2021 collected 40 from pot
Mahu2021: doesn't show hand 
*** SUMMARY ***
Total pot 40 | Rake 0 
Board [5h 8c 7d 5s]
Seat 1: pela.170494 (button) folded before Flop (didn't bet)
Seat 2: Sticcc (small blind) folded on the Turn
Seat 3: Mahu2021 (big blind) collected (40)



PokerStars Hand #247524712451: Tournament #3683169159, $1.84+$0.16 USD Hold'em No Limit - Level I (10/20) - 2023/12/07 11:59:59 CET [2023/12/07 5:59:59 ET]
Table '3683169159 1' 3-max Seat #2 is the button
Seat 1: pela.170494 (520 in chips) 
Seat 2: Sticcc (520 in chips) 
Seat 3: Mahu2021 (460 in chips) 
Mahu2021: posts small blind 10
pela.170494: posts big blind 20
*** HOLE CARDS ***
Dealt to Mahu2021 [2h Jc]
Sticcc: folds 
Mahu2021: folds 
Uncalled bet (10) returned to pela.170494
pela.170494 collected 20 from pot
pela.170494: doesn't show hand 
*** SUMMARY ***
Total pot 20 | Rake 0 
Seat 1: pela.170494 (big blind) collected (20)
Seat 2: Sticcc (button) folded before Flop (didn't bet)
Seat 3: Mahu2021 (small blind) folded before Flop



PokerStars Hand #247524713085: Tournament #3683169159, $1.84+$0.16 USD Hold'em No Limit - Level I (10/20) - 2023/12/07 12:00:04 CET [2023/12/07 6:00:04 ET]
Table '3683169159 1' 3-max Seat #3 is the button
Seat 1: pela.170494 (530 in chips) 
Seat 2: Sticcc (520 in chips) 
Seat 3: Mahu2021 (450 in chips) 
pela.170494: posts small blind 10
Sticcc: posts big blind 20
*** HOLE CARDS ***
Dealt to Mahu2021 [6h 7c]
Mahu2021: folds 
pela.170494: raises 20 to 40
Sticcc: folds 
Uncalled bet (20) returned to pela.170494
pela.170494 collected 40 from pot
pela.170494: doesn't show hand 
*** SUMMARY ***
Total pot 40 | Rake 0 
Seat 1: pela.170494 (small blind) collected (40)
Seat 2: Sticcc (big blind) folded before Flop
Seat 3: Mahu2021 (button) folded before Flop (didn't bet)



PokerStars Hand #247524716233: Tournament #3683169159, $1.84+$0.16 USD Hold'em No Limit - Level II (15/30) - 2023/12/07 12:00:30 CET [2023/12/07 6:00:30 ET]
Table '3683169159 1' 3-max Seat #1 is the button
Seat 1: pela.170494 (550 in chips) 
Seat 2: Sticcc (500 in chips) 
Seat 3: Mahu2021 (450 in chips) 
Sticcc: posts small blind 15
Mahu2021: posts big blind 30
*** HOLE CARDS ***
Dealt to Mahu2021 [5h Ts]
pela.170494: folds 
Sticcc: raises 30 to 60
Mahu2021: folds 
Uncalled bet (30) returned to Sticcc
Sticcc collected 60 from pot
Sticcc: doesn't show hand 
*** SUMMARY ***
Total pot 60 | Rake 0 
Seat 1: pela.170494 (button) folded before Flop (didn't bet)
Seat 2: Sticcc (small blind) collected (60)
Seat 3: Mahu2021 (big blind) folded before Flop



PokerStars Hand #247524718409: Tournament #3683169159, $1.84+$0.16 USD Hold'em No Limit - Level II (15/30) - 2023/12/07 12:00:47 CET [2023/12/07 6:00:47 ET]
Table '3683169159 1' 3-max Seat #2 is the button
Seat 1: pela.170494 (550 in chips) 
Seat 2: Sticcc (530 in chips) 
Seat 3: Mahu2021 (420 in chips) 
Mahu2021: posts small blind 15
pela.170494: posts big blind 30
*** HOLE CARDS ***
Dealt to Mahu2021 [Kh Qd]
Sticcc: raises 30 to 60
Mahu2021: calls 45
pela.170494: folds 
*** FLOP *** [9h Ad Ks]
Mahu2021: checks 
Sticcc: bets 75
Mahu2021: calls 75
*** TURN *** [9h Ad Ks] [Ah]
Mahu2021: checks 
Sticcc: checks 
*** RIVER *** [9h Ad Ks Ah] [5h]
Mahu2021: bets 30
Sticcc: calls 30
*** SHOW DOWN ***
Mahu2021: shows [Kh Qd] (two pair, Aces and Kings)
Sticcc: mucks hand 
Mahu2021 collected 360 from pot
*** SUMMARY ***
Total pot 360 | Rake 0 
Board [9h Ad Ks Ah 5h]
Seat 1: pela.170494 (big blind) folded before Flop
Seat 2: Sticcc (button) mucked [Jc Js]
Seat 3: Mahu2021 (small blind) showed [Kh Qd] and won (360) with two pair, Aces and Kings



PokerStars Hand #247524723020: Tournament #3683169159, $1.84+$0.16 USD Hold'em No Limit - Level II (15/30) - 2023/12/07 12:01:22 CET [2023/12/07 6:01:22 ET]
Table '3683169159 1' 3-max Seat #3 is the button
Seat 1: pela.170494 (520 in chips) 
Seat 2: Sticcc (365 in chips) 
Seat 3: Mahu2021 (615 in chips) 
pela.170494: posts small blind 15
Sticcc: posts big blind 30
*** HOLE CARDS ***
Dealt to Mahu2021 [7s 3h]
Mahu2021: folds 
pela.170494: folds 
Uncalled bet (15) returned to Sticcc
Sticcc collected 30 from pot
Sticcc: doesn't show hand 
*** SUMMARY ***
Total pot 30 | Rake 0 
Seat 1: pela.170494 (small blind) folded before Flop
Seat 2: Sticcc (big blind) collected (30)
Seat 3: Mahu2021 (button) folded before Flop (didn't bet)



PokerStars Hand #247524723695: Tournament #3683169159, $1.84+$0.16 USD Hold'em No Limit - Level II (15/30) - 2023/12/07 12:01:27 CET [2023/12/07 6:01:27 ET]
Table '3683169159 1' 3-max Seat #1 is the button
Seat 1: pela.170494 (505 in chips) 
Seat 2: Sticcc (380 in chips) 
Seat 3: Mahu2021 (615 in chips) 
Sticcc: posts small blind 15
Mahu2021: posts big blind 30
*** HOLE CARDS ***
Dealt to Mahu2021 [3c 8d]
pela.170494: folds 
Sticcc: folds 
Uncalled bet (15) returned to Mahu2021
Mahu2021 collected 30 from pot
Mahu2021: doesn't show hand 
*** SUMMARY ***
Total pot 30 | Rake 0 
Seat 1: pela.170494 (button) folded before Flop (didn't bet)
Seat 2: Sticcc (small blind) folded before Flop
Seat 3: Mahu2021 (big blind) collected (30)



PokerStars Hand #247524724746: Tournament #3683169159, $1.84+$0.16 USD Hold'em No Limit - Level II (15/30) - 2023/12/07 12:01:34 CET [2023/12/07 6:01:34 ET]
Table '3683169159 1' 3-max Seat #2 is the button
Seat 1: pela.170494 (505 in chips) 
Seat 2: Sticcc (365 in chips) 
Seat 3: Mahu2021 (630 in chips) 
Mahu2021: posts small blind 15
pela.170494: posts big blind 30
*** HOLE CARDS ***
Dealt to Mahu2021 [Kc 6h]
Sticcc: folds 
Mahu2021: raises 30 to 60
pela.170494: folds 
Uncalled bet (30) returned to Mahu2021
Mahu2021 collected 60 from pot
Mahu2021: doesn't show hand 
*** SUMMARY ***
Total pot 60 | Rake 0 
Seat 1: pela.170494 (big blind) folded before Flop
Seat 2: Sticcc (button) folded before Flop (didn't bet)
Seat 3: Mahu2021 (small blind) collected (60)



PokerStars Hand #247524726986: Tournament #3683169159, $1.84+$0.16 USD Hold'em No Limit - Level II (15/30) - 2023/12/07 12:01:50 CET [2023/12/07 6:01:50 ET]
Table '3683169159 1' 3-max Seat #3 is the button
Seat 1: pela.170494 (475 in chips) 
Seat 2: Sticcc (365 in chips) 
Seat 3: Mahu2021 (660 in chips) 
pela.170494: posts small blind 15
Sticcc: posts big blind 30
*** HOLE CARDS ***
Dealt to Mahu2021 [Kd 4c]
Mahu2021: folds 
pela.170494: folds 
Uncalled bet (15) returned to Sticcc
Sticcc collected 30 from pot
Sticcc: doesn't show hand 
*** SUMMARY ***
Total pot 30 | Rake 0 
Seat 1: pela.170494 (small blind) folded before Flop
Seat 2: Sticcc (big blind) collected (30)
Seat 3: Mahu2021 (button) folded before Flop (didn't bet)



PokerStars Hand #247524728933: Tournament #3683169159, $1.84+$0.16 USD Hold'em No Limit - Level II (15/30) - 2023/12/07 12:02:04 CET [2023/12/07 6:02:04 ET]
Table '3683169159 1' 3-max Seat #1 is the button
Seat 1: pela.170494 (460 in chips) 
Seat 2: Sticcc (380 in chips) 
Seat 3: Mahu2021 (660 in chips) 
Sticcc: posts small blind 15
Mahu2021: posts big blind 30
*** HOLE CARDS ***
Dealt to Mahu2021 [Tc 6h]
pela.170494: folds 
Sticcc: folds 
Uncalled bet (15) returned to Mahu2021
Mahu2021 collected 30 from pot
Mahu2021: doesn't show hand 
*** SUMMARY ***
Total pot 30 | Rake 0 
Seat 1: pela.170494 (button) folded before Flop (didn't bet)
Seat 2: Sticcc (small blind) folded before Flop
Seat 3: Mahu2021 (big blind) collected (30)



PokerStars Hand #247524730421: Tournament #3683169159, $1.84+$0.16 USD Hold'em No Limit - Level II (15/30) - 2023/12/07 12:02:15 CET [2023/12/07 6:02:15 ET]
Table '3683169159 1' 3-max Seat #2 is the button
Seat 1: pela.170494 (460 in chips) 
Seat 2: Sticcc (365 in chips) 
Seat 3: Mahu2021 (675 in chips) 
Mahu2021: posts small blind 15
pela.170494: posts big blind 30
*** HOLE CARDS ***
Dealt to Mahu2021 [Kh 8c]
Sticcc: folds 
Mahu2021: raises 30 to 60
pela.170494: raises 400 to 460 and is all-in
Mahu2021: folds 
Uncalled bet (400) returned to pela.170494
pela.170494 collected 120 from pot
pela.170494: doesn't show hand 
*** SUMMARY ***
Total pot 120 | Rake 0 
Seat 1: pela.170494 (big blind) collected (120)
Seat 2: Sticcc (button) folded before Flop (didn't bet)
Seat 3: Mahu2021 (small blind) folded before Flop



PokerStars Hand #247524732758: Tournament #3683169159, $1.84+$0.16 USD Hold'em No Limit - Level II (15/30) - 2023/12/07 12:02:32 CET [2023/12/07 6:02:32 ET]
Table '3683169159 1' 3-max Seat #3 is the button
Seat 1: pela.170494 (520 in chips) 
Seat 2: Sticcc (365 in chips) 
Seat 3: Mahu2021 (615 in chips) 
pela.170494: posts small blind 15
Sticcc: posts big blind 30
*** HOLE CARDS ***
Dealt to Mahu2021 [Kd 3h]
Mahu2021: calls 30
pela.170494: calls 15
Sticcc: checks 
*** FLOP *** [9h Th 8d]
pela.170494: checks 
Sticcc: checks 
Mahu2021: checks 
*** TURN *** [9h Th 8d] [Ts]
pela.170494: checks 
Sticcc: checks 
Mahu2021: bets 30
pela.170494: folds 
Sticcc: folds 
Uncalled bet (30) returned to Mahu2021
Mahu2021 collected 90 from pot
Mahu2021: doesn't show hand 
*** SUMMARY ***
Total pot 90 | Rake 0 
Board [9h Th 8d Ts]
Seat 1: pela.170494 (small blind) folded on the Turn
Seat 2: Sticcc (big blind) folded on the Turn
Seat 3: Mahu2021 (button) collected (90)



PokerStars Hand #247524737551: Tournament #3683169159, $1.84+$0.16 USD Hold'em No Limit - Level II (15/30) - 2023/12/07 12:03:06 CET [2023/12/07 6:03:06 ET]
Table '3683169159 1' 3-max Seat #1 is the button
Seat 1: pela.170494 (490 in chips) 
Seat 2: Sticcc (335 in chips) 
Seat 3: Mahu2021 (675 in chips) 
Sticcc: posts small blind 15
Mahu2021: posts big blind 30
*** HOLE CARDS ***
Dealt to Mahu2021 [5c Kd]
pela.170494: raises 30 to 60
Sticcc: folds 
Mahu2021: calls 30
*** FLOP *** [9s 7c As]
Mahu2021: checks 
pela.170494: checks 
*** TURN *** [9s 7c As] [Tc]
Mahu2021: checks 
pela.170494: checks 
*** RIVER *** [9s 7c As Tc] [6h]
Mahu2021: checks 
pela.170494: checks 
*** SHOW DOWN ***
Mahu2021: shows [5c Kd] (high card Ace)
pela.170494: shows [Kh Qc] (high card Ace - King+Queen kicker)
pela.170494 collected 135 from pot
*** SUMMARY ***
Total pot 135 | Rake 0 
Board [9s 7c As Tc 6h]
Seat 1: pela.170494 (button) showed [Kh Qc] and won (135) with high card Ace
Seat 2: Sticcc (small blind) folded before Flop
Seat 3: Mahu2021 (big blind) showed [5c Kd] and lost with high card Ace



PokerStars Hand #247524742454: Tournament #3683169159, $1.84+$0.16 USD Hold'em No Limit - Level III (20/40) - 2023/12/07 12:03:41 CET [2023/12/07 6:03:41 ET]
Table '3683169159 1' 3-max Seat #2 is the button
Seat 1: pela.170494 (565 in chips) 
Seat 2: Sticcc (320 in chips) 
Seat 3: Mahu2021 (615 in chips) 
Mahu2021: posts small blind 20
pela.170494: posts big blind 40
*** HOLE CARDS ***
Dealt to Mahu2021 [Kd Jd]
Sticcc: raises 280 to 320 and is all-in
Mahu2021: calls 300
pela.170494: folds 
*** FLOP *** [6h 8s 9c]
*** TURN *** [6h 8s 9c] [7s]
*** RIVER *** [6h 8s 9c 7s] [9d]
*** SHOW DOWN ***
Mahu2021: shows [Kd Jd] (a pair of Nines)
Sticcc: shows [Td Tc] (a straight, Six to Ten)
Sticcc collected 680 from pot
*** SUMMARY ***
Total pot 680 | Rake 0 
Board [6h 8s 9c 7s 9d]
Seat 1: pela.170494 (big blind) folded before Flop
Seat 2: Sticcc (button) showed [Td Tc] and won (680) with a straight, Six to Ten
Seat 3: Mahu2021 (small blind) showed [Kd Jd] and lost with a pair of Nines



PokerStars Hand #247524744804: Tournament #3683169159, $1.84+$0.16 USD Hold'em No Limit - Level III (20/40) - 2023/12/07 12:03:58 CET [2023/12/07 6:03:58 ET]
Table '3683169159 1' 3-max Seat #3 is the button
Seat 1: pela.170494 (525 in chips) 
Seat 2: Sticcc (680 in chips) 
Seat 3: Mahu2021 (295 in chips) 
pela.170494: posts small blind 20
Sticcc: posts big blind 40
*** HOLE CARDS ***
Dealt to Mahu2021 [3c Kh]
Mahu2021: folds 
pela.170494: folds 
Uncalled bet (20) returned to Sticcc
Sticcc collected 40 from pot
Sticcc: doesn't show hand 
*** SUMMARY ***
Total pot 40 | Rake 0 
Seat 1: pela.170494 (small blind) folded before Flop
Seat 2: Sticcc (big blind) collected (40)
Seat 3: Mahu2021 (button) folded before Flop (didn't bet)



PokerStars Hand #247524745647: Tournament #3683169159, $1.84+$0.16 USD Hold'em No Limit - Level III (20/40) - 2023/12/07 12:04:04 CET [2023/12/07 6:04:04 ET]
Table '3683169159 1' 3-max Seat #1 is the button
Seat 1: pela.170494 (505 in chips) 
Seat 2: Sticcc (700 in chips) 
Seat 3: Mahu2021 (295 in chips) 
Sticcc: posts small blind 20
Mahu2021: posts big blind 40
*** HOLE CARDS ***
Dealt to Mahu2021 [4d 2d]
pela.170494: folds 
Sticcc: raises 660 to 700 and is all-in
Mahu2021: folds 
Uncalled bet (660) returned to Sticcc
Sticcc collected 80 from pot
Sticcc: doesn't show hand 
*** SUMMARY ***
Total pot 80 | Rake 0 
Seat 1: pela.170494 (button) folded before Flop (didn't bet)
Seat 2: Sticcc (small blind) collected (80)
Seat 3: Mahu2021 (big blind) folded before Flop



PokerStars Hand #247524746832: Tournament #3683169159, $1.84+$0.16 USD Hold'em No Limit - Level III (20/40) - 2023/12/07 12:04:12 CET [2023/12/07 6:04:12 ET]
Table '3683169159 1' 3-max Seat #2 is the button
Seat 1: pela.170494 (505 in chips) 
Seat 2: Sticcc (740 in chips) 
Seat 3: Mahu2021 (255 in chips) 
Mahu2021: posts small blind 20
pela.170494: posts big blind 40
*** HOLE CARDS ***
Dealt to Mahu2021 [Kc 9c]
Sticcc: folds 
Mahu2021: raises 40 to 80
pela.170494: folds 
Uncalled bet (40) returned to Mahu2021
Mahu2021 collected 80 from pot
Mahu2021: doesn't show hand 
*** SUMMARY ***
Total pot 80 | Rake 0 
Seat 1: pela.170494 (big blind) folded before Flop
Seat 2: Sticcc (button) folded before Flop (didn't bet)
Seat 3: Mahu2021 (small blind) collected (80)



PokerStars Hand #247524748756: Tournament #3683169159, $1.84+$0.16 USD Hold'em No Limit - Level III (20/40) - 2023/12/07 12:04:26 CET [2023/12/07 6:04:26 ET]
Table '3683169159 1' 3-max Seat #3 is the button
Seat 1: pela.170494 (465 in chips) 
Seat 2: Sticcc (740 in chips) 
Seat 3: Mahu2021 (295 in chips) 
pela.170494: posts small blind 20
Sticcc: posts big blind 40
*** HOLE CARDS ***
Dealt to Mahu2021 [2h Kc]
Mahu2021: folds 
pela.170494: calls 20
Sticcc: raises 80 to 120
pela.170494: folds 
Uncalled bet (80) returned to Sticcc
Sticcc collected 80 from pot
Sticcc: doesn't show hand 
*** SUMMARY ***
Total pot 80 | Rake 0 
Seat 1: pela.170494 (small blind) folded before Flop
Seat 2: Sticcc (big blind) collected (80)
Seat 3: Mahu2021 (button) folded before Flop (didn't bet)



PokerStars Hand #247524751272: Tournament #3683169159, $1.84+$0.16 USD Hold'em No Limit - Level III (20/40) - 2023/12/07 12:04:44 CET [2023/12/07 6:04:44 ET]
Table '3683169159 1' 3-max Seat #1 is the button
Seat 1: pela.170494 (425 in chips) 
Seat 2: Sticcc (780 in chips) 
Seat 3: Mahu2021 (295 in chips) 
Sticcc: posts small blind 20
Mahu2021: posts big blind 40
*** HOLE CARDS ***
Dealt to Mahu2021 [As 5s]
pela.170494: folds 
Sticcc: raises 740 to 780 and is all-in
Mahu2021: calls 255 and is all-in
Uncalled bet (485) returned to Sticcc
*** FLOP *** [Th 4s Ac]
*** TURN *** [Th 4s Ac] [8d]
*** RIVER *** [Th 4s Ac 8d] [2s]
*** SHOW DOWN ***
Sticcc: shows [7s Qh] (high card Ace)
Mahu2021: shows [As 5s] (a pair of Aces)
Mahu2021 collected 590 from pot
*** SUMMARY ***
Total pot 590 | Rake 0 
Board [Th 4s Ac 8d 2s]
Seat 1: pela.170494 (button) folded before Flop (didn't bet)
Seat 2: Sticcc (small blind) showed [7s Qh] and lost with high card Ace
Seat 3: Mahu2021 (big blind) showed [As 5s] and won (590) with a pair of Aces



PokerStars Hand #247524754607: Tournament #3683169159, $1.84+$0.16 USD Hold'em No Limit - Level III (20/40) - 2023/12/07 12:05:07 CET [2023/12/07 6:05:07 ET]
Table '3683169159 1' 3-max Seat #2 is the button
Seat 1: pela.170494 (425 in chips) 
Seat 2: Sticcc (485 in chips) 
Seat 3: Mahu2021 (590 in chips) 
Mahu2021: posts small blind 20
pela.170494: posts big blind 40
*** HOLE CARDS ***
Dealt to Mahu2021 [3h 9c]
Sticcc: raises 445 to 485 and is all-in
Mahu2021: folds 
pela.170494: calls 385 and is all-in
Uncalled bet (60) returned to Sticcc
*** FLOP *** [7h 2d 8h]
*** TURN *** [7h 2d 8h] [8s]
*** RIVER *** [7h 2d 8h 8s] [Qs]
*** SHOW DOWN ***
pela.170494: shows [Kd Qc] (two pair, Queens and Eights)
Sticcc: shows [5c Ac] (a pair of Eights)
pela.170494 collected 870 from pot
*** SUMMARY ***
Total pot 870 | Rake 0 
Board [7h 2d 8h 8s Qs]
Seat 1: pela.170494 (big blind) showed [Kd Qc] and won (870) with two pair, Queens and Eights
Seat 2: Sticcc (button) showed [5c Ac] and lost with a pair of Eights
Seat 3: Mahu2021 (small blind) folded before Flop



PokerStars Hand #247524756447: Tournament #3683169159, $1.84+$0.16 USD Hold'em No Limit - Level III (20/40) - 2023/12/07 12:05:20 CET [2023/12/07 6:05:20 ET]
Table '3683169159 1' 3-max Seat #3 is the button
Seat 1: pela.170494 (870 in chips) 
Seat 2: Sticcc (60 in chips) 
Seat 3: Mahu2021 (570 in chips) 
pela.170494: posts small blind 20
Sticcc: posts big blind 40
*** HOLE CARDS ***
Dealt to Mahu2021 [8c 9h]
Mahu2021: folds 
pela.170494: raises 60 to 100
Sticcc: calls 20 and is all-in
Uncalled bet (40) returned to pela.170494
*** FLOP *** [5s 8s 3d]
*** TURN *** [5s 8s 3d] [Td]
*** RIVER *** [5s 8s 3d Td] [3s]
*** SHOW DOWN ***
pela.170494: shows [Th Qd] (two pair, Tens and Threes)
Sticcc: shows [4s 6h] (a pair of Threes)
pela.170494 collected 120 from pot
Sticcc finished the tournament in 3rd place
*** SUMMARY ***
Total pot 120 | Rake 0 
Board [5s 8s 3d Td 3s]
Seat 1: pela.170494 (small blind) showed [Th Qd] and won (120) with two pair, Tens and Threes
Seat 2: Sticcc (big blind) showed [4s 6h] and lost with a pair of Threes
Seat 3: Mahu2021 (button) folded before Flop (didn't bet)



PokerStars Hand #247524758959: Tournament #3683169159, $1.84+$0.16 USD Hold'em No Limit - Level III (20/40) - 2023/12/07 12:05:38 CET [2023/12/07 6:05:38 ET]
Table '3683169159 1' 3-max Seat #1 is the button
Seat 1: pela.170494 (930 in chips) 
Seat 3: Mahu2021 (570 in chips) 
pela.170494: posts small blind 20
Mahu2021: posts big blind 40
*** HOLE CARDS ***
Dealt to Mahu2021 [4h 3c]
pela.170494: calls 20
Mahu2021: checks 
*** FLOP *** [Jd Tc 8s]
Mahu2021: checks 
pela.170494: bets 52
Mahu2021: folds 
Uncalled bet (52) returned to pela.170494
pela.170494 collected 80 from pot
pela.170494: doesn't show hand 
*** SUMMARY ***
Total pot 80 | Rake 0 
Board [Jd Tc 8s]
Seat 1: pela.170494 (button) (small blind) collected (80)
Seat 3: Mahu2021 (big blind) folded on the Flop



PokerStars Hand #247524760691: Tournament #3683169159, $1.84+$0.16 USD Hold'em No Limit - Level III (20/40) - 2023/12/07 12:05:50 CET [2023/12/07 6:05:50 ET]
Table '3683169159 1' 3-max Seat #3 is the button
Seat 1: pela.170494 (970 in chips) 
Seat 3: Mahu2021 (530 in chips) 
Mahu2021: posts small blind 20
pela.170494: posts big blind 40
*** HOLE CARDS ***
Dealt to Mahu2021 [As 5h]
Mahu2021: raises 40 to 80
pela.170494: folds 
Uncalled bet (40) returned to Mahu2021
Mahu2021 collected 80 from pot
Mahu2021: doesn't show hand 
*** SUMMARY ***
Total pot 80 | Rake 0 
Seat 1: pela.170494 (big blind) folded before Flop
Seat 3: Mahu2021 (button) (small blind) collected (80)



PokerStars Hand #247524761617: Tournament #3683169159, $1.84+$0.16 USD Hold'em No Limit - Level III (20/40) - 2023/12/07 12:05:56 CET [2023/12/07 6:05:56 ET]
Table '3683169159 1' 3-max Seat #1 is the button
Seat 1: pela.170494 (930 in chips) 
Seat 3: Mahu2021 (570 in chips) 
pela.170494: posts small blind 20
Mahu2021: posts big blind 40
*** HOLE CARDS ***
Dealt to Mahu2021 [3c 8d]
pela.170494: calls 20
Mahu2021: checks 
*** FLOP *** [Qd Th As]
Mahu2021: checks 
pela.170494: checks 
*** TURN *** [Qd Th As] [2s]
Mahu2021: checks 
pela.170494: checks 
*** RIVER *** [Qd Th As 2s] [2c]
Mahu2021: checks 
pela.170494: checks 
*** SHOW DOWN ***
Mahu2021: shows [3c 8d] (a pair of Deuces)
pela.170494: shows [8s 6s] (a pair of Deuces)
Mahu2021 collected 40 from pot
pela.170494 collected 40 from pot
*** SUMMARY ***
Total pot 80 | Rake 0 
Board [Qd Th As 2s 2c]
Seat 1: pela.170494 (button) (small blind) showed [8s 6s] and won (40) with a pair of Deuces
Seat 3: Mahu2021 (big blind) showed [3c 8d] and won (40) with a pair of Deuces



PokerStars Hand #247524763952: Tournament #3683169159, $1.84+$0.16 USD Hold'em No Limit - Level III (20/40) - 2023/12/07 12:06:13 CET [2023/12/07 6:06:13 ET]
Table '3683169159 1' 3-max Seat #3 is the button
Seat 1: pela.170494 (930 in chips) 
Seat 3: Mahu2021 (570 in chips) 
Mahu2021: posts small blind 20
pela.170494: posts big blind 40
*** HOLE CARDS ***
Dealt to Mahu2021 [Td 6s]
Mahu2021: calls 20
pela.170494: checks 
*** FLOP *** [6d Kc Js]
pela.170494: checks 
Mahu2021: bets 40
pela.170494: folds 
Uncalled bet (40) returned to Mahu2021
Mahu2021 collected 80 from pot
Mahu2021: doesn't show hand 
*** SUMMARY ***
Total pot 80 | Rake 0 
Board [6d Kc Js]
Seat 1: pela.170494 (big blind) folded on the Flop
Seat 3: Mahu2021 (button) (small blind) collected (80)



PokerStars Hand #247524768250: Tournament #3683169159, $1.84+$0.16 USD Hold'em No Limit - Level IV (30/60) - 2023/12/07 12:06:43 CET [2023/12/07 6:06:43 ET]
Table '3683169159 1' 3-max Seat #1 is the button
Seat 1: pela.170494 (890 in chips) 
Seat 3: Mahu2021 (610 in chips) 
pela.170494: posts small blind 30
Mahu2021: posts big blind 60
*** HOLE CARDS ***
Dealt to Mahu2021 [2c Qd]
pela.170494: calls 30
Mahu2021: checks 
*** FLOP *** [4h 7s Jc]
Mahu2021: checks 
pela.170494: bets 79
Mahu2021: folds 
Uncalled bet (79) returned to pela.170494
pela.170494 collected 120 from pot
pela.170494: doesn't show hand 
*** SUMMARY ***
Total pot 120 | Rake 0 
Board [4h 7s Jc]
Seat 1: pela.170494 (button) (small blind) collected (120)
Seat 3: Mahu2021 (big blind) folded on the Flop



PokerStars Hand #247524770490: Tournament #3683169159, $1.84+$0.16 USD Hold'em No Limit - Level IV (30/60) - 2023/12/07 12:06:59 CET [2023/12/07 6:06:59 ET]
Table '3683169159 1' 3-max Seat #3 is the button
Seat 1: pela.170494 (950 in chips) 
Seat 3: Mahu2021 (550 in chips) 
Mahu2021: posts small blind 30
pela.170494: posts big blind 60
*** HOLE CARDS ***
Dealt to Mahu2021 [4h 5s]
Mahu2021: calls 30
pela.170494: checks 
*** FLOP *** [8d 9d 8h]
pela.170494: checks 
Mahu2021: checks 
*** TURN *** [8d 9d 8h] [9c]
pela.170494: bets 60
Mahu2021: folds 
Uncalled bet (60) returned to pela.170494
pela.170494 collected 120 from pot
pela.170494: doesn't show hand 
*** SUMMARY ***
Total pot 120 | Rake 0 
Board [8d 9d 8h 9c]
Seat 1: pela.170494 (big blind) collected (120)
Seat 3: Mahu2021 (button) (small blind) folded on the Turn



PokerStars Hand #247524774598: Tournament #3683169159, $1.84+$0.16 USD Hold'em No Limit - Level IV (30/60) - 2023/12/07 12:07:27 CET [2023/12/07 6:07:27 ET]
Table '3683169159 1' 3-max Seat #1 is the button
Seat 1: pela.170494 (1010 in chips) 
Seat 3: Mahu2021 (490 in chips) 
pela.170494: posts small blind 30
Mahu2021: posts big blind 60
*** HOLE CARDS ***
Dealt to Mahu2021 [4s Th]
pela.170494: folds 
Uncalled bet (30) returned to Mahu2021
Mahu2021 collected 60 from pot
Mahu2021: doesn't show hand 
*** SUMMARY ***
Total pot 60 | Rake 0 
Seat 1: pela.170494 (button) (small blind) folded before Flop
Seat 3: Mahu2021 (big blind) collected (60)



PokerStars Hand #247524776111: Tournament #3683169159, $1.84+$0.16 USD Hold'em No Limit - Level IV (30/60) - 2023/12/07 12:07:38 CET [2023/12/07 6:07:38 ET]
Table '3683169159 1' 3-max Seat #3 is the button
Seat 1: pela.170494 (980 in chips) 
Seat 3: Mahu2021 (520 in chips) 
Mahu2021: posts small blind 30
pela.170494: posts big blind 60
*** HOLE CARDS ***
Dealt to Mahu2021 [9c Jc]
Mahu2021: raises 60 to 120
pela.170494: raises 860 to 980 and is all-in
Mahu2021: calls 400 and is all-in
Uncalled bet (460) returned to pela.170494
*** FLOP *** [3s Ad 4h]
*** TURN *** [3s Ad 4h] [8d]
*** RIVER *** [3s Ad 4h 8d] [2s]
*** SHOW DOWN ***
pela.170494: shows [Ts As] (a pair of Aces)
Mahu2021: shows [9c Jc] (high card Ace)
pela.170494 collected 1040 from pot
Mahu2021 finished the tournament in 2nd place
pela.170494 wins the tournament and receives $6.00 - congratulations!
*** SUMMARY ***
Total pot 1040 | Rake 0 
Board [3s Ad 4h 8d 2s]
Seat 1: pela.170494 (big blind) showed [Ts As] and won (1040) with a pair of Aces
Seat 3: Mahu2021 (button) (small blind) showed [9c Jc] and lost with high card Ace



