PokerStars Hand #247694833676: Tournament #3687304203, $1.84+$0.16 USD Hold'em No Limit - Level I (10/20) - 2023/12/16 18:47:01 CET [2023/12/16 12:47:01 ET]
Table '3687304203 1' 3-max Seat #1 is the button
Seat 1: Mahu2021 (500 in chips) 
Seat 2: Polonyi365 (500 in chips) 
Seat 3: NMAbadplayer (500 in chips) 
Polonyi365: posts small blind 10
NMAbadplayer: posts big blind 20
*** HOLE CARDS ***
Dealt to Mahu2021 [5s 9s]
Mahu2021: folds 
Polonyi365: calls 10
NMAbadplayer: checks 
*** FLOP *** [4d Ac 2h]
Polonyi365: checks 
NMAbadplayer: checks 
*** TURN *** [4d Ac 2h] [Jh]
Polonyi365: checks 
NMAbadplayer: checks 
*** RIVER *** [4d Ac 2h Jh] [Qh]
Polonyi365: checks 
NMAbadplayer: bets 20
Polonyi365: calls 20
*** SHOW DOWN ***
NMAbadplayer: shows [Qc 5d] (a pair of Queens)
Polonyi365: mucks hand 
NMAbadplayer collected 80 from pot
*** SUMMARY ***
Total pot 80 | Rake 0 
Board [4d Ac 2h Jh Qh]
Seat 1: Mahu2021 (button) folded before Flop (didn't bet)
Seat 2: Polonyi365 (small blind) mucked [Kh 8d]
Seat 3: NMAbadplayer (big blind) showed [Qc 5d] and won (80) with a pair of Queens



PokerStars Hand #247694840069: Tournament #3687304203, $1.84+$0.16 USD Hold'em No Limit - Level I (10/20) - 2023/12/16 18:47:23 CET [2023/12/16 12:47:23 ET]
Table '3687304203 1' 3-max Seat #2 is the button
Seat 1: Mahu2021 (500 in chips) 
Seat 2: Polonyi365 (460 in chips) 
Seat 3: NMAbadplayer (540 in chips) 
NMAbadplayer: posts small blind 10
Mahu2021: posts big blind 20
*** HOLE CARDS ***
Dealt to Mahu2021 [Ah 3d]
Polonyi365: calls 20
NMAbadplayer: folds 
Mahu2021: checks 
*** FLOP *** [Qh Tc Qs]
Mahu2021: checks 
Polonyi365: checks 
*** TURN *** [Qh Tc Qs] [5c]
Mahu2021: checks 
Polonyi365: bets 60
Mahu2021: folds 
Uncalled bet (60) returned to Polonyi365
Polonyi365 collected 50 from pot
Polonyi365: doesn't show hand 
*** SUMMARY ***
Total pot 50 | Rake 0 
Board [Qh Tc Qs 5c]
Seat 1: Mahu2021 (big blind) folded on the Turn
Seat 2: Polonyi365 (button) collected (50)
Seat 3: NMAbadplayer (small blind) folded before Flop



PokerStars Hand #247694845738: Tournament #3687304203, $1.84+$0.16 USD Hold'em No Limit - Level I (10/20) - 2023/12/16 18:47:41 CET [2023/12/16 12:47:41 ET]
Table '3687304203 1' 3-max Seat #3 is the button
Seat 1: Mahu2021 (480 in chips) 
Seat 2: Polonyi365 (490 in chips) 
Seat 3: NMAbadplayer (530 in chips) 
Mahu2021: posts small blind 10
Polonyi365: posts big blind 20
*** HOLE CARDS ***
Dealt to Mahu2021 [Ks 4c]
NMAbadplayer: folds 
Mahu2021: calls 10
Polonyi365: checks 
*** FLOP *** [6d Th 3s]
Mahu2021: checks 
Polonyi365: bets 80
Mahu2021: folds 
Uncalled bet (80) returned to Polonyi365
Polonyi365 collected 40 from pot
Polonyi365: doesn't show hand 
*** SUMMARY ***
Total pot 40 | Rake 0 
Board [6d Th 3s]
Seat 1: Mahu2021 (small blind) folded on the Flop
Seat 2: Polonyi365 (big blind) collected (40)
Seat 3: NMAbadplayer (button) folded before Flop (didn't bet)



PokerStars Hand #247694849737: Tournament #3687304203, $1.84+$0.16 USD Hold'em No Limit - Level I (10/20) - 2023/12/16 18:47:55 CET [2023/12/16 12:47:55 ET]
Table '3687304203 1' 3-max Seat #1 is the button
Seat 1: Mahu2021 (460 in chips) 
Seat 2: Polonyi365 (510 in chips) 
Seat 3: NMAbadplayer (530 in chips) 
Polonyi365: posts small blind 10
NMAbadplayer: posts big blind 20
*** HOLE CARDS ***
Dealt to Mahu2021 [Qc 4c]
Mahu2021: calls 20
Polonyi365: calls 10
NMAbadplayer: checks 
*** FLOP *** [Ts 5s 9s]
Polonyi365: checks 
NMAbadplayer: checks 
Mahu2021: checks 
*** TURN *** [Ts 5s 9s] [4s]
Polonyi365: checks 
NMAbadplayer: checks 
Mahu2021: bets 40
Polonyi365: folds 
NMAbadplayer: folds 
Uncalled bet (40) returned to Mahu2021
Mahu2021 collected 60 from pot
Mahu2021: doesn't show hand 
*** SUMMARY ***
Total pot 60 | Rake 0 
Board [Ts 5s 9s 4s]
Seat 1: Mahu2021 (button) collected (60)
Seat 2: Polonyi365 (small blind) folded on the Turn
Seat 3: NMAbadplayer (big blind) folded on the Turn



PokerStars Hand #247694857442: Tournament #3687304203, $1.84+$0.16 USD Hold'em No Limit - Level I (10/20) - 2023/12/16 18:48:20 CET [2023/12/16 12:48:20 ET]
Table '3687304203 1' 3-max Seat #2 is the button
Seat 1: Mahu2021 (500 in chips) 
Seat 2: Polonyi365 (490 in chips) 
Seat 3: NMAbadplayer (510 in chips) 
NMAbadplayer: posts small blind 10
Mahu2021: posts big blind 20
*** HOLE CARDS ***
Dealt to Mahu2021 [4h Jc]
Polonyi365: calls 20
NMAbadplayer: calls 10
Mahu2021: checks 
*** FLOP *** [9d Qs Qh]
NMAbadplayer: checks 
Mahu2021: checks 
Polonyi365: bets 40
NMAbadplayer: calls 40
Mahu2021: folds 
*** TURN *** [9d Qs Qh] [Jh]
NMAbadplayer: bets 70
Polonyi365: folds 
Uncalled bet (70) returned to NMAbadplayer
NMAbadplayer collected 140 from pot
NMAbadplayer: doesn't show hand 
*** SUMMARY ***
Total pot 140 | Rake 0 
Board [9d Qs Qh Jh]
Seat 1: Mahu2021 (big blind) folded on the Flop
Seat 2: Polonyi365 (button) folded on the Turn
Seat 3: NMAbadplayer (small blind) collected (140)



PokerStars Hand #247694867792: Tournament #3687304203, $1.84+$0.16 USD Hold'em No Limit - Level I (10/20) - 2023/12/16 18:48:55 CET [2023/12/16 12:48:55 ET]
Table '3687304203 1' 3-max Seat #3 is the button
Seat 1: Mahu2021 (480 in chips) 
Seat 2: Polonyi365 (430 in chips) 
Seat 3: NMAbadplayer (590 in chips) 
Mahu2021: posts small blind 10
Polonyi365: posts big blind 20
*** HOLE CARDS ***
Dealt to Mahu2021 [6c 5h]
NMAbadplayer: folds 
Mahu2021: calls 10
Polonyi365: checks 
*** FLOP *** [Ah Qc Th]
Mahu2021: bets 20
Polonyi365: calls 20
*** TURN *** [Ah Qc Th] [Jc]
Mahu2021: bets 80
Polonyi365: calls 80
*** RIVER *** [Ah Qc Th Jc] [As]
Mahu2021: bets 360 and is all-in
Polonyi365: folds 
Uncalled bet (360) returned to Mahu2021
Mahu2021 collected 240 from pot
Mahu2021: doesn't show hand 
*** SUMMARY ***
Total pot 240 | Rake 0 
Board [Ah Qc Th Jc As]
Seat 1: Mahu2021 (small blind) collected (240)
Seat 2: Polonyi365 (big blind) folded on the River
Seat 3: NMAbadplayer (button) folded before Flop (didn't bet)



PokerStars Hand #247694877432: Tournament #3687304203, $1.84+$0.16 USD Hold'em No Limit - Level II (15/30) - 2023/12/16 18:49:27 CET [2023/12/16 12:49:27 ET]
Table '3687304203 1' 3-max Seat #1 is the button
Seat 1: Mahu2021 (600 in chips) 
Seat 2: Polonyi365 (310 in chips) 
Seat 3: NMAbadplayer (590 in chips) 
Polonyi365: posts small blind 15
NMAbadplayer: posts big blind 30
*** HOLE CARDS ***
Dealt to Mahu2021 [Ac Qh]
Mahu2021: raises 30 to 60
Polonyi365: calls 45
NMAbadplayer: folds 
*** FLOP *** [Jc 6h 8h]
Polonyi365: checks 
Mahu2021: checks 
*** TURN *** [Jc 6h 8h] [8c]
Polonyi365: checks 
Mahu2021: checks 
*** RIVER *** [Jc 6h 8h 8c] [Qc]
Polonyi365: checks 
Mahu2021: bets 150
Polonyi365: folds 
Uncalled bet (150) returned to Mahu2021
Mahu2021 collected 150 from pot
Mahu2021: doesn't show hand 
*** SUMMARY ***
Total pot 150 | Rake 0 
Board [Jc 6h 8h 8c Qc]
Seat 1: Mahu2021 (button) collected (150)
Seat 2: Polonyi365 (small blind) folded on the River
Seat 3: NMAbadplayer (big blind) folded before Flop



PokerStars Hand #247694882283: Tournament #3687304203, $1.84+$0.16 USD Hold'em No Limit - Level II (15/30) - 2023/12/16 18:49:43 CET [2023/12/16 12:49:43 ET]
Table '3687304203 1' 3-max Seat #2 is the button
Seat 1: Mahu2021 (690 in chips) 
Seat 2: Polonyi365 (250 in chips) 
Seat 3: NMAbadplayer (560 in chips) 
NMAbadplayer: posts small blind 15
Mahu2021: posts big blind 30
*** HOLE CARDS ***
Dealt to Mahu2021 [Jc 7s]
Polonyi365: calls 30
NMAbadplayer: raises 530 to 560 and is all-in
Mahu2021: folds 
Polonyi365: folds 
Uncalled bet (530) returned to NMAbadplayer
NMAbadplayer collected 90 from pot
NMAbadplayer: doesn't show hand 
*** SUMMARY ***
Total pot 90 | Rake 0 
Seat 1: Mahu2021 (big blind) folded before Flop
Seat 2: Polonyi365 (button) folded before Flop
Seat 3: NMAbadplayer (small blind) collected (90)



PokerStars Hand #247694885792: Tournament #3687304203, $1.84+$0.16 USD Hold'em No Limit - Level II (15/30) - 2023/12/16 18:49:55 CET [2023/12/16 12:49:55 ET]
Table '3687304203 1' 3-max Seat #3 is the button
Seat 1: Mahu2021 (660 in chips) 
Seat 2: Polonyi365 (220 in chips) 
Seat 3: NMAbadplayer (620 in chips) 
Mahu2021: posts small blind 15
Polonyi365: posts big blind 30
*** HOLE CARDS ***
Dealt to Mahu2021 [Ks 6d]
NMAbadplayer: folds 
Mahu2021: calls 15
Polonyi365: checks 
*** FLOP *** [6s 8d Td]
Mahu2021: bets 30
Polonyi365: calls 30
*** TURN *** [6s 8d Td] [3d]
Mahu2021: checks 
Polonyi365: checks 
*** RIVER *** [6s 8d Td 3d] [7h]
Mahu2021: checks 
Polonyi365: bets 60
Mahu2021: calls 60
*** SHOW DOWN ***
Polonyi365: shows [3c 7s] (two pair, Sevens and Threes)
Mahu2021: mucks hand 
Polonyi365 collected 240 from pot
*** SUMMARY ***
Total pot 240 | Rake 0 
Board [6s 8d Td 3d 7h]
Seat 1: Mahu2021 (small blind) mucked [Ks 6d]
Seat 2: Polonyi365 (big blind) showed [3c 7s] and won (240) with two pair, Sevens and Threes
Seat 3: NMAbadplayer (button) folded before Flop (didn't bet)



PokerStars Hand #247694891134: Tournament #3687304203, $1.84+$0.16 USD Hold'em No Limit - Level II (15/30) - 2023/12/16 18:50:12 CET [2023/12/16 12:50:12 ET]
Table '3687304203 1' 3-max Seat #1 is the button
Seat 1: Mahu2021 (540 in chips) 
Seat 2: Polonyi365 (340 in chips) 
Seat 3: NMAbadplayer (620 in chips) 
Polonyi365: posts small blind 15
NMAbadplayer: posts big blind 30
*** HOLE CARDS ***
Dealt to Mahu2021 [7c 5c]
Mahu2021: calls 30
Polonyi365: calls 15
NMAbadplayer: checks 
*** FLOP *** [Th 8c Qs]
Polonyi365: bets 310 and is all-in
NMAbadplayer: folds 
Mahu2021: folds 
Uncalled bet (310) returned to Polonyi365
Polonyi365 collected 90 from pot
Polonyi365: doesn't show hand 
*** SUMMARY ***
Total pot 90 | Rake 0 
Board [Th 8c Qs]
Seat 1: Mahu2021 (button) folded on the Flop
Seat 2: Polonyi365 (small blind) collected (90)
Seat 3: NMAbadplayer (big blind) folded on the Flop



PokerStars Hand #247694896064: Tournament #3687304203, $1.84+$0.16 USD Hold'em No Limit - Level II (15/30) - 2023/12/16 18:50:29 CET [2023/12/16 12:50:29 ET]
Table '3687304203 1' 3-max Seat #2 is the button
Seat 1: Mahu2021 (510 in chips) 
Seat 2: Polonyi365 (400 in chips) 
Seat 3: NMAbadplayer (590 in chips) 
NMAbadplayer: posts small blind 15
Mahu2021: posts big blind 30
*** HOLE CARDS ***
Dealt to Mahu2021 [Qh 2s]
Polonyi365: calls 30
NMAbadplayer: folds 
Mahu2021: checks 
*** FLOP *** [9d 6c 3h]
Mahu2021: checks 
Polonyi365: checks 
*** TURN *** [9d 6c 3h] [Ah]
Mahu2021: checks 
Polonyi365: bets 30
Mahu2021: folds 
Uncalled bet (30) returned to Polonyi365
Polonyi365 collected 75 from pot
Polonyi365: doesn't show hand 
*** SUMMARY ***
Total pot 75 | Rake 0 
Board [9d 6c 3h Ah]
Seat 1: Mahu2021 (big blind) folded on the Turn
Seat 2: Polonyi365 (button) collected (75)
Seat 3: NMAbadplayer (small blind) folded before Flop



PokerStars Hand #247694902265: Tournament #3687304203, $1.84+$0.16 USD Hold'em No Limit - Level II (15/30) - 2023/12/16 18:50:49 CET [2023/12/16 12:50:49 ET]
Table '3687304203 1' 3-max Seat #3 is the button
Seat 1: Mahu2021 (480 in chips) 
Seat 2: Polonyi365 (445 in chips) 
Seat 3: NMAbadplayer (575 in chips) 
Mahu2021: posts small blind 15
Polonyi365: posts big blind 30
*** HOLE CARDS ***
Dealt to Mahu2021 [2d 5h]
NMAbadplayer: folds 
Mahu2021: calls 15
Polonyi365: checks 
*** FLOP *** [2c 8d Ad]
Mahu2021: checks 
Polonyi365: bets 90
Mahu2021: folds 
Uncalled bet (90) returned to Polonyi365
Polonyi365 collected 60 from pot
Polonyi365: doesn't show hand 
*** SUMMARY ***
Total pot 60 | Rake 0 
Board [2c 8d Ad]
Seat 1: Mahu2021 (small blind) folded on the Flop
Seat 2: Polonyi365 (big blind) collected (60)
Seat 3: NMAbadplayer (button) folded before Flop (didn't bet)



PokerStars Hand #247694905970: Tournament #3687304203, $1.84+$0.16 USD Hold'em No Limit - Level II (15/30) - 2023/12/16 18:51:01 CET [2023/12/16 12:51:01 ET]
Table '3687304203 1' 3-max Seat #1 is the button
Seat 1: Mahu2021 (450 in chips) 
Seat 2: Polonyi365 (475 in chips) 
Seat 3: NMAbadplayer (575 in chips) 
Polonyi365: posts small blind 15
NMAbadplayer: posts big blind 30
*** HOLE CARDS ***
Dealt to Mahu2021 [Qd Td]
Mahu2021: raises 30 to 60
Polonyi365: folds 
NMAbadplayer: folds 
Uncalled bet (30) returned to Mahu2021
Mahu2021 collected 75 from pot
Mahu2021: doesn't show hand 
*** SUMMARY ***
Total pot 75 | Rake 0 
Seat 1: Mahu2021 (button) collected (75)
Seat 2: Polonyi365 (small blind) folded before Flop
Seat 3: NMAbadplayer (big blind) folded before Flop



PokerStars Hand #247694910443: Tournament #3687304203, $1.84+$0.16 USD Hold'em No Limit - Level III (20/40) - 2023/12/16 18:51:16 CET [2023/12/16 12:51:16 ET]
Table '3687304203 1' 3-max Seat #2 is the button
Seat 1: Mahu2021 (495 in chips) 
Seat 2: Polonyi365 (460 in chips) 
Seat 3: NMAbadplayer (545 in chips) 
NMAbadplayer: posts small blind 20
Mahu2021: posts big blind 40
*** HOLE CARDS ***
Dealt to Mahu2021 [Kc 7h]
Polonyi365: folds 
NMAbadplayer: raises 40 to 80
Mahu2021: calls 40
*** FLOP *** [Jc 7s 2h]
NMAbadplayer: bets 40
Mahu2021: calls 40
*** TURN *** [Jc 7s 2h] [As]
NMAbadplayer: bets 120
Mahu2021: folds 
Uncalled bet (120) returned to NMAbadplayer
NMAbadplayer collected 240 from pot
NMAbadplayer: doesn't show hand 
*** SUMMARY ***
Total pot 240 | Rake 0 
Board [Jc 7s 2h As]
Seat 1: Mahu2021 (big blind) folded on the Turn
Seat 2: Polonyi365 (button) folded before Flop (didn't bet)
Seat 3: NMAbadplayer (small blind) collected (240)



PokerStars Hand #247694915534: Tournament #3687304203, $1.84+$0.16 USD Hold'em No Limit - Level III (20/40) - 2023/12/16 18:51:32 CET [2023/12/16 12:51:32 ET]
Table '3687304203 1' 3-max Seat #3 is the button
Seat 1: Mahu2021 (375 in chips) 
Seat 2: Polonyi365 (460 in chips) 
Seat 3: NMAbadplayer (665 in chips) 
Mahu2021: posts small blind 20
Polonyi365: posts big blind 40
*** HOLE CARDS ***
Dealt to Mahu2021 [Qc Kc]
NMAbadplayer: folds 
Mahu2021: raises 40 to 80
Polonyi365: calls 40
*** FLOP *** [Js Kh 3c]
Mahu2021: bets 80
Polonyi365: calls 80
*** TURN *** [Js Kh 3c] [Ts]
Mahu2021: bets 215 and is all-in
Polonyi365: calls 215
*** RIVER *** [Js Kh 3c Ts] [5s]
*** SHOW DOWN ***
Mahu2021: shows [Qc Kc] (a pair of Kings)
Polonyi365: shows [Jc 9s] (a pair of Jacks)
Mahu2021 collected 750 from pot
*** SUMMARY ***
Total pot 750 | Rake 0 
Board [Js Kh 3c Ts 5s]
Seat 1: Mahu2021 (small blind) showed [Qc Kc] and won (750) with a pair of Kings
Seat 2: Polonyi365 (big blind) showed [Jc 9s] and lost with a pair of Jacks
Seat 3: NMAbadplayer (button) folded before Flop (didn't bet)



PokerStars Hand #247694920918: Tournament #3687304203, $1.84+$0.16 USD Hold'em No Limit - Level III (20/40) - 2023/12/16 18:51:50 CET [2023/12/16 12:51:50 ET]
Table '3687304203 1' 3-max Seat #1 is the button
Seat 1: Mahu2021 (750 in chips) 
Seat 2: Polonyi365 (85 in chips) 
Seat 3: NMAbadplayer (665 in chips) 
Polonyi365: posts small blind 20
NMAbadplayer: posts big blind 40
*** HOLE CARDS ***
Dealt to Mahu2021 [Js 7h]
Mahu2021: folds 
Polonyi365: raises 45 to 85 and is all-in
NMAbadplayer: folds 
Uncalled bet (45) returned to Polonyi365
Polonyi365 collected 80 from pot
Polonyi365: doesn't show hand 
*** SUMMARY ***
Total pot 80 | Rake 0 
Seat 1: Mahu2021 (button) folded before Flop (didn't bet)
Seat 2: Polonyi365 (small blind) collected (80)
Seat 3: NMAbadplayer (big blind) folded before Flop



PokerStars Hand #247694923974: Tournament #3687304203, $1.84+$0.16 USD Hold'em No Limit - Level III (20/40) - 2023/12/16 18:52:00 CET [2023/12/16 12:52:00 ET]
Table '3687304203 1' 3-max Seat #2 is the button
Seat 1: Mahu2021 (750 in chips) 
Seat 2: Polonyi365 (125 in chips) 
Seat 3: NMAbadplayer (625 in chips) 
NMAbadplayer: posts small blind 20
Mahu2021: posts big blind 40
*** HOLE CARDS ***
Dealt to Mahu2021 [4s 7c]
Polonyi365: raises 85 to 125 and is all-in
NMAbadplayer: folds 
Mahu2021: folds 
Uncalled bet (85) returned to Polonyi365
Polonyi365 collected 100 from pot
Polonyi365: doesn't show hand 
*** SUMMARY ***
Total pot 100 | Rake 0 
Seat 1: Mahu2021 (big blind) folded before Flop
Seat 2: Polonyi365 (button) collected (100)
Seat 3: NMAbadplayer (small blind) folded before Flop



PokerStars Hand #247694926033: Tournament #3687304203, $1.84+$0.16 USD Hold'em No Limit - Level III (20/40) - 2023/12/16 18:52:07 CET [2023/12/16 12:52:07 ET]
Table '3687304203 1' 3-max Seat #3 is the button
Seat 1: Mahu2021 (710 in chips) 
Seat 2: Polonyi365 (185 in chips) 
Seat 3: NMAbadplayer (605 in chips) 
Mahu2021: posts small blind 20
Polonyi365: posts big blind 40
*** HOLE CARDS ***
Dealt to Mahu2021 [Qc 7s]
NMAbadplayer: folds 
Mahu2021: folds 
Uncalled bet (20) returned to Polonyi365
Polonyi365 collected 40 from pot
Polonyi365: doesn't show hand 
*** SUMMARY ***
Total pot 40 | Rake 0 
Seat 1: Mahu2021 (small blind) folded before Flop
Seat 2: Polonyi365 (big blind) collected (40)
Seat 3: NMAbadplayer (button) folded before Flop (didn't bet)



PokerStars Hand #247694927926: Tournament #3687304203, $1.84+$0.16 USD Hold'em No Limit - Level III (20/40) - 2023/12/16 18:52:14 CET [2023/12/16 12:52:14 ET]
Table '3687304203 1' 3-max Seat #1 is the button
Seat 1: Mahu2021 (690 in chips) 
Seat 2: Polonyi365 (205 in chips) 
Seat 3: NMAbadplayer (605 in chips) 
Polonyi365: posts small blind 20
NMAbadplayer: posts big blind 40
*** HOLE CARDS ***
Dealt to Mahu2021 [Th Jd]
Mahu2021: folds 
Polonyi365: calls 20
NMAbadplayer: raises 565 to 605 and is all-in
Polonyi365: calls 165 and is all-in
Uncalled bet (400) returned to NMAbadplayer
*** FLOP *** [Jc Tc 9s]
*** TURN *** [Jc Tc 9s] [4d]
*** RIVER *** [Jc Tc 9s 4d] [7c]
*** SHOW DOWN ***
Polonyi365: shows [7h 8h] (a straight, Seven to Jack)
NMAbadplayer: shows [Kd 5d] (high card King)
Polonyi365 collected 410 from pot
*** SUMMARY ***
Total pot 410 | Rake 0 
Board [Jc Tc 9s 4d 7c]
Seat 1: Mahu2021 (button) folded before Flop (didn't bet)
Seat 2: Polonyi365 (small blind) showed [7h 8h] and won (410) with a straight, Seven to Jack
Seat 3: NMAbadplayer (big blind) showed [Kd 5d] and lost with high card King



PokerStars Hand #247694934631: Tournament #3687304203, $1.84+$0.16 USD Hold'em No Limit - Level III (20/40) - 2023/12/16 18:52:36 CET [2023/12/16 12:52:36 ET]
Table '3687304203 1' 3-max Seat #2 is the button
Seat 1: Mahu2021 (690 in chips) 
Seat 2: Polonyi365 (410 in chips) 
Seat 3: NMAbadplayer (400 in chips) 
NMAbadplayer: posts small blind 20
Mahu2021: posts big blind 40
*** HOLE CARDS ***
Dealt to Mahu2021 [3c 9h]
Polonyi365: calls 40
NMAbadplayer: calls 20
Mahu2021: checks 
*** FLOP *** [4c Kd 8h]
NMAbadplayer: checks 
Mahu2021: checks 
Polonyi365: bets 120
NMAbadplayer: calls 120
Mahu2021: folds 
*** TURN *** [4c Kd 8h] [6c]
NMAbadplayer: checks 
Polonyi365: bets 240
NMAbadplayer: calls 240 and is all-in
*** RIVER *** [4c Kd 8h 6c] [Ks]
*** SHOW DOWN ***
NMAbadplayer: shows [9c Kh] (three of a kind, Kings)
Polonyi365: shows [7h Kc] (three of a kind, Kings - lower kicker)
NMAbadplayer collected 840 from pot
*** SUMMARY ***
Total pot 840 | Rake 0 
Board [4c Kd 8h 6c Ks]
Seat 1: Mahu2021 (big blind) folded on the Flop
Seat 2: Polonyi365 (button) showed [7h Kc] and lost with three of a kind, Kings
Seat 3: NMAbadplayer (small blind) showed [9c Kh] and won (840) with three of a kind, Kings



PokerStars Hand #247694946069: Tournament #3687304203, $1.84+$0.16 USD Hold'em No Limit - Level IV (30/60) - 2023/12/16 18:53:14 CET [2023/12/16 12:53:14 ET]
Table '3687304203 1' 3-max Seat #3 is the button
Seat 1: Mahu2021 (650 in chips) 
Seat 2: Polonyi365 (10 in chips) 
Seat 3: NMAbadplayer (840 in chips) 
Mahu2021: posts small blind 30
Polonyi365: posts big blind 10 and is all-in
*** HOLE CARDS ***
Dealt to Mahu2021 [2c Td]
NMAbadplayer: folds 
Uncalled bet (20) returned to Mahu2021
*** FLOP *** [7h 2d 4h]
*** TURN *** [7h 2d 4h] [5d]
*** RIVER *** [7h 2d 4h 5d] [5s]
*** SHOW DOWN ***
Mahu2021: shows [2c Td] (two pair, Fives and Deuces)
Polonyi365: shows [9d Ad] (a pair of Fives)
Mahu2021 collected 20 from pot
Polonyi365 finished the tournament in 3rd place
*** SUMMARY ***
Total pot 20 | Rake 0 
Board [7h 2d 4h 5d 5s]
Seat 1: Mahu2021 (small blind) showed [2c Td] and won (20) with two pair, Fives and Deuces
Seat 2: Polonyi365 (big blind) showed [9d Ad] and lost with a pair of Fives
Seat 3: NMAbadplayer (button) folded before Flop (didn't bet)



PokerStars Hand #247694951258: Tournament #3687304203, $1.84+$0.16 USD Hold'em No Limit - Level IV (30/60) - 2023/12/16 18:53:31 CET [2023/12/16 12:53:31 ET]
Table '3687304203 1' 3-max Seat #1 is the button
Seat 1: Mahu2021 (660 in chips) 
Seat 3: NMAbadplayer (840 in chips) 
Mahu2021: posts small blind 30
NMAbadplayer: posts big blind 60
*** HOLE CARDS ***
Dealt to Mahu2021 [4s Ks]
Mahu2021: calls 30
NMAbadplayer: checks 
*** FLOP *** [Qd 7c 7s]
NMAbadplayer: checks 
Mahu2021: bets 60
NMAbadplayer: raises 120 to 180
Mahu2021: folds 
Uncalled bet (120) returned to NMAbadplayer
NMAbadplayer collected 240 from pot
NMAbadplayer: doesn't show hand 
*** SUMMARY ***
Total pot 240 | Rake 0 
Board [Qd 7c 7s]
Seat 1: Mahu2021 (button) (small blind) folded on the Flop
Seat 3: NMAbadplayer (big blind) collected (240)



PokerStars Hand #247694957145: Tournament #3687304203, $1.84+$0.16 USD Hold'em No Limit - Level IV (30/60) - 2023/12/16 18:53:50 CET [2023/12/16 12:53:50 ET]
Table '3687304203 1' 3-max Seat #3 is the button
Seat 1: Mahu2021 (540 in chips) 
Seat 3: NMAbadplayer (960 in chips) 
NMAbadplayer: posts small blind 30
Mahu2021: posts big blind 60
*** HOLE CARDS ***
Dealt to Mahu2021 [Ah 2c]
NMAbadplayer: folds 
Uncalled bet (30) returned to Mahu2021
Mahu2021 collected 60 from pot
Mahu2021: doesn't show hand 
*** SUMMARY ***
Total pot 60 | Rake 0 
Seat 1: Mahu2021 (big blind) collected (60)
Seat 3: NMAbadplayer (button) (small blind) folded before Flop



PokerStars Hand #247694958686: Tournament #3687304203, $1.84+$0.16 USD Hold'em No Limit - Level IV (30/60) - 2023/12/16 18:53:55 CET [2023/12/16 12:53:55 ET]
Table '3687304203 1' 3-max Seat #1 is the button
Seat 1: Mahu2021 (570 in chips) 
Seat 3: NMAbadplayer (930 in chips) 
Mahu2021: posts small blind 30
NMAbadplayer: posts big blind 60
*** HOLE CARDS ***
Dealt to Mahu2021 [3d Qd]
Mahu2021: calls 30
NMAbadplayer: checks 
*** FLOP *** [8c 5c 7c]
NMAbadplayer: checks 
Mahu2021: checks 
*** TURN *** [8c 5c 7c] [Qs]
NMAbadplayer: checks 
Mahu2021: bets 60
NMAbadplayer: folds 
Uncalled bet (60) returned to Mahu2021
Mahu2021 collected 120 from pot
Mahu2021: doesn't show hand 
*** SUMMARY ***
Total pot 120 | Rake 0 
Board [8c 5c 7c Qs]
Seat 1: Mahu2021 (button) (small blind) collected (120)
Seat 3: NMAbadplayer (big blind) folded on the Turn



PokerStars Hand #247694963403: Tournament #3687304203, $1.84+$0.16 USD Hold'em No Limit - Level IV (30/60) - 2023/12/16 18:54:11 CET [2023/12/16 12:54:11 ET]
Table '3687304203 1' 3-max Seat #3 is the button
Seat 1: Mahu2021 (630 in chips) 
Seat 3: NMAbadplayer (870 in chips) 
NMAbadplayer: posts small blind 30
Mahu2021: posts big blind 60
*** HOLE CARDS ***
Dealt to Mahu2021 [7d Jd]
NMAbadplayer: calls 30
Mahu2021: checks 
*** FLOP *** [6d Ts 5d]
Mahu2021: checks 
NMAbadplayer: checks 
*** TURN *** [6d Ts 5d] [6s]
Mahu2021: checks 
NMAbadplayer: bets 90
Mahu2021: calls 90
*** RIVER *** [6d Ts 5d 6s] [Th]
Mahu2021: checks 
NMAbadplayer: bets 150
Mahu2021: folds 
Uncalled bet (150) returned to NMAbadplayer
NMAbadplayer collected 300 from pot
NMAbadplayer: doesn't show hand 
*** SUMMARY ***
Total pot 300 | Rake 0 
Board [6d Ts 5d 6s Th]
Seat 1: Mahu2021 (big blind) folded on the River
Seat 3: NMAbadplayer (button) (small blind) collected (300)



PokerStars Hand #247694970930: Tournament #3687304203, $1.84+$0.16 USD Hold'em No Limit - Level IV (30/60) - 2023/12/16 18:54:36 CET [2023/12/16 12:54:36 ET]
Table '3687304203 1' 3-max Seat #1 is the button
Seat 1: Mahu2021 (480 in chips) 
Seat 3: NMAbadplayer (1020 in chips) 
Mahu2021: posts small blind 30
NMAbadplayer: posts big blind 60
*** HOLE CARDS ***
Dealt to Mahu2021 [8s Td]
Mahu2021: folds 
Uncalled bet (30) returned to NMAbadplayer
NMAbadplayer collected 60 from pot
NMAbadplayer: doesn't show hand 
*** SUMMARY ***
Total pot 60 | Rake 0 
Seat 1: Mahu2021 (button) (small blind) folded before Flop
Seat 3: NMAbadplayer (big blind) collected (60)



PokerStars Hand #247694972189: Tournament #3687304203, $1.84+$0.16 USD Hold'em No Limit - Level IV (30/60) - 2023/12/16 18:54:40 CET [2023/12/16 12:54:40 ET]
Table '3687304203 1' 3-max Seat #3 is the button
Seat 1: Mahu2021 (450 in chips) 
Seat 3: NMAbadplayer (1050 in chips) 
NMAbadplayer: posts small blind 30
Mahu2021: posts big blind 60
*** HOLE CARDS ***
Dealt to Mahu2021 [Js 7s]
NMAbadplayer: raises 990 to 1050 and is all-in
Mahu2021: folds 
Uncalled bet (990) returned to NMAbadplayer
NMAbadplayer collected 120 from pot
NMAbadplayer: doesn't show hand 
*** SUMMARY ***
Total pot 120 | Rake 0 
Seat 1: Mahu2021 (big blind) folded before Flop
Seat 3: NMAbadplayer (button) (small blind) collected (120)



PokerStars Hand #247694974648: Tournament #3687304203, $1.84+$0.16 USD Hold'em No Limit - Level IV (30/60) - 2023/12/16 18:54:48 CET [2023/12/16 12:54:48 ET]
Table '3687304203 1' 3-max Seat #1 is the button
Seat 1: Mahu2021 (390 in chips) 
Seat 3: NMAbadplayer (1110 in chips) 
Mahu2021: posts small blind 30
NMAbadplayer: posts big blind 60
*** HOLE CARDS ***
Dealt to Mahu2021 [9s 8c]
Mahu2021: folds 
Uncalled bet (30) returned to NMAbadplayer
NMAbadplayer collected 60 from pot
NMAbadplayer: doesn't show hand 
*** SUMMARY ***
Total pot 60 | Rake 0 
Seat 1: Mahu2021 (button) (small blind) folded before Flop
Seat 3: NMAbadplayer (big blind) collected (60)



PokerStars Hand #247694976013: Tournament #3687304203, $1.84+$0.16 USD Hold'em No Limit - Level IV (30/60) - 2023/12/16 18:54:52 CET [2023/12/16 12:54:52 ET]
Table '3687304203 1' 3-max Seat #3 is the button
Seat 1: Mahu2021 (360 in chips) 
Seat 3: NMAbadplayer (1140 in chips) 
NMAbadplayer: posts small blind 30
Mahu2021: posts big blind 60
*** HOLE CARDS ***
Dealt to Mahu2021 [3d 7s]
NMAbadplayer: folds 
Uncalled bet (30) returned to Mahu2021
Mahu2021 collected 60 from pot
Mahu2021: doesn't show hand 
*** SUMMARY ***
Total pot 60 | Rake 0 
Seat 1: Mahu2021 (big blind) collected (60)
Seat 3: NMAbadplayer (button) (small blind) folded before Flop



PokerStars Hand #247694977536: Tournament #3687304203, $1.84+$0.16 USD Hold'em No Limit - Level IV (30/60) - 2023/12/16 18:54:58 CET [2023/12/16 12:54:58 ET]
Table '3687304203 1' 3-max Seat #1 is the button
Seat 1: Mahu2021 (390 in chips) 
Seat 3: NMAbadplayer (1110 in chips) 
Mahu2021: posts small blind 30
NMAbadplayer: posts big blind 60
*** HOLE CARDS ***
Dealt to Mahu2021 [3s Ah]
Mahu2021: raises 330 to 390 and is all-in
NMAbadplayer: calls 330
*** FLOP *** [Ad 2c Jd]
*** TURN *** [Ad 2c Jd] [6d]
*** RIVER *** [Ad 2c Jd 6d] [5d]
*** SHOW DOWN ***
NMAbadplayer: shows [Kh 6c] (a pair of Sixes)
Mahu2021: shows [3s Ah] (a pair of Aces)
Mahu2021 collected 780 from pot
*** SUMMARY ***
Total pot 780 | Rake 0 
Board [Ad 2c Jd 6d 5d]
Seat 1: Mahu2021 (button) (small blind) showed [3s Ah] and won (780) with a pair of Aces
Seat 3: NMAbadplayer (big blind) showed [Kh 6c] and lost with a pair of Sixes



PokerStars Hand #247694982735: Tournament #3687304203, $1.84+$0.16 USD Hold'em No Limit - Level V (40/80) - 2023/12/16 18:55:19 CET [2023/12/16 12:55:19 ET]
Table '3687304203 1' 3-max Seat #3 is the button
Seat 1: Mahu2021 (780 in chips) 
Seat 3: NMAbadplayer (720 in chips) 
NMAbadplayer: posts small blind 40
Mahu2021: posts big blind 80
*** HOLE CARDS ***
Dealt to Mahu2021 [Qh 2h]
NMAbadplayer: folds 
Uncalled bet (40) returned to Mahu2021
Mahu2021 collected 80 from pot
Mahu2021: doesn't show hand 
*** SUMMARY ***
Total pot 80 | Rake 0 
Seat 1: Mahu2021 (big blind) collected (80)
Seat 3: NMAbadplayer (button) (small blind) folded before Flop



PokerStars Hand #247694983868: Tournament #3687304203, $1.84+$0.16 USD Hold'em No Limit - Level V (40/80) - 2023/12/16 18:55:25 CET [2023/12/16 12:55:25 ET]
Table '3687304203 1' 3-max Seat #1 is the button
Seat 1: Mahu2021 (820 in chips) 
Seat 3: NMAbadplayer (680 in chips) 
Mahu2021: posts small blind 40
NMAbadplayer: posts big blind 80
*** HOLE CARDS ***
Dealt to Mahu2021 [Kd Tc]
Mahu2021: raises 160 to 240
NMAbadplayer: folds 
Uncalled bet (160) returned to Mahu2021
Mahu2021 collected 160 from pot
Mahu2021: doesn't show hand 
*** SUMMARY ***
Total pot 160 | Rake 0 
Seat 1: Mahu2021 (button) (small blind) collected (160)
Seat 3: NMAbadplayer (big blind) folded before Flop



PokerStars Hand #247694985408: Tournament #3687304203, $1.84+$0.16 USD Hold'em No Limit - Level V (40/80) - 2023/12/16 18:55:32 CET [2023/12/16 12:55:32 ET]
Table '3687304203 1' 3-max Seat #3 is the button
Seat 1: Mahu2021 (900 in chips) 
Seat 3: NMAbadplayer (600 in chips) 
NMAbadplayer: posts small blind 40
Mahu2021: posts big blind 80
*** HOLE CARDS ***
Dealt to Mahu2021 [6c Td]
NMAbadplayer: raises 520 to 600 and is all-in
Mahu2021: folds 
Uncalled bet (520) returned to NMAbadplayer
NMAbadplayer collected 160 from pot
NMAbadplayer: doesn't show hand 
*** SUMMARY ***
Total pot 160 | Rake 0 
Seat 1: Mahu2021 (big blind) folded before Flop
Seat 3: NMAbadplayer (button) (small blind) collected (160)



PokerStars Hand #247694987051: Tournament #3687304203, $1.84+$0.16 USD Hold'em No Limit - Level V (40/80) - 2023/12/16 18:55:39 CET [2023/12/16 12:55:39 ET]
Table '3687304203 1' 3-max Seat #1 is the button
Seat 1: Mahu2021 (820 in chips) 
Seat 3: NMAbadplayer (680 in chips) 
Mahu2021: posts small blind 40
NMAbadplayer: posts big blind 80
*** HOLE CARDS ***
Dealt to Mahu2021 [5h 6c]
Mahu2021: calls 40
NMAbadplayer: raises 600 to 680 and is all-in
Mahu2021: folds 
Uncalled bet (600) returned to NMAbadplayer
NMAbadplayer collected 160 from pot
NMAbadplayer: doesn't show hand 
*** SUMMARY ***
Total pot 160 | Rake 0 
Seat 1: Mahu2021 (button) (small blind) folded before Flop
Seat 3: NMAbadplayer (big blind) collected (160)



PokerStars Hand #247694988823: Tournament #3687304203, $1.84+$0.16 USD Hold'em No Limit - Level V (40/80) - 2023/12/16 18:55:47 CET [2023/12/16 12:55:47 ET]
Table '3687304203 1' 3-max Seat #3 is the button
Seat 1: Mahu2021 (740 in chips) 
Seat 3: NMAbadplayer (760 in chips) 
NMAbadplayer: posts small blind 40
Mahu2021: posts big blind 80
*** HOLE CARDS ***
Dealt to Mahu2021 [7h 6s]
NMAbadplayer: folds 
Uncalled bet (40) returned to Mahu2021
Mahu2021 collected 80 from pot
Mahu2021: doesn't show hand 
*** SUMMARY ***
Total pot 80 | Rake 0 
Seat 1: Mahu2021 (big blind) collected (80)
Seat 3: NMAbadplayer (button) (small blind) folded before Flop



PokerStars Hand #247694989790: Tournament #3687304203, $1.84+$0.16 USD Hold'em No Limit - Level V (40/80) - 2023/12/16 18:55:52 CET [2023/12/16 12:55:52 ET]
Table '3687304203 1' 3-max Seat #1 is the button
Seat 1: Mahu2021 (780 in chips) 
Seat 3: NMAbadplayer (720 in chips) 
Mahu2021: posts small blind 40
NMAbadplayer: posts big blind 80
*** HOLE CARDS ***
Dealt to Mahu2021 [9c 8d]
Mahu2021: calls 40
NMAbadplayer: checks 
*** FLOP *** [8s Jc 6c]
NMAbadplayer: checks 
Mahu2021: bets 80
NMAbadplayer: folds 
Uncalled bet (80) returned to Mahu2021
Mahu2021 collected 160 from pot
Mahu2021: doesn't show hand 
*** SUMMARY ***
Total pot 160 | Rake 0 
Board [8s Jc 6c]
Seat 1: Mahu2021 (button) (small blind) collected (160)
Seat 3: NMAbadplayer (big blind) folded on the Flop



PokerStars Hand #247694992991: Tournament #3687304203, $1.84+$0.16 USD Hold'em No Limit - Level V (40/80) - 2023/12/16 18:56:06 CET [2023/12/16 12:56:06 ET]
Table '3687304203 1' 3-max Seat #3 is the button
Seat 1: Mahu2021 (860 in chips) 
Seat 3: NMAbadplayer (640 in chips) 
NMAbadplayer: posts small blind 40
Mahu2021: posts big blind 80
*** HOLE CARDS ***
Dealt to Mahu2021 [6s 5c]
NMAbadplayer: calls 40
Mahu2021: checks 
*** FLOP *** [Ks Tc Kh]
Mahu2021: checks 
NMAbadplayer: bets 80
Mahu2021: folds 
Uncalled bet (80) returned to NMAbadplayer
NMAbadplayer collected 160 from pot
NMAbadplayer: doesn't show hand 
*** SUMMARY ***
Total pot 160 | Rake 0 
Board [Ks Tc Kh]
Seat 1: Mahu2021 (big blind) folded on the Flop
Seat 3: NMAbadplayer (button) (small blind) collected (160)



PokerStars Hand #247694995327: Tournament #3687304203, $1.84+$0.16 USD Hold'em No Limit - Level V (40/80) - 2023/12/16 18:56:16 CET [2023/12/16 12:56:16 ET]
Table '3687304203 1' 3-max Seat #1 is the button
Seat 1: Mahu2021 (780 in chips) 
Seat 3: NMAbadplayer (720 in chips) 
Mahu2021: posts small blind 40
NMAbadplayer: posts big blind 80
*** HOLE CARDS ***
Dealt to Mahu2021 [5h 3s]
Mahu2021: folds 
Uncalled bet (40) returned to NMAbadplayer
NMAbadplayer collected 80 from pot
NMAbadplayer: doesn't show hand 
*** SUMMARY ***
Total pot 80 | Rake 0 
Seat 1: Mahu2021 (button) (small blind) folded before Flop
Seat 3: NMAbadplayer (big blind) collected (80)



PokerStars Hand #247694996288: Tournament #3687304203, $1.84+$0.16 USD Hold'em No Limit - Level V (40/80) - 2023/12/16 18:56:21 CET [2023/12/16 12:56:21 ET]
Table '3687304203 1' 3-max Seat #3 is the button
Seat 1: Mahu2021 (740 in chips) 
Seat 3: NMAbadplayer (760 in chips) 
NMAbadplayer: posts small blind 40
Mahu2021: posts big blind 80
*** HOLE CARDS ***
Dealt to Mahu2021 [9h 8c]
NMAbadplayer: folds 
Uncalled bet (40) returned to Mahu2021
Mahu2021 collected 80 from pot
Mahu2021: doesn't show hand 
*** SUMMARY ***
Total pot 80 | Rake 0 
Seat 1: Mahu2021 (big blind) collected (80)
Seat 3: NMAbadplayer (button) (small blind) folded before Flop



PokerStars Hand #247694997312: Tournament #3687304203, $1.84+$0.16 USD Hold'em No Limit - Level V (40/80) - 2023/12/16 18:56:25 CET [2023/12/16 12:56:25 ET]
Table '3687304203 1' 3-max Seat #1 is the button
Seat 1: Mahu2021 (780 in chips) 
Seat 3: NMAbadplayer (720 in chips) 
Mahu2021: posts small blind 40
NMAbadplayer: posts big blind 80
*** HOLE CARDS ***
Dealt to Mahu2021 [Kd Kh]
Mahu2021: calls 40
NMAbadplayer: checks 
*** FLOP *** [Js Qs 2d]
NMAbadplayer: checks 
Mahu2021: checks 
*** TURN *** [Js Qs 2d] [2h]
NMAbadplayer: bets 120
Mahu2021: calls 120
*** RIVER *** [Js Qs 2d 2h] [9h]
NMAbadplayer: bets 300
Mahu2021: calls 300
*** SHOW DOWN ***
NMAbadplayer: shows [2s 8s] (three of a kind, Deuces)
Mahu2021: mucks hand 
NMAbadplayer collected 1000 from pot
*** SUMMARY ***
Total pot 1000 | Rake 0 
Board [Js Qs 2d 2h 9h]
Seat 1: Mahu2021 (button) (small blind) mucked [Kd Kh]
Seat 3: NMAbadplayer (big blind) showed [2s 8s] and won (1000) with three of a kind, Deuces



PokerStars Hand #247695000816: Tournament #3687304203, $1.84+$0.16 USD Hold'em No Limit - Level V (40/80) - 2023/12/16 18:56:41 CET [2023/12/16 12:56:41 ET]
Table '3687304203 1' 3-max Seat #3 is the button
Seat 1: Mahu2021 (280 in chips) 
Seat 3: NMAbadplayer (1220 in chips) 
NMAbadplayer: posts small blind 40
Mahu2021: posts big blind 80
*** HOLE CARDS ***
Dealt to Mahu2021 [8c 6c]
NMAbadplayer: folds 
Uncalled bet (40) returned to Mahu2021
Mahu2021 collected 80 from pot
Mahu2021: doesn't show hand 
*** SUMMARY ***
Total pot 80 | Rake 0 
Seat 1: Mahu2021 (big blind) collected (80)
Seat 3: NMAbadplayer (button) (small blind) folded before Flop



PokerStars Hand #247695002416: Tournament #3687304203, $1.84+$0.16 USD Hold'em No Limit - Level V (40/80) - 2023/12/16 18:56:48 CET [2023/12/16 12:56:48 ET]
Table '3687304203 1' 3-max Seat #1 is the button
Seat 1: Mahu2021 (320 in chips) 
Seat 3: NMAbadplayer (1180 in chips) 
Mahu2021: posts small blind 40
NMAbadplayer: posts big blind 80
*** HOLE CARDS ***
Dealt to Mahu2021 [5d 8s]
Mahu2021: folds 
Uncalled bet (40) returned to NMAbadplayer
NMAbadplayer collected 80 from pot
NMAbadplayer: doesn't show hand 
*** SUMMARY ***
Total pot 80 | Rake 0 
Seat 1: Mahu2021 (button) (small blind) folded before Flop
Seat 3: NMAbadplayer (big blind) collected (80)



PokerStars Hand #247695003413: Tournament #3687304203, $1.84+$0.16 USD Hold'em No Limit - Level V (40/80) - 2023/12/16 18:56:52 CET [2023/12/16 12:56:52 ET]
Table '3687304203 1' 3-max Seat #3 is the button
Seat 1: Mahu2021 (280 in chips) 
Seat 3: NMAbadplayer (1220 in chips) 
NMAbadplayer: posts small blind 40
Mahu2021: posts big blind 80
*** HOLE CARDS ***
Dealt to Mahu2021 [3c Ac]
NMAbadplayer: folds 
Uncalled bet (40) returned to Mahu2021
Mahu2021 collected 80 from pot
Mahu2021: doesn't show hand 
*** SUMMARY ***
Total pot 80 | Rake 0 
Seat 1: Mahu2021 (big blind) collected (80)
Seat 3: NMAbadplayer (button) (small blind) folded before Flop



PokerStars Hand #247695004819: Tournament #3687304203, $1.84+$0.16 USD Hold'em No Limit - Level V (40/80) - 2023/12/16 18:56:59 CET [2023/12/16 12:56:59 ET]
Table '3687304203 1' 3-max Seat #1 is the button
Seat 1: Mahu2021 (320 in chips) 
Seat 3: NMAbadplayer (1180 in chips) 
Mahu2021: posts small blind 40
NMAbadplayer: posts big blind 80
*** HOLE CARDS ***
Dealt to Mahu2021 [9h Ks]
Mahu2021: raises 240 to 320 and is all-in
NMAbadplayer: calls 240
*** FLOP *** [Ac Qs Td]
*** TURN *** [Ac Qs Td] [Qc]
*** RIVER *** [Ac Qs Td Qc] [Jd]
*** SHOW DOWN ***
NMAbadplayer: shows [4h 4c] (two pair, Queens and Fours)
Mahu2021: shows [9h Ks] (a straight, Ten to Ace)
Mahu2021 collected 640 from pot
*** SUMMARY ***
Total pot 640 | Rake 0 
Board [Ac Qs Td Qc Jd]
Seat 1: Mahu2021 (button) (small blind) showed [9h Ks] and won (640) with a straight, Ten to Ace
Seat 3: NMAbadplayer (big blind) showed [4h 4c] and lost with two pair, Queens and Fours



PokerStars Hand #247695008162: Tournament #3687304203, $1.84+$0.16 USD Hold'em No Limit - Level VI (50/100) - 2023/12/16 18:57:14 CET [2023/12/16 12:57:14 ET]
Table '3687304203 1' 3-max Seat #3 is the button
Seat 1: Mahu2021 (640 in chips) 
Seat 3: NMAbadplayer (860 in chips) 
NMAbadplayer: posts small blind 50
Mahu2021: posts big blind 100
*** HOLE CARDS ***
Dealt to Mahu2021 [Ks 5d]
NMAbadplayer: calls 50
Mahu2021: checks 
*** FLOP *** [2c Td 2d]
Mahu2021: checks 
NMAbadplayer: bets 100
Mahu2021: folds 
Uncalled bet (100) returned to NMAbadplayer
NMAbadplayer collected 200 from pot
NMAbadplayer: doesn't show hand 
*** SUMMARY ***
Total pot 200 | Rake 0 
Board [2c Td 2d]
Seat 1: Mahu2021 (big blind) folded on the Flop
Seat 3: NMAbadplayer (button) (small blind) collected (200)



PokerStars Hand #247695010902: Tournament #3687304203, $1.84+$0.16 USD Hold'em No Limit - Level VI (50/100) - 2023/12/16 18:57:26 CET [2023/12/16 12:57:26 ET]
Table '3687304203 1' 3-max Seat #1 is the button
Seat 1: Mahu2021 (540 in chips) 
Seat 3: NMAbadplayer (960 in chips) 
Mahu2021: posts small blind 50
NMAbadplayer: posts big blind 100
*** HOLE CARDS ***
Dealt to Mahu2021 [3c Qd]
Mahu2021: folds 
Uncalled bet (50) returned to NMAbadplayer
NMAbadplayer collected 100 from pot
NMAbadplayer: doesn't show hand 
*** SUMMARY ***
Total pot 100 | Rake 0 
Seat 1: Mahu2021 (button) (small blind) folded before Flop
Seat 3: NMAbadplayer (big blind) collected (100)



PokerStars Hand #247695011879: Tournament #3687304203, $1.84+$0.16 USD Hold'em No Limit - Level VI (50/100) - 2023/12/16 18:57:31 CET [2023/12/16 12:57:31 ET]
Table '3687304203 1' 3-max Seat #3 is the button
Seat 1: Mahu2021 (490 in chips) 
Seat 3: NMAbadplayer (1010 in chips) 
NMAbadplayer: posts small blind 50
Mahu2021: posts big blind 100
*** HOLE CARDS ***
Dealt to Mahu2021 [Qc 4d]
NMAbadplayer: raises 910 to 1010 and is all-in
Mahu2021: folds 
Uncalled bet (910) returned to NMAbadplayer
NMAbadplayer collected 200 from pot
NMAbadplayer: doesn't show hand 
*** SUMMARY ***
Total pot 200 | Rake 0 
Seat 1: Mahu2021 (big blind) folded before Flop
Seat 3: NMAbadplayer (button) (small blind) collected (200)



PokerStars Hand #247695013387: Tournament #3687304203, $1.84+$0.16 USD Hold'em No Limit - Level VI (50/100) - 2023/12/16 18:57:37 CET [2023/12/16 12:57:37 ET]
Table '3687304203 1' 3-max Seat #1 is the button
Seat 1: Mahu2021 (390 in chips) 
Seat 3: NMAbadplayer (1110 in chips) 
Mahu2021: posts small blind 50
NMAbadplayer: posts big blind 100
*** HOLE CARDS ***
Dealt to Mahu2021 [7h Tc]
Mahu2021: folds 
Uncalled bet (50) returned to NMAbadplayer
NMAbadplayer collected 100 from pot
NMAbadplayer: doesn't show hand 
*** SUMMARY ***
Total pot 100 | Rake 0 
Seat 1: Mahu2021 (button) (small blind) folded before Flop
Seat 3: NMAbadplayer (big blind) collected (100)



PokerStars Hand #247695014358: Tournament #3687304203, $1.84+$0.16 USD Hold'em No Limit - Level VI (50/100) - 2023/12/16 18:57:41 CET [2023/12/16 12:57:41 ET]
Table '3687304203 1' 3-max Seat #3 is the button
Seat 1: Mahu2021 (340 in chips) 
Seat 3: NMAbadplayer (1160 in chips) 
NMAbadplayer: posts small blind 50
Mahu2021: posts big blind 100
*** HOLE CARDS ***
Dealt to Mahu2021 [4c 4h]
NMAbadplayer: raises 250 to 350
Mahu2021: calls 240 and is all-in
Uncalled bet (10) returned to NMAbadplayer
*** FLOP *** [Tc Ac Qh]
*** TURN *** [Tc Ac Qh] [Kh]
*** RIVER *** [Tc Ac Qh Kh] [Ah]
*** SHOW DOWN ***
Mahu2021: shows [4c 4h] (two pair, Aces and Fours)
NMAbadplayer: shows [6d 8c] (a pair of Aces)
Mahu2021 collected 680 from pot
*** SUMMARY ***
Total pot 680 | Rake 0 
Board [Tc Ac Qh Kh Ah]
Seat 1: Mahu2021 (big blind) showed [4c 4h] and won (680) with two pair, Aces and Fours
Seat 3: NMAbadplayer (button) (small blind) showed [6d 8c] and lost with a pair of Aces



PokerStars Hand #247695018634: Tournament #3687304203, $1.84+$0.16 USD Hold'em No Limit - Level VI (50/100) - 2023/12/16 18:58:01 CET [2023/12/16 12:58:01 ET]
Table '3687304203 1' 3-max Seat #1 is the button
Seat 1: Mahu2021 (680 in chips) 
Seat 3: NMAbadplayer (820 in chips) 
Mahu2021: posts small blind 50
NMAbadplayer: posts big blind 100
*** HOLE CARDS ***
Dealt to Mahu2021 [8h Ks]
Mahu2021: raises 580 to 680 and is all-in
NMAbadplayer: calls 580
*** FLOP *** [8s Qs 5c]
*** TURN *** [8s Qs 5c] [Kd]
*** RIVER *** [8s Qs 5c Kd] [3c]
*** SHOW DOWN ***
NMAbadplayer: shows [Ts Jd] (high card King)
Mahu2021: shows [8h Ks] (two pair, Kings and Eights)
Mahu2021 collected 1360 from pot
*** SUMMARY ***
Total pot 1360 | Rake 0 
Board [8s Qs 5c Kd 3c]
Seat 1: Mahu2021 (button) (small blind) showed [8h Ks] and won (1360) with two pair, Kings and Eights
Seat 3: NMAbadplayer (big blind) showed [Ts Jd] and lost with high card King



PokerStars Hand #247695021429: Tournament #3687304203, $1.84+$0.16 USD Hold'em No Limit - Level VI (50/100) - 2023/12/16 18:58:13 CET [2023/12/16 12:58:13 ET]
Table '3687304203 1' 3-max Seat #3 is the button
Seat 1: Mahu2021 (1360 in chips) 
Seat 3: NMAbadplayer (140 in chips) 
NMAbadplayer: posts small blind 50
Mahu2021: posts big blind 100
*** HOLE CARDS ***
Dealt to Mahu2021 [Td 2d]
NMAbadplayer: raises 40 to 140 and is all-in
Mahu2021: folds 
Uncalled bet (40) returned to NMAbadplayer
NMAbadplayer collected 200 from pot
NMAbadplayer: doesn't show hand 
*** SUMMARY ***
Total pot 200 | Rake 0 
Seat 1: Mahu2021 (big blind) folded before Flop
Seat 3: NMAbadplayer (button) (small blind) collected (200)



PokerStars Hand #247695022744: Tournament #3687304203, $1.84+$0.16 USD Hold'em No Limit - Level VI (50/100) - 2023/12/16 18:58:19 CET [2023/12/16 12:58:19 ET]
Table '3687304203 1' 3-max Seat #1 is the button
Seat 1: Mahu2021 (1260 in chips) 
Seat 3: NMAbadplayer (240 in chips) 
Mahu2021: posts small blind 50
NMAbadplayer: posts big blind 100
*** HOLE CARDS ***
Dealt to Mahu2021 [Qs Qc]
Mahu2021: raises 200 to 300
NMAbadplayer: folds 
Uncalled bet (200) returned to Mahu2021
Mahu2021 collected 200 from pot
Mahu2021: doesn't show hand 
*** SUMMARY ***
Total pot 200 | Rake 0 
Seat 1: Mahu2021 (button) (small blind) collected (200)
Seat 3: NMAbadplayer (big blind) folded before Flop



PokerStars Hand #247695024361: Tournament #3687304203, $1.84+$0.16 USD Hold'em No Limit - Level VI (50/100) - 2023/12/16 18:58:27 CET [2023/12/16 12:58:27 ET]
Table '3687304203 1' 3-max Seat #3 is the button
Seat 1: Mahu2021 (1360 in chips) 
Seat 3: NMAbadplayer (140 in chips) 
NMAbadplayer: posts small blind 50
Mahu2021: posts big blind 100
*** HOLE CARDS ***
Dealt to Mahu2021 [6h Qh]
NMAbadplayer: raises 40 to 140 and is all-in
Mahu2021: calls 40
*** FLOP *** [4s As 2s]
*** TURN *** [4s As 2s] [3c]
*** RIVER *** [4s As 2s 3c] [Td]
*** SHOW DOWN ***
Mahu2021: shows [6h Qh] (high card Ace)
NMAbadplayer: shows [Ts 6d] (a pair of Tens)
NMAbadplayer collected 280 from pot
*** SUMMARY ***
Total pot 280 | Rake 0 
Board [4s As 2s 3c Td]
Seat 1: Mahu2021 (big blind) showed [6h Qh] and lost with high card Ace
Seat 3: NMAbadplayer (button) (small blind) showed [Ts 6d] and won (280) with a pair of Tens



PokerStars Hand #247695027049: Tournament #3687304203, $1.84+$0.16 USD Hold'em No Limit - Level VI (50/100) - 2023/12/16 18:58:38 CET [2023/12/16 12:58:38 ET]
Table '3687304203 1' 3-max Seat #1 is the button
Seat 1: Mahu2021 (1220 in chips) 
Seat 3: NMAbadplayer (280 in chips) 
Mahu2021: posts small blind 50
NMAbadplayer: posts big blind 100
*** HOLE CARDS ***
Dealt to Mahu2021 [Js Ac]
Mahu2021: raises 200 to 300
NMAbadplayer: calls 180 and is all-in
Uncalled bet (20) returned to Mahu2021
*** FLOP *** [4d Ts 3s]
*** TURN *** [4d Ts 3s] [6h]
*** RIVER *** [4d Ts 3s 6h] [As]
*** SHOW DOWN ***
NMAbadplayer: shows [9h 2h] (high card Ace)
Mahu2021: shows [Js Ac] (a pair of Aces)
Mahu2021 collected 560 from pot
NMAbadplayer finished the tournament in 2nd place
Mahu2021 wins the tournament and receives $4.00 - congratulations!
*** SUMMARY ***
Total pot 560 | Rake 0 
Board [4d Ts 3s 6h As]
Seat 1: Mahu2021 (button) (small blind) showed [Js Ac] and won (560) with a pair of Aces
Seat 3: NMAbadplayer (big blind) showed [9h 2h] and lost with high card Ace



