PokerStars Hand #248244986258: Tournament #3700397175, $1.84+$0.16 USD Hold'em No Limit - Level I (10/20) - 2024/01/13 13:41:29 CET [2024/01/13 7:41:29 ET]
Table '3700397175 1' 3-max Seat #1 is the button
Seat 1: chucho82 (500 in chips) 
Seat 2: wee boots422 (500 in chips) 
Seat 3: Mahu2021 (500 in chips) 
wee boots422: posts small blind 10
Mahu2021: posts big blind 20
*** HOLE CARDS ***
Dealt to Mahu2021 [2h Jh]
chucho82: raises 20 to 40
wee boots422: folds 
Mahu2021: calls 20
*** FLOP *** [Ks 8s 4d]
Mahu2021: checks 
chucho82: checks 
*** TURN *** [Ks 8s 4d] [Tc]
Mahu2021: checks 
chucho82: checks 
*** RIVER *** [Ks 8s 4d Tc] [2d]
Mahu2021: checks 
chucho82: checks 
*** SHOW DOWN ***
Mahu2021: shows [2h Jh] (a pair of Deuces)
chucho82: mucks hand 
Mahu2021 collected 90 from pot
*** SUMMARY ***
Total pot 90 | Rake 0 
Board [Ks 8s 4d Tc 2d]
Seat 1: chucho82 (button) mucked [Qc Ad]
Seat 2: wee boots422 (small blind) folded before Flop
Seat 3: Mahu2021 (big blind) showed [2h Jh] and won (90) with a pair of Deuces



PokerStars Hand #248244990771: Tournament #3700397175, $1.84+$0.16 USD Hold'em No Limit - Level I (10/20) - 2024/01/13 13:41:51 CET [2024/01/13 7:41:51 ET]
Table '3700397175 1' 3-max Seat #2 is the button
Seat 1: chucho82 (460 in chips) 
Seat 2: wee boots422 (490 in chips) 
Seat 3: Mahu2021 (550 in chips) 
Mahu2021: posts small blind 10
chucho82: posts big blind 20
*** HOLE CARDS ***
Dealt to Mahu2021 [6h 3d]
wee boots422: raises 20 to 40
Mahu2021: folds 
chucho82: calls 20
*** FLOP *** [Kc Ac Ts]
chucho82: checks 
wee boots422: bets 65
chucho82: folds 
Uncalled bet (65) returned to wee boots422
wee boots422 collected 90 from pot
*** SUMMARY ***
Total pot 90 | Rake 0 
Board [Kc Ac Ts]
Seat 1: chucho82 (big blind) folded on the Flop
Seat 2: wee boots422 (button) collected (90)
Seat 3: Mahu2021 (small blind) folded before Flop



PokerStars Hand #248244995314: Tournament #3700397175, $1.84+$0.16 USD Hold'em No Limit - Level I (10/20) - 2024/01/13 13:42:13 CET [2024/01/13 7:42:13 ET]
Table '3700397175 1' 3-max Seat #3 is the button
Seat 1: chucho82 (420 in chips) 
Seat 2: wee boots422 (540 in chips) 
Seat 3: Mahu2021 (540 in chips) 
chucho82: posts small blind 10
wee boots422: posts big blind 20
*** HOLE CARDS ***
Dealt to Mahu2021 [Ad 7d]
Mahu2021: calls 20
chucho82: calls 10
wee boots422: checks 
*** FLOP *** [Qh Qd Jh]
chucho82: checks 
wee boots422: bets 40
Mahu2021: folds 
chucho82: folds 
Uncalled bet (40) returned to wee boots422
wee boots422 collected 60 from pot
*** SUMMARY ***
Total pot 60 | Rake 0 
Board [Qh Qd Jh]
Seat 1: chucho82 (small blind) folded on the Flop
Seat 2: wee boots422 (big blind) collected (60)
Seat 3: Mahu2021 (button) folded on the Flop



PokerStars Hand #248245000703: Tournament #3700397175, $1.84+$0.16 USD Hold'em No Limit - Level I (10/20) - 2024/01/13 13:42:39 CET [2024/01/13 7:42:39 ET]
Table '3700397175 1' 3-max Seat #1 is the button
Seat 1: chucho82 (400 in chips) 
Seat 2: wee boots422 (580 in chips) 
Seat 3: Mahu2021 (520 in chips) 
wee boots422: posts small blind 10
Mahu2021: posts big blind 20
*** HOLE CARDS ***
Dealt to Mahu2021 [8d 2s]
chucho82: calls 20
wee boots422: calls 10
Mahu2021: checks 
*** FLOP *** [4s 7s 9h]
wee boots422: bets 20
Mahu2021: folds 
chucho82: calls 20
*** TURN *** [4s 7s 9h] [Jc]
wee boots422: bets 100
chucho82: folds 
Uncalled bet (100) returned to wee boots422
wee boots422 collected 100 from pot
*** SUMMARY ***
Total pot 100 | Rake 0 
Board [4s 7s 9h Jc]
Seat 1: chucho82 (button) folded on the Turn
Seat 2: wee boots422 (small blind) collected (100)
Seat 3: Mahu2021 (big blind) folded on the Flop



PokerStars Hand #248245006063: Tournament #3700397175, $1.84+$0.16 USD Hold'em No Limit - Level I (10/20) - 2024/01/13 13:43:05 CET [2024/01/13 7:43:05 ET]
Table '3700397175 1' 3-max Seat #2 is the button
Seat 1: chucho82 (360 in chips) 
Seat 2: wee boots422 (640 in chips) 
Seat 3: Mahu2021 (500 in chips) 
Mahu2021: posts small blind 10
chucho82: posts big blind 20
*** HOLE CARDS ***
Dealt to Mahu2021 [2h Tc]
wee boots422: calls 20
Mahu2021: folds 
chucho82: raises 340 to 360 and is all-in
wee boots422: folds [Ks]
Uncalled bet (340) returned to chucho82
chucho82 collected 50 from pot
chucho82: doesn't show hand 
*** SUMMARY ***
Total pot 50 | Rake 0 
Seat 1: chucho82 (big blind) collected (50)
Seat 2: wee boots422 (button) folded before Flop
Seat 3: Mahu2021 (small blind) folded before Flop



PokerStars Hand #248245008659: Tournament #3700397175, $1.84+$0.16 USD Hold'em No Limit - Level I (10/20) - 2024/01/13 13:43:17 CET [2024/01/13 7:43:17 ET]
Table '3700397175 1' 3-max Seat #3 is the button
Seat 1: chucho82 (390 in chips) 
Seat 2: wee boots422 (620 in chips) 
Seat 3: Mahu2021 (490 in chips) 
chucho82: posts small blind 10
wee boots422: posts big blind 20
*** HOLE CARDS ***
Dealt to Mahu2021 [8d Kc]
Mahu2021: folds 
chucho82: raises 20 to 40
wee boots422: calls 20
*** FLOP *** [As Ac 7s]
chucho82: bets 40
wee boots422: raises 160 to 200
chucho82: folds 
Uncalled bet (160) returned to wee boots422
wee boots422 collected 160 from pot
*** SUMMARY ***
Total pot 160 | Rake 0 
Board [As Ac 7s]
Seat 1: chucho82 (small blind) folded on the Flop
Seat 2: wee boots422 (big blind) collected (160)
Seat 3: Mahu2021 (button) folded before Flop (didn't bet)



PokerStars Hand #248245012579: Tournament #3700397175, $1.84+$0.16 USD Hold'em No Limit - Level I (10/20) - 2024/01/13 13:43:36 CET [2024/01/13 7:43:36 ET]
Table '3700397175 1' 3-max Seat #1 is the button
Seat 1: chucho82 (310 in chips) 
Seat 2: wee boots422 (700 in chips) 
Seat 3: Mahu2021 (490 in chips) 
wee boots422: posts small blind 10
Mahu2021: posts big blind 20
*** HOLE CARDS ***
Dealt to Mahu2021 [7s Qh]
chucho82: folds 
wee boots422: calls 10
Mahu2021: checks 
*** FLOP *** [Td 7c 3s]
wee boots422: bets 20
Mahu2021: calls 20
*** TURN *** [Td 7c 3s] [3h]
wee boots422: checks 
Mahu2021: checks 
*** RIVER *** [Td 7c 3s 3h] [Ts]
wee boots422: checks 
Mahu2021: checks 
*** SHOW DOWN ***
wee boots422: shows [Jc 7d] (two pair, Tens and Sevens)
Mahu2021: shows [7s Qh] (two pair, Tens and Sevens - Queen kicker)
Mahu2021 collected 80 from pot
*** SUMMARY ***
Total pot 80 | Rake 0 
Board [Td 7c 3s 3h Ts]
Seat 1: chucho82 (button) folded before Flop (didn't bet)
Seat 2: wee boots422 (small blind) showed [Jc 7d] and lost with two pair, Tens and Sevens
Seat 3: Mahu2021 (big blind) showed [7s Qh] and won (80) with two pair, Tens and Sevens



PokerStars Hand #248245016532: Tournament #3700397175, $1.84+$0.16 USD Hold'em No Limit - Level I (10/20) - 2024/01/13 13:43:55 CET [2024/01/13 7:43:55 ET]
Table '3700397175 1' 3-max Seat #2 is the button
Seat 1: chucho82 (310 in chips) 
Seat 2: wee boots422 (660 in chips) 
Seat 3: Mahu2021 (530 in chips) 
Mahu2021: posts small blind 10
chucho82: posts big blind 20
*** HOLE CARDS ***
Dealt to Mahu2021 [4d 3d]
wee boots422: raises 50 to 70
Mahu2021: folds 
chucho82: raises 240 to 310 and is all-in
wee boots422: calls 240
*** FLOP *** [3s 5h 4c]
*** TURN *** [3s 5h 4c] [7c]
*** RIVER *** [3s 5h 4c 7c] [Qc]
*** SHOW DOWN ***
chucho82: shows [Kd Qd] (a pair of Queens)
wee boots422: shows [Ac Kh] (high card Ace)
chucho82 collected 630 from pot
*** SUMMARY ***
Total pot 630 | Rake 0 
Board [3s 5h 4c 7c Qc]
Seat 1: chucho82 (big blind) showed [Kd Qd] and won (630) with a pair of Queens
Seat 2: wee boots422 (button) showed [Ac Kh] and lost with high card Ace
Seat 3: Mahu2021 (small blind) folded before Flop



PokerStars Hand #248245020384: Tournament #3700397175, $1.84+$0.16 USD Hold'em No Limit - Level I (10/20) - 2024/01/13 13:44:14 CET [2024/01/13 7:44:14 ET]
Table '3700397175 1' 3-max Seat #3 is the button
Seat 1: chucho82 (630 in chips) 
Seat 2: wee boots422 (350 in chips) 
Seat 3: Mahu2021 (520 in chips) 
chucho82: posts small blind 10
wee boots422: posts big blind 20
*** HOLE CARDS ***
Dealt to Mahu2021 [3d 6h]
Mahu2021: folds 
chucho82: calls 10
wee boots422: checks 
*** FLOP *** [3c 8d Ah]
chucho82: checks 
wee boots422: checks 
*** TURN *** [3c 8d Ah] [5c]
chucho82: checks 
wee boots422: bets 40
chucho82: folds 
Uncalled bet (40) returned to wee boots422
wee boots422 collected 40 from pot
*** SUMMARY ***
Total pot 40 | Rake 0 
Board [3c 8d Ah 5c]
Seat 1: chucho82 (small blind) folded on the Turn
Seat 2: wee boots422 (big blind) collected (40)
Seat 3: Mahu2021 (button) folded before Flop (didn't bet)



PokerStars Hand #248245026151: Tournament #3700397175, $1.84+$0.16 USD Hold'em No Limit - Level II (15/30) - 2024/01/13 13:44:42 CET [2024/01/13 7:44:42 ET]
Table '3700397175 1' 3-max Seat #1 is the button
Seat 1: chucho82 (610 in chips) 
Seat 2: wee boots422 (370 in chips) 
Seat 3: Mahu2021 (520 in chips) 
wee boots422: posts small blind 15
Mahu2021: posts big blind 30
*** HOLE CARDS ***
Dealt to Mahu2021 [Th Kd]
chucho82: calls 30
wee boots422: calls 15
Mahu2021: checks 
*** FLOP *** [3h 2d 5c]
wee boots422: checks 
Mahu2021: checks 
chucho82: checks 
*** TURN *** [3h 2d 5c] [8c]
wee boots422: bets 45
Mahu2021: folds 
chucho82: calls 45
*** RIVER *** [3h 2d 5c 8c] [7h]
wee boots422: checks 
chucho82: checks 
*** SHOW DOWN ***
wee boots422: shows [Qd 6h] (high card Queen)
chucho82: shows [2c Ac] (a pair of Deuces)
chucho82 collected 180 from pot
*** SUMMARY ***
Total pot 180 | Rake 0 
Board [3h 2d 5c 8c 7h]
Seat 1: chucho82 (button) showed [2c Ac] and won (180) with a pair of Deuces
Seat 2: wee boots422 (small blind) showed [Qd 6h] and lost with high card Queen
Seat 3: Mahu2021 (big blind) folded on the Turn



PokerStars Hand #248245032140: Tournament #3700397175, $1.84+$0.16 USD Hold'em No Limit - Level II (15/30) - 2024/01/13 13:45:10 CET [2024/01/13 7:45:10 ET]
Table '3700397175 1' 3-max Seat #2 is the button
Seat 1: chucho82 (715 in chips) 
Seat 2: wee boots422 (295 in chips) 
Seat 3: Mahu2021 (490 in chips) 
Mahu2021: posts small blind 15
chucho82: posts big blind 30
*** HOLE CARDS ***
Dealt to Mahu2021 [3c Qs]
wee boots422: calls 30
Mahu2021: folds 
chucho82: raises 685 to 715 and is all-in
wee boots422: folds 
Uncalled bet (685) returned to chucho82
chucho82 collected 75 from pot
chucho82: doesn't show hand 
*** SUMMARY ***
Total pot 75 | Rake 0 
Seat 1: chucho82 (big blind) collected (75)
Seat 2: wee boots422 (button) folded before Flop
Seat 3: Mahu2021 (small blind) folded before Flop



PokerStars Hand #248245034404: Tournament #3700397175, $1.84+$0.16 USD Hold'em No Limit - Level II (15/30) - 2024/01/13 13:45:21 CET [2024/01/13 7:45:21 ET]
Table '3700397175 1' 3-max Seat #3 is the button
Seat 1: chucho82 (760 in chips) 
Seat 2: wee boots422 (265 in chips) 
Seat 3: Mahu2021 (475 in chips) 
chucho82: posts small blind 15
wee boots422: posts big blind 30
*** HOLE CARDS ***
Dealt to Mahu2021 [Qd 9s]
Mahu2021: folds 
chucho82: folds 
Uncalled bet (15) returned to wee boots422
wee boots422 collected 30 from pot
*** SUMMARY ***
Total pot 30 | Rake 0 
Seat 1: chucho82 (small blind) folded before Flop
Seat 2: wee boots422 (big blind) collected (30)
Seat 3: Mahu2021 (button) folded before Flop (didn't bet)



PokerStars Hand #248245035952: Tournament #3700397175, $1.84+$0.16 USD Hold'em No Limit - Level II (15/30) - 2024/01/13 13:45:28 CET [2024/01/13 7:45:28 ET]
Table '3700397175 1' 3-max Seat #1 is the button
Seat 1: chucho82 (745 in chips) 
Seat 2: wee boots422 (280 in chips) 
Seat 3: Mahu2021 (475 in chips) 
wee boots422: posts small blind 15
Mahu2021: posts big blind 30
*** HOLE CARDS ***
Dealt to Mahu2021 [2c 6h]
chucho82: calls 30
wee boots422: calls 15
Mahu2021: checks 
*** FLOP *** [Ac 5s 4c]
wee boots422: bets 30
Mahu2021: calls 30
chucho82: folds 
*** TURN *** [Ac 5s 4c] [7h]
wee boots422: checks 
Mahu2021: bets 90
wee boots422: folds [5d]
Uncalled bet (90) returned to Mahu2021
Mahu2021 collected 150 from pot
Mahu2021: doesn't show hand 
*** SUMMARY ***
Total pot 150 | Rake 0 
Board [Ac 5s 4c 7h]
Seat 1: chucho82 (button) folded on the Flop
Seat 2: wee boots422 (small blind) folded on the Turn
Seat 3: Mahu2021 (big blind) collected (150)



PokerStars Hand #248245042925: Tournament #3700397175, $1.84+$0.16 USD Hold'em No Limit - Level II (15/30) - 2024/01/13 13:46:01 CET [2024/01/13 7:46:01 ET]
Table '3700397175 1' 3-max Seat #2 is the button
Seat 1: chucho82 (715 in chips) 
Seat 2: wee boots422 (220 in chips) 
Seat 3: Mahu2021 (565 in chips) 
Mahu2021: posts small blind 15
chucho82: posts big blind 30
*** HOLE CARDS ***
Dealt to Mahu2021 [5s 2h]
wee boots422: raises 190 to 220 and is all-in
Mahu2021: folds 
chucho82: calls 190
*** FLOP *** [6s 7d 6d]
*** TURN *** [6s 7d 6d] [6c]
*** RIVER *** [6s 7d 6d 6c] [2d]
*** SHOW DOWN ***
chucho82: shows [Jd 9d] (a flush, Jack high)
wee boots422: shows [Ah 7s] (a full house, Sixes full of Sevens)
wee boots422 collected 455 from pot
*** SUMMARY ***
Total pot 455 | Rake 0 
Board [6s 7d 6d 6c 2d]
Seat 1: chucho82 (big blind) showed [Jd 9d] and lost with a flush, Jack high
Seat 2: wee boots422 (button) showed [Ah 7s] and won (455) with a full house, Sixes full of Sevens
Seat 3: Mahu2021 (small blind) folded before Flop



PokerStars Hand #248245045593: Tournament #3700397175, $1.84+$0.16 USD Hold'em No Limit - Level II (15/30) - 2024/01/13 13:46:14 CET [2024/01/13 7:46:14 ET]
Table '3700397175 1' 3-max Seat #3 is the button
Seat 1: chucho82 (495 in chips) 
Seat 2: wee boots422 (455 in chips) 
Seat 3: Mahu2021 (550 in chips) 
chucho82: posts small blind 15
wee boots422: posts big blind 30
*** HOLE CARDS ***
Dealt to Mahu2021 [2s 9c]
Mahu2021: folds 
chucho82: raises 45 to 75
wee boots422: raises 380 to 455 and is all-in
chucho82: calls 380
*** FLOP *** [3h Js 5s]
*** TURN *** [3h Js 5s] [9s]
*** RIVER *** [3h Js 5s 9s] [7s]
*** SHOW DOWN ***
chucho82: shows [Kh 9h] (a pair of Nines)
wee boots422: shows [Qd Ad] (high card Ace)
chucho82 collected 910 from pot
wee boots422 finished the tournament in 3rd place
*** SUMMARY ***
Total pot 910 | Rake 0 
Board [3h Js 5s 9s 7s]
Seat 1: chucho82 (small blind) showed [Kh 9h] and won (910) with a pair of Nines
Seat 2: wee boots422 (big blind) showed [Qd Ad] and lost with high card Ace
Seat 3: Mahu2021 (button) folded before Flop (didn't bet)



PokerStars Hand #248245049722: Tournament #3700397175, $1.84+$0.16 USD Hold'em No Limit - Level II (15/30) - 2024/01/13 13:46:33 CET [2024/01/13 7:46:33 ET]
Table '3700397175 1' 3-max Seat #1 is the button
Seat 1: chucho82 (950 in chips) 
Seat 3: Mahu2021 (550 in chips) 
chucho82: posts small blind 15
Mahu2021: posts big blind 30
*** HOLE CARDS ***
Dealt to Mahu2021 [Ks 6c]
chucho82: calls 15
Mahu2021: checks 
*** FLOP *** [7h 2s As]
Mahu2021: checks 
chucho82: checks 
*** TURN *** [7h 2s As] [5c]
Mahu2021: checks 
chucho82: checks 
*** RIVER *** [7h 2s As 5c] [Qc]
Mahu2021: checks 
chucho82: bets 60
Mahu2021: folds 
Uncalled bet (60) returned to chucho82
chucho82 collected 60 from pot
chucho82: doesn't show hand 
*** SUMMARY ***
Total pot 60 | Rake 0 
Board [7h 2s As 5c Qc]
Seat 1: chucho82 (button) (small blind) collected (60)
Seat 3: Mahu2021 (big blind) folded on the River



PokerStars Hand #248245053096: Tournament #3700397175, $1.84+$0.16 USD Hold'em No Limit - Level II (15/30) - 2024/01/13 13:46:50 CET [2024/01/13 7:46:50 ET]
Table '3700397175 1' 3-max Seat #3 is the button
Seat 1: chucho82 (980 in chips) 
Seat 3: Mahu2021 (520 in chips) 
Mahu2021: posts small blind 15
chucho82: posts big blind 30
*** HOLE CARDS ***
Dealt to Mahu2021 [Jc 8s]
Mahu2021: calls 15
chucho82: checks 
*** FLOP *** [5s Td Ad]
chucho82: checks 
Mahu2021: bets 30
chucho82: folds 
Uncalled bet (30) returned to Mahu2021
Mahu2021 collected 60 from pot
Mahu2021: doesn't show hand 
*** SUMMARY ***
Total pot 60 | Rake 0 
Board [5s Td Ad]
Seat 1: chucho82 (big blind) folded on the Flop
Seat 3: Mahu2021 (button) (small blind) collected (60)



PokerStars Hand #248245055415: Tournament #3700397175, $1.84+$0.16 USD Hold'em No Limit - Level II (15/30) - 2024/01/13 13:47:01 CET [2024/01/13 7:47:01 ET]
Table '3700397175 1' 3-max Seat #1 is the button
Seat 1: chucho82 (950 in chips) 
Seat 3: Mahu2021 (550 in chips) 
chucho82: posts small blind 15
Mahu2021: posts big blind 30
*** HOLE CARDS ***
Dealt to Mahu2021 [Th Kh]
chucho82: raises 45 to 75
Mahu2021: calls 45
*** FLOP *** [Ac Qs 3d]
Mahu2021: checks 
chucho82: bets 75
Mahu2021: calls 75
*** TURN *** [Ac Qs 3d] [Jd]
Mahu2021: checks 
chucho82: checks 
*** RIVER *** [Ac Qs 3d Jd] [2c]
Mahu2021: bets 90
chucho82: folds 
Uncalled bet (90) returned to Mahu2021
Mahu2021 collected 300 from pot
Mahu2021: doesn't show hand 
*** SUMMARY ***
Total pot 300 | Rake 0 
Board [Ac Qs 3d Jd 2c]
Seat 1: chucho82 (button) (small blind) folded on the River
Seat 3: Mahu2021 (big blind) collected (300)



PokerStars Hand #248245059401: Tournament #3700397175, $1.84+$0.16 USD Hold'em No Limit - Level II (15/30) - 2024/01/13 13:47:20 CET [2024/01/13 7:47:20 ET]
Table '3700397175 1' 3-max Seat #3 is the button
Seat 1: chucho82 (800 in chips) 
Seat 3: Mahu2021 (700 in chips) 
Mahu2021: posts small blind 15
chucho82: posts big blind 30
*** HOLE CARDS ***
Dealt to Mahu2021 [As Ks]
Mahu2021: raises 30 to 60
chucho82: calls 30
*** FLOP *** [Th 2s Js]
chucho82: checks 
Mahu2021: bets 60
chucho82: folds 
Uncalled bet (60) returned to Mahu2021
Mahu2021 collected 120 from pot
Mahu2021: doesn't show hand 
*** SUMMARY ***
Total pot 120 | Rake 0 
Board [Th 2s Js]
Seat 1: chucho82 (big blind) folded on the Flop
Seat 3: Mahu2021 (button) (small blind) collected (120)



PokerStars Hand #248245062550: Tournament #3700397175, $1.84+$0.16 USD Hold'em No Limit - Level III (20/40) - 2024/01/13 13:47:35 CET [2024/01/13 7:47:35 ET]
Table '3700397175 1' 3-max Seat #1 is the button
Seat 1: chucho82 (740 in chips) 
Seat 3: Mahu2021 (760 in chips) 
chucho82: posts small blind 20
Mahu2021: posts big blind 40
*** HOLE CARDS ***
Dealt to Mahu2021 [9h 3h]
chucho82: calls 20
Mahu2021: checks 
*** FLOP *** [9c Kc Qc]
Mahu2021: checks 
chucho82: checks 
*** TURN *** [9c Kc Qc] [Tc]
Mahu2021: checks 
chucho82: checks 
*** RIVER *** [9c Kc Qc Tc] [7s]
Mahu2021: checks 
chucho82: checks 
*** SHOW DOWN ***
Mahu2021: shows [9h 3h] (a pair of Nines)
chucho82: shows [Js 8h] (a straight, Nine to King)
chucho82 collected 80 from pot
*** SUMMARY ***
Total pot 80 | Rake 0 
Board [9c Kc Qc Tc 7s]
Seat 1: chucho82 (button) (small blind) showed [Js 8h] and won (80) with a straight, Nine to King
Seat 3: Mahu2021 (big blind) showed [9h 3h] and lost with a pair of Nines



PokerStars Hand #248245065741: Tournament #3700397175, $1.84+$0.16 USD Hold'em No Limit - Level III (20/40) - 2024/01/13 13:47:50 CET [2024/01/13 7:47:50 ET]
Table '3700397175 1' 3-max Seat #3 is the button
Seat 1: chucho82 (780 in chips) 
Seat 3: Mahu2021 (720 in chips) 
Mahu2021: posts small blind 20
chucho82: posts big blind 40
*** HOLE CARDS ***
Dealt to Mahu2021 [7c Kh]
Mahu2021: calls 20
chucho82: checks 
*** FLOP *** [5s 3s Th]
chucho82: checks 
Mahu2021: bets 40
chucho82: folds 
Uncalled bet (40) returned to Mahu2021
Mahu2021 collected 80 from pot
Mahu2021: doesn't show hand 
*** SUMMARY ***
Total pot 80 | Rake 0 
Board [5s 3s Th]
Seat 1: chucho82 (big blind) folded on the Flop
Seat 3: Mahu2021 (button) (small blind) collected (80)



PokerStars Hand #248245068295: Tournament #3700397175, $1.84+$0.16 USD Hold'em No Limit - Level III (20/40) - 2024/01/13 13:48:03 CET [2024/01/13 7:48:03 ET]
Table '3700397175 1' 3-max Seat #1 is the button
Seat 1: chucho82 (740 in chips) 
Seat 3: Mahu2021 (760 in chips) 
chucho82: posts small blind 20
Mahu2021: posts big blind 40
*** HOLE CARDS ***
Dealt to Mahu2021 [Ac Ah]
chucho82: calls 20
Mahu2021: raises 720 to 760 and is all-in
chucho82: calls 700 and is all-in
Uncalled bet (20) returned to Mahu2021
*** FLOP *** [7d 3h Qh]
*** TURN *** [7d 3h Qh] [9s]
*** RIVER *** [7d 3h Qh 9s] [Js]
*** SHOW DOWN ***
Mahu2021: shows [Ac Ah] (a pair of Aces)
chucho82: shows [4s 4h] (a pair of Fours)
Mahu2021 collected 1480 from pot
chucho82 finished the tournament in 2nd place
Mahu2021 wins the tournament and receives $6.00 - congratulations!
*** SUMMARY ***
Total pot 1480 | Rake 0 
Board [7d 3h Qh 9s Js]
Seat 1: chucho82 (button) (small blind) showed [4s 4h] and lost with a pair of Fours
Seat 3: Mahu2021 (big blind) showed [Ac Ah] and won (1480) with a pair of Aces



