PokerStars Hand #252856461244: Tournament #3810286861, $1.84+$0.16 USD Hold'em No Limit - Level I (10/20) - 2024/10/10 12:45:28 CET [2024/10/10 6:45:28 ET]
Table '3810286861 1' 3-max Seat #1 is the button
Seat 1: Mahu2021 (500 in chips) 
Seat 2: Kleeblatt42 (500 in chips) 
Seat 3: J@hn B131 (500 in chips) 
Kleeblatt42: posts small blind 10
J@hn B131: posts big blind 20
*** HOLE CARDS ***
Dealt to Mahu2021 [3d Ac]
Mahu2021: calls 20
Kleeblatt42: folds 
J@hn B131: raises 20 to 40
Mahu2021: calls 20
*** FLOP *** [Kd 8c 6s]
J@hn B131: bets 120
Mahu2021: folds 
Uncalled bet (120) returned to J@hn B131
J@hn B131 collected 90 from pot
*** SUMMARY ***
Total pot 90 | Rake 0 
Board [Kd 8c 6s]
Seat 1: Mahu2021 (button) folded on the Flop
Seat 2: Kleeblatt42 (small blind) folded before Flop
Seat 3: J@hn B131 (big blind) collected (90)



PokerStars Hand #252856463218: Tournament #3810286861, $1.84+$0.16 USD Hold'em No Limit - Level I (10/20) - 2024/10/10 12:45:44 CET [2024/10/10 6:45:44 ET]
Table '3810286861 1' 3-max Seat #2 is the button
Seat 1: Mahu2021 (460 in chips) 
Seat 2: Kleeblatt42 (490 in chips) 
Seat 3: J@hn B131 (550 in chips) 
J@hn B131: posts small blind 10
Mahu2021: posts big blind 20
*** HOLE CARDS ***
Dealt to Mahu2021 [Qh Kd]
Kleeblatt42: folds 
J@hn B131: calls 10
Mahu2021: checks 
*** FLOP *** [9d 2s 8h]
J@hn B131: checks 
Mahu2021: checks 
*** TURN *** [9d 2s 8h] [3d]
J@hn B131: bets 20
Mahu2021: calls 20
*** RIVER *** [9d 2s 8h 3d] [6s]
J@hn B131: bets 20
Mahu2021: folds 
Uncalled bet (20) returned to J@hn B131
J@hn B131 collected 80 from pot
*** SUMMARY ***
Total pot 80 | Rake 0 
Board [9d 2s 8h 3d 6s]
Seat 1: Mahu2021 (big blind) folded on the River
Seat 2: Kleeblatt42 (button) folded before Flop (didn't bet)
Seat 3: J@hn B131 (small blind) collected (80)



PokerStars Hand #252856465538: Tournament #3810286861, $1.84+$0.16 USD Hold'em No Limit - Level I (10/20) - 2024/10/10 12:46:03 CET [2024/10/10 6:46:03 ET]
Table '3810286861 1' 3-max Seat #3 is the button
Seat 1: Mahu2021 (420 in chips) 
Seat 2: Kleeblatt42 (490 in chips) 
Seat 3: J@hn B131 (590 in chips) 
Mahu2021: posts small blind 10
Kleeblatt42: posts big blind 20
*** HOLE CARDS ***
Dealt to Mahu2021 [Ad 9c]
J@hn B131: folds 
Mahu2021: raises 40 to 60
Kleeblatt42: calls 40
*** FLOP *** [Qd 4d 3h]
Mahu2021: checks 
Kleeblatt42: bets 20
Mahu2021: calls 20
*** TURN *** [Qd 4d 3h] [5s]
Mahu2021: checks 
Kleeblatt42: checks 
*** RIVER *** [Qd 4d 3h 5s] [2h]
Mahu2021: bets 160
Kleeblatt42: folds 
Uncalled bet (160) returned to Mahu2021
Mahu2021 collected 160 from pot
Mahu2021: doesn't show hand 
*** SUMMARY ***
Total pot 160 | Rake 0 
Board [Qd 4d 3h 5s 2h]
Seat 1: Mahu2021 (small blind) collected (160)
Seat 2: Kleeblatt42 (big blind) folded on the River
Seat 3: J@hn B131 (button) folded before Flop (didn't bet)



PokerStars Hand #252856468274: Tournament #3810286861, $1.84+$0.16 USD Hold'em No Limit - Level I (10/20) - 2024/10/10 12:46:24 CET [2024/10/10 6:46:24 ET]
Table '3810286861 1' 3-max Seat #1 is the button
Seat 1: Mahu2021 (500 in chips) 
Seat 2: Kleeblatt42 (410 in chips) 
Seat 3: J@hn B131 (590 in chips) 
Kleeblatt42: posts small blind 10
J@hn B131: posts big blind 20
*** HOLE CARDS ***
Dealt to Mahu2021 [9d Jh]
Mahu2021: calls 20
Kleeblatt42: calls 10
J@hn B131: raises 200 to 220
Mahu2021: folds 
Kleeblatt42: folds 
Uncalled bet (200) returned to J@hn B131
J@hn B131 collected 60 from pot
*** SUMMARY ***
Total pot 60 | Rake 0 
Seat 1: Mahu2021 (button) folded before Flop
Seat 2: Kleeblatt42 (small blind) folded before Flop
Seat 3: J@hn B131 (big blind) collected (60)



PokerStars Hand #252856469844: Tournament #3810286861, $1.84+$0.16 USD Hold'em No Limit - Level I (10/20) - 2024/10/10 12:46:37 CET [2024/10/10 6:46:37 ET]
Table '3810286861 1' 3-max Seat #2 is the button
Seat 1: Mahu2021 (480 in chips) 
Seat 2: Kleeblatt42 (390 in chips) 
Seat 3: J@hn B131 (630 in chips) 
J@hn B131: posts small blind 10
Mahu2021: posts big blind 20
*** HOLE CARDS ***
Dealt to Mahu2021 [5s 5c]
Kleeblatt42: calls 20
J@hn B131: raises 20 to 40
Mahu2021: calls 20
Kleeblatt42: calls 20
*** FLOP *** [8s 2h 8c]
J@hn B131: checks 
Mahu2021: bets 120
Kleeblatt42: folds 
J@hn B131: calls 120
*** TURN *** [8s 2h 8c] [Kh]
J@hn B131: checks 
Mahu2021: bets 320 and is all-in
J@hn B131: calls 320
*** RIVER *** [8s 2h 8c Kh] [7d]
*** SHOW DOWN ***
J@hn B131: shows [6d 6h] (two pair, Eights and Sixes)
Mahu2021: shows [5s 5c] (two pair, Eights and Fives)
J@hn B131 collected 1000 from pot
Mahu2021 finished the tournament in 3rd place
*** SUMMARY ***
Total pot 1000 | Rake 0 
Board [8s 2h 8c Kh 7d]
Seat 1: Mahu2021 (big blind) showed [5s 5c] and lost with two pair, Eights and Fives
Seat 2: Kleeblatt42 (button) folded on the Flop
Seat 3: J@hn B131 (small blind) showed [6d 6h] and won (1000) with two pair, Eights and Sixes



