PokerStars Hand #247876661451: Tournament #3691696479, $1.84+$0.16 USD Hold'em No Limit - Level I (10/20) - 2023/12/26 15:22:22 CET [2023/12/26 9:22:22 ET]
Table '3691696479 1' 3-max Seat #1 is the button
Seat 1: Mahu2021 (500 in chips) 
Seat 2: panchito08 (500 in chips) 
Seat 3: martydoc (500 in chips) 
panchito08: posts small blind 10
martydoc: posts big blind 20
*** HOLE CARDS ***
Dealt to Mahu2021 [3s 8c]
Mahu2021: folds 
panchito08: calls 10
martydoc: raises 40 to 60
panchito08: folds 
Uncalled bet (40) returned to martydoc
martydoc collected 40 from pot
martydoc: doesn't show hand 
*** SUMMARY ***
Total pot 40 | Rake 0 
Seat 1: Mahu2021 (button) folded before Flop (didn't bet)
Seat 2: panchito08 (small blind) folded before Flop
Seat 3: martydoc (big blind) collected (40)



PokerStars Hand #247876664318: Tournament #3691696479, $1.84+$0.16 USD Hold'em No Limit - Level I (10/20) - 2023/12/26 15:22:34 CET [2023/12/26 9:22:34 ET]
Table '3691696479 1' 3-max Seat #2 is the button
Seat 1: Mahu2021 (500 in chips) 
Seat 2: panchito08 (480 in chips) 
Seat 3: martydoc (520 in chips) 
martydoc: posts small blind 10
Mahu2021: posts big blind 20
*** HOLE CARDS ***
Dealt to Mahu2021 [4c 9d]
panchito08: calls 20
martydoc: calls 10
Mahu2021: checks 
*** FLOP *** [2d 2h 8s]
martydoc: checks 
Mahu2021: checks 
panchito08: checks 
*** TURN *** [2d 2h 8s] [4s]
martydoc: checks 
Mahu2021: bets 40
panchito08: calls 40
martydoc: folds 
*** RIVER *** [2d 2h 8s 4s] [Ts]
Mahu2021: checks 
panchito08: checks 
*** SHOW DOWN ***
Mahu2021: shows [4c 9d] (two pair, Fours and Deuces)
panchito08: mucks hand 
Mahu2021 collected 140 from pot
*** SUMMARY ***
Total pot 140 | Rake 0 
Board [2d 2h 8s 4s Ts]
Seat 1: Mahu2021 (big blind) showed [4c 9d] and won (140) with two pair, Fours and Deuces
Seat 2: panchito08 (button) mucked [As 3d]
Seat 3: martydoc (small blind) folded on the Turn



PokerStars Hand #247876673200: Tournament #3691696479, $1.84+$0.16 USD Hold'em No Limit - Level I (10/20) - 2023/12/26 15:23:14 CET [2023/12/26 9:23:14 ET]
Table '3691696479 1' 3-max Seat #3 is the button
Seat 1: Mahu2021 (580 in chips) 
Seat 2: panchito08 (420 in chips) 
Seat 3: martydoc (500 in chips) 
Mahu2021: posts small blind 10
panchito08: posts big blind 20
*** HOLE CARDS ***
Dealt to Mahu2021 [3h As]
martydoc: folds 
Mahu2021: calls 10
panchito08: checks 
*** FLOP *** [7c 4h 2h]
Mahu2021: checks 
panchito08: checks 
*** TURN *** [7c 4h 2h] [2c]
Mahu2021: checks 
panchito08: checks 
*** RIVER *** [7c 4h 2h 2c] [8c]
Mahu2021: checks 
panchito08: checks 
*** SHOW DOWN ***
Mahu2021: shows [3h As] (a pair of Deuces)
panchito08: shows [Ac 3d] (a pair of Deuces)
Mahu2021 collected 20 from pot
panchito08 collected 20 from pot
*** SUMMARY ***
Total pot 40 | Rake 0 
Board [7c 4h 2h 2c 8c]
Seat 1: Mahu2021 (small blind) showed [3h As] and won (20) with a pair of Deuces
Seat 2: panchito08 (big blind) showed [Ac 3d] and won (20) with a pair of Deuces
Seat 3: martydoc (button) folded before Flop (didn't bet)



PokerStars Hand #247876677267: Tournament #3691696479, $1.84+$0.16 USD Hold'em No Limit - Level I (10/20) - 2023/12/26 15:23:31 CET [2023/12/26 9:23:31 ET]
Table '3691696479 1' 3-max Seat #1 is the button
Seat 1: Mahu2021 (580 in chips) 
Seat 2: panchito08 (420 in chips) 
Seat 3: martydoc (500 in chips) 
panchito08: posts small blind 10
martydoc: posts big blind 20
*** HOLE CARDS ***
Dealt to Mahu2021 [5c Qs]
Mahu2021: folds 
panchito08: calls 10
martydoc: checks 
*** FLOP *** [6s 8c 8s]
panchito08: checks 
martydoc: checks 
*** TURN *** [6s 8c 8s] [Ts]
panchito08: checks 
martydoc: checks 
*** RIVER *** [6s 8c 8s Ts] [Jc]
panchito08: checks 
martydoc: checks 
*** SHOW DOWN ***
panchito08: shows [Kd 3d] (a pair of Eights)
martydoc: mucks hand 
panchito08 collected 40 from pot
*** SUMMARY ***
Total pot 40 | Rake 0 
Board [6s 8c 8s Ts Jc]
Seat 1: Mahu2021 (button) folded before Flop (didn't bet)
Seat 2: panchito08 (small blind) showed [Kd 3d] and won (40) with a pair of Eights
Seat 3: martydoc (big blind) mucked [7d 3s]



PokerStars Hand #247876682902: Tournament #3691696479, $1.84+$0.16 USD Hold'em No Limit - Level I (10/20) - 2023/12/26 15:23:56 CET [2023/12/26 9:23:56 ET]
Table '3691696479 1' 3-max Seat #2 is the button
Seat 1: Mahu2021 (580 in chips) 
Seat 2: panchito08 (440 in chips) 
Seat 3: martydoc (480 in chips) 
martydoc: posts small blind 10
Mahu2021: posts big blind 20
*** HOLE CARDS ***
Dealt to Mahu2021 [2c As]
panchito08: folds 
martydoc: calls 10
Mahu2021: checks 
*** FLOP *** [6h 8h Kh]
martydoc: checks 
Mahu2021: checks 
*** TURN *** [6h 8h Kh] [8d]
martydoc: checks 
Mahu2021: checks 
*** RIVER *** [6h 8h Kh 8d] [Jc]
martydoc: checks 
Mahu2021: checks 
*** SHOW DOWN ***
martydoc: shows [Th 2s] (a pair of Eights)
Mahu2021: shows [2c As] (a pair of Eights - Ace kicker)
Mahu2021 collected 40 from pot
*** SUMMARY ***
Total pot 40 | Rake 0 
Board [6h 8h Kh 8d Jc]
Seat 1: Mahu2021 (big blind) showed [2c As] and won (40) with a pair of Eights
Seat 2: panchito08 (button) folded before Flop (didn't bet)
Seat 3: martydoc (small blind) showed [Th 2s] and lost with a pair of Eights



PokerStars Hand #247876686952: Tournament #3691696479, $1.84+$0.16 USD Hold'em No Limit - Level I (10/20) - 2023/12/26 15:24:14 CET [2023/12/26 9:24:14 ET]
Table '3691696479 1' 3-max Seat #3 is the button
Seat 1: Mahu2021 (600 in chips) 
Seat 2: panchito08 (440 in chips) 
Seat 3: martydoc (460 in chips) 
Mahu2021: posts small blind 10
panchito08: posts big blind 20
*** HOLE CARDS ***
Dealt to Mahu2021 [7c Qc]
martydoc: folds 
Mahu2021: calls 10
panchito08: checks 
*** FLOP *** [8c 5h As]
Mahu2021: checks 
panchito08: checks 
*** TURN *** [8c 5h As] [Th]
Mahu2021: checks 
panchito08: bets 40
Mahu2021: folds 
Uncalled bet (40) returned to panchito08
panchito08 collected 40 from pot
*** SUMMARY ***
Total pot 40 | Rake 0 
Board [8c 5h As Th]
Seat 1: Mahu2021 (small blind) folded on the Turn
Seat 2: panchito08 (big blind) collected (40)
Seat 3: martydoc (button) folded before Flop (didn't bet)



PokerStars Hand #247876691177: Tournament #3691696479, $1.84+$0.16 USD Hold'em No Limit - Level I (10/20) - 2023/12/26 15:24:33 CET [2023/12/26 9:24:33 ET]
Table '3691696479 1' 3-max Seat #1 is the button
Seat 1: Mahu2021 (580 in chips) 
Seat 2: panchito08 (460 in chips) 
Seat 3: martydoc (460 in chips) 
panchito08: posts small blind 10
martydoc: posts big blind 20
*** HOLE CARDS ***
Dealt to Mahu2021 [Ah Td]
Mahu2021: raises 20 to 40
panchito08: folds 
martydoc: calls 20
*** FLOP *** [3h Kh Js]
martydoc: checks 
Mahu2021: bets 40
martydoc: folds 
Uncalled bet (40) returned to Mahu2021
Mahu2021 collected 90 from pot
Mahu2021: doesn't show hand 
*** SUMMARY ***
Total pot 90 | Rake 0 
Board [3h Kh Js]
Seat 1: Mahu2021 (button) collected (90)
Seat 2: panchito08 (small blind) folded before Flop
Seat 3: martydoc (big blind) folded on the Flop



PokerStars Hand #247876696271: Tournament #3691696479, $1.84+$0.16 USD Hold'em No Limit - Level I (10/20) - 2023/12/26 15:24:55 CET [2023/12/26 9:24:55 ET]
Table '3691696479 1' 3-max Seat #2 is the button
Seat 1: Mahu2021 (630 in chips) 
Seat 2: panchito08 (450 in chips) 
Seat 3: martydoc (420 in chips) 
martydoc: posts small blind 10
Mahu2021: posts big blind 20
*** HOLE CARDS ***
Dealt to Mahu2021 [Td Ah]
panchito08: calls 20
martydoc: calls 10
Mahu2021: checks 
*** FLOP *** [3d Tc Jd]
martydoc: checks 
Mahu2021: checks 
panchito08: bets 60
martydoc: folds 
Mahu2021: folds 
Uncalled bet (60) returned to panchito08
panchito08 collected 60 from pot
*** SUMMARY ***
Total pot 60 | Rake 0 
Board [3d Tc Jd]
Seat 1: Mahu2021 (big blind) folded on the Flop
Seat 2: panchito08 (button) collected (60)
Seat 3: martydoc (small blind) folded on the Flop



PokerStars Hand #247876703126: Tournament #3691696479, $1.84+$0.16 USD Hold'em No Limit - Level II (15/30) - 2023/12/26 15:25:26 CET [2023/12/26 9:25:26 ET]
Table '3691696479 1' 3-max Seat #3 is the button
Seat 1: Mahu2021 (610 in chips) 
Seat 2: panchito08 (490 in chips) 
Seat 3: martydoc (400 in chips) 
Mahu2021: posts small blind 15
panchito08: posts big blind 30
*** HOLE CARDS ***
Dealt to Mahu2021 [6h 5c]
martydoc: folds 
Mahu2021: calls 15
panchito08: checks 
*** FLOP *** [Kc 2d 7s]
Mahu2021: checks 
panchito08: bets 60
Mahu2021: folds 
Uncalled bet (60) returned to panchito08
panchito08 collected 60 from pot
*** SUMMARY ***
Total pot 60 | Rake 0 
Board [Kc 2d 7s]
Seat 1: Mahu2021 (small blind) folded on the Flop
Seat 2: panchito08 (big blind) collected (60)
Seat 3: martydoc (button) folded before Flop (didn't bet)



PokerStars Hand #247876708206: Tournament #3691696479, $1.84+$0.16 USD Hold'em No Limit - Level II (15/30) - 2023/12/26 15:25:48 CET [2023/12/26 9:25:48 ET]
Table '3691696479 1' 3-max Seat #1 is the button
Seat 1: Mahu2021 (580 in chips) 
Seat 2: panchito08 (520 in chips) 
Seat 3: martydoc (400 in chips) 
panchito08: posts small blind 15
martydoc: posts big blind 30
*** HOLE CARDS ***
Dealt to Mahu2021 [Ks Kc]
Mahu2021: raises 550 to 580 and is all-in
panchito08: folds 
martydoc: calls 370 and is all-in
Uncalled bet (180) returned to Mahu2021
*** FLOP *** [Kh 9c 4d]
*** TURN *** [Kh 9c 4d] [Qs]
*** RIVER *** [Kh 9c 4d Qs] [6h]
*** SHOW DOWN ***
martydoc: shows [6s Ad] (a pair of Sixes)
Mahu2021: shows [Ks Kc] (three of a kind, Kings)
Mahu2021 collected 815 from pot
martydoc finished the tournament in 3rd place
*** SUMMARY ***
Total pot 815 | Rake 0 
Board [Kh 9c 4d Qs 6h]
Seat 1: Mahu2021 (button) showed [Ks Kc] and won (815) with three of a kind, Kings
Seat 2: panchito08 (small blind) folded before Flop
Seat 3: martydoc (big blind) showed [6s Ad] and lost with a pair of Sixes



PokerStars Hand #247876713805: Tournament #3691696479, $1.84+$0.16 USD Hold'em No Limit - Level II (15/30) - 2023/12/26 15:26:12 CET [2023/12/26 9:26:12 ET]
Table '3691696479 1' 3-max Seat #2 is the button
Seat 1: Mahu2021 (995 in chips) 
Seat 2: panchito08 (505 in chips) 
panchito08: posts small blind 15
Mahu2021: posts big blind 30
*** HOLE CARDS ***
Dealt to Mahu2021 [4s Jh]
panchito08: calls 15
Mahu2021: checks 
*** FLOP *** [7s 9h 4c]
Mahu2021: bets 30
panchito08: calls 30
*** TURN *** [7s 9h 4c] [7d]
Mahu2021: checks 
panchito08: checks 
*** RIVER *** [7s 9h 4c 7d] [Kc]
Mahu2021: checks 
panchito08: checks 
*** SHOW DOWN ***
Mahu2021: shows [4s Jh] (two pair, Sevens and Fours)
panchito08: mucks hand 
Mahu2021 collected 120 from pot
*** SUMMARY ***
Total pot 120 | Rake 0 
Board [7s 9h 4c 7d Kc]
Seat 1: Mahu2021 (big blind) showed [4s Jh] and won (120) with two pair, Sevens and Fours
Seat 2: panchito08 (button) (small blind) mucked [As 5d]



PokerStars Hand #247876718997: Tournament #3691696479, $1.84+$0.16 USD Hold'em No Limit - Level II (15/30) - 2023/12/26 15:26:36 CET [2023/12/26 9:26:36 ET]
Table '3691696479 1' 3-max Seat #1 is the button
Seat 1: Mahu2021 (1055 in chips) 
Seat 2: panchito08 (445 in chips) 
Mahu2021: posts small blind 15
panchito08: posts big blind 30
*** HOLE CARDS ***
Dealt to Mahu2021 [3d 2s]
Mahu2021: calls 15
panchito08: checks 
*** FLOP *** [5c 9h Ah]
panchito08: checks 
Mahu2021: bets 30
panchito08: folds 
Uncalled bet (30) returned to Mahu2021
Mahu2021 collected 60 from pot
Mahu2021: doesn't show hand 
*** SUMMARY ***
Total pot 60 | Rake 0 
Board [5c 9h Ah]
Seat 1: Mahu2021 (button) (small blind) collected (60)
Seat 2: panchito08 (big blind) folded on the Flop



PokerStars Hand #247876721747: Tournament #3691696479, $1.84+$0.16 USD Hold'em No Limit - Level II (15/30) - 2023/12/26 15:26:47 CET [2023/12/26 9:26:47 ET]
Table '3691696479 1' 3-max Seat #2 is the button
Seat 1: Mahu2021 (1085 in chips) 
Seat 2: panchito08 (415 in chips) 
panchito08: posts small blind 15
Mahu2021: posts big blind 30
*** HOLE CARDS ***
Dealt to Mahu2021 [Qh 7c]
panchito08: calls 15
Mahu2021: checks 
*** FLOP *** [9d Ah Qs]
Mahu2021: checks 
panchito08: bets 30
Mahu2021: calls 30
*** TURN *** [9d Ah Qs] [Ts]
Mahu2021: checks 
panchito08: checks 
*** RIVER *** [9d Ah Qs Ts] [4h]
Mahu2021: bets 60
panchito08: folds 
Uncalled bet (60) returned to Mahu2021
Mahu2021 collected 120 from pot
Mahu2021: doesn't show hand 
*** SUMMARY ***
Total pot 120 | Rake 0 
Board [9d Ah Qs Ts 4h]
Seat 1: Mahu2021 (big blind) collected (120)
Seat 2: panchito08 (button) (small blind) folded on the River



PokerStars Hand #247876727294: Tournament #3691696479, $1.84+$0.16 USD Hold'em No Limit - Level II (15/30) - 2023/12/26 15:27:12 CET [2023/12/26 9:27:12 ET]
Table '3691696479 1' 3-max Seat #1 is the button
Seat 1: Mahu2021 (1145 in chips) 
Seat 2: panchito08 (355 in chips) 
Mahu2021: posts small blind 15
panchito08: posts big blind 30
*** HOLE CARDS ***
Dealt to Mahu2021 [Js 5s]
Mahu2021: calls 15
panchito08: checks 
*** FLOP *** [3s Kd 9s]
panchito08: checks 
Mahu2021: bets 30
panchito08: folds 
Uncalled bet (30) returned to Mahu2021
Mahu2021 collected 60 from pot
Mahu2021: doesn't show hand 
*** SUMMARY ***
Total pot 60 | Rake 0 
Board [3s Kd 9s]
Seat 1: Mahu2021 (button) (small blind) collected (60)
Seat 2: panchito08 (big blind) folded on the Flop



PokerStars Hand #247876730152: Tournament #3691696479, $1.84+$0.16 USD Hold'em No Limit - Level II (15/30) - 2023/12/26 15:27:25 CET [2023/12/26 9:27:25 ET]
Table '3691696479 1' 3-max Seat #2 is the button
Seat 1: Mahu2021 (1175 in chips) 
Seat 2: panchito08 (325 in chips) 
panchito08: posts small blind 15
Mahu2021: posts big blind 30
*** HOLE CARDS ***
Dealt to Mahu2021 [9d Kd]
panchito08: calls 15
Mahu2021: raises 60 to 90
panchito08: folds 
Uncalled bet (60) returned to Mahu2021
Mahu2021 collected 60 from pot
Mahu2021: doesn't show hand 
*** SUMMARY ***
Total pot 60 | Rake 0 
Seat 1: Mahu2021 (big blind) collected (60)
Seat 2: panchito08 (button) (small blind) folded before Flop



PokerStars Hand #247876732121: Tournament #3691696479, $1.84+$0.16 USD Hold'em No Limit - Level II (15/30) - 2023/12/26 15:27:33 CET [2023/12/26 9:27:33 ET]
Table '3691696479 1' 3-max Seat #1 is the button
Seat 1: Mahu2021 (1205 in chips) 
Seat 2: panchito08 (295 in chips) 
Mahu2021: posts small blind 15
panchito08: posts big blind 30
*** HOLE CARDS ***
Dealt to Mahu2021 [9s 4c]
Mahu2021: folds 
Uncalled bet (15) returned to panchito08
panchito08 collected 30 from pot
*** SUMMARY ***
Total pot 30 | Rake 0 
Seat 1: Mahu2021 (button) (small blind) folded before Flop
Seat 2: panchito08 (big blind) collected (30)



PokerStars Hand #247876733257: Tournament #3691696479, $1.84+$0.16 USD Hold'em No Limit - Level II (15/30) - 2023/12/26 15:27:38 CET [2023/12/26 9:27:38 ET]
Table '3691696479 1' 3-max Seat #2 is the button
Seat 1: Mahu2021 (1190 in chips) 
Seat 2: panchito08 (310 in chips) 
panchito08: posts small blind 15
Mahu2021: posts big blind 30
*** HOLE CARDS ***
Dealt to Mahu2021 [Qs Ks]
panchito08: calls 15
Mahu2021: raises 60 to 90
panchito08: folds 
Uncalled bet (60) returned to Mahu2021
Mahu2021 collected 60 from pot
Mahu2021: doesn't show hand 
*** SUMMARY ***
Total pot 60 | Rake 0 
Seat 1: Mahu2021 (big blind) collected (60)
Seat 2: panchito08 (button) (small blind) folded before Flop



PokerStars Hand #247876735638: Tournament #3691696479, $1.84+$0.16 USD Hold'em No Limit - Level II (15/30) - 2023/12/26 15:27:49 CET [2023/12/26 9:27:49 ET]
Table '3691696479 1' 3-max Seat #1 is the button
Seat 1: Mahu2021 (1220 in chips) 
Seat 2: panchito08 (280 in chips) 
Mahu2021: posts small blind 15
panchito08: posts big blind 30
*** HOLE CARDS ***
Dealt to Mahu2021 [2h Jh]
Mahu2021: calls 15
panchito08: checks 
*** FLOP *** [7d As 9s]
panchito08: checks 
Mahu2021: checks 
*** TURN *** [7d As 9s] [6d]
panchito08: checks 
Mahu2021: checks 
*** RIVER *** [7d As 9s 6d] [2c]
panchito08: checks 
Mahu2021: checks 
*** SHOW DOWN ***
panchito08: shows [Kc 2d] (a pair of Deuces)
Mahu2021: mucks hand 
panchito08 collected 60 from pot
*** SUMMARY ***
Total pot 60 | Rake 0 
Board [7d As 9s 6d 2c]
Seat 1: Mahu2021 (button) (small blind) mucked [2h Jh]
Seat 2: panchito08 (big blind) showed [Kc 2d] and won (60) with a pair of Deuces



PokerStars Hand #247876739092: Tournament #3691696479, $1.84+$0.16 USD Hold'em No Limit - Level II (15/30) - 2023/12/26 15:28:04 CET [2023/12/26 9:28:04 ET]
Table '3691696479 1' 3-max Seat #2 is the button
Seat 1: Mahu2021 (1190 in chips) 
Seat 2: panchito08 (310 in chips) 
panchito08: posts small blind 15
Mahu2021: posts big blind 30
*** HOLE CARDS ***
Dealt to Mahu2021 [8s 3d]
panchito08: calls 15
Mahu2021: checks 
*** FLOP *** [Jh 8h 5d]
Mahu2021: checks 
panchito08: bets 30
Mahu2021: calls 30
*** TURN *** [Jh 8h 5d] [Td]
Mahu2021: checks 
panchito08: bets 250 and is all-in
Mahu2021: folds 
Uncalled bet (250) returned to panchito08
panchito08 collected 120 from pot
*** SUMMARY ***
Total pot 120 | Rake 0 
Board [Jh 8h 5d Td]
Seat 1: Mahu2021 (big blind) folded on the Turn
Seat 2: panchito08 (button) (small blind) collected (120)



PokerStars Hand #247876744270: Tournament #3691696479, $1.84+$0.16 USD Hold'em No Limit - Level III (20/40) - 2023/12/26 15:28:27 CET [2023/12/26 9:28:27 ET]
Table '3691696479 1' 3-max Seat #1 is the button
Seat 1: Mahu2021 (1130 in chips) 
Seat 2: panchito08 (370 in chips) 
Mahu2021: posts small blind 20
panchito08: posts big blind 40
*** HOLE CARDS ***
Dealt to Mahu2021 [3d 6h]
Mahu2021: calls 20
panchito08: checks 
*** FLOP *** [Ah Qd 4h]
panchito08: checks 
Mahu2021: bets 40
panchito08: folds 
Uncalled bet (40) returned to Mahu2021
Mahu2021 collected 80 from pot
Mahu2021: doesn't show hand 
*** SUMMARY ***
Total pot 80 | Rake 0 
Board [Ah Qd 4h]
Seat 1: Mahu2021 (button) (small blind) collected (80)
Seat 2: panchito08 (big blind) folded on the Flop



PokerStars Hand #247876747713: Tournament #3691696479, $1.84+$0.16 USD Hold'em No Limit - Level III (20/40) - 2023/12/26 15:28:42 CET [2023/12/26 9:28:42 ET]
Table '3691696479 1' 3-max Seat #2 is the button
Seat 1: Mahu2021 (1170 in chips) 
Seat 2: panchito08 (330 in chips) 
panchito08: posts small blind 20
Mahu2021: posts big blind 40
*** HOLE CARDS ***
Dealt to Mahu2021 [6s As]
panchito08: calls 20
Mahu2021: raises 80 to 120
panchito08: folds 
Uncalled bet (80) returned to Mahu2021
Mahu2021 collected 80 from pot
Mahu2021: doesn't show hand 
*** SUMMARY ***
Total pot 80 | Rake 0 
Seat 1: Mahu2021 (big blind) collected (80)
Seat 2: panchito08 (button) (small blind) folded before Flop



PokerStars Hand #247876749556: Tournament #3691696479, $1.84+$0.16 USD Hold'em No Limit - Level III (20/40) - 2023/12/26 15:28:50 CET [2023/12/26 9:28:50 ET]
Table '3691696479 1' 3-max Seat #1 is the button
Seat 1: Mahu2021 (1210 in chips) 
Seat 2: panchito08 (290 in chips) 
Mahu2021: posts small blind 20
panchito08: posts big blind 40
*** HOLE CARDS ***
Dealt to Mahu2021 [Ts 6d]
Mahu2021: calls 20
panchito08: raises 250 to 290 and is all-in
Mahu2021: folds 
Uncalled bet (250) returned to panchito08
panchito08 collected 80 from pot
*** SUMMARY ***
Total pot 80 | Rake 0 
Seat 1: Mahu2021 (button) (small blind) folded before Flop
Seat 2: panchito08 (big blind) collected (80)



PokerStars Hand #247876751953: Tournament #3691696479, $1.84+$0.16 USD Hold'em No Limit - Level III (20/40) - 2023/12/26 15:29:00 CET [2023/12/26 9:29:00 ET]
Table '3691696479 1' 3-max Seat #2 is the button
Seat 1: Mahu2021 (1170 in chips) 
Seat 2: panchito08 (330 in chips) 
panchito08: posts small blind 20
Mahu2021: posts big blind 40
*** HOLE CARDS ***
Dealt to Mahu2021 [7c Jd]
panchito08: calls 20
Mahu2021: checks 
*** FLOP *** [9c 7d 8c]
Mahu2021: checks 
panchito08: checks 
*** TURN *** [9c 7d 8c] [Th]
Mahu2021: checks 
panchito08: checks 
*** RIVER *** [9c 7d 8c Th] [2d]
Mahu2021: bets 80
panchito08: folds 
Uncalled bet (80) returned to Mahu2021
Mahu2021 collected 80 from pot
Mahu2021: doesn't show hand 
*** SUMMARY ***
Total pot 80 | Rake 0 
Board [9c 7d 8c Th 2d]
Seat 1: Mahu2021 (big blind) collected (80)
Seat 2: panchito08 (button) (small blind) folded on the River



PokerStars Hand #247876756803: Tournament #3691696479, $1.84+$0.16 USD Hold'em No Limit - Level III (20/40) - 2023/12/26 15:29:21 CET [2023/12/26 9:29:21 ET]
Table '3691696479 1' 3-max Seat #1 is the button
Seat 1: Mahu2021 (1210 in chips) 
Seat 2: panchito08 (290 in chips) 
Mahu2021: posts small blind 20
panchito08: posts big blind 40
*** HOLE CARDS ***
Dealt to Mahu2021 [Th 4s]
Mahu2021: folds 
Uncalled bet (20) returned to panchito08
panchito08 collected 40 from pot
*** SUMMARY ***
Total pot 40 | Rake 0 
Seat 1: Mahu2021 (button) (small blind) folded before Flop
Seat 2: panchito08 (big blind) collected (40)



PokerStars Hand #247876757961: Tournament #3691696479, $1.84+$0.16 USD Hold'em No Limit - Level III (20/40) - 2023/12/26 15:29:26 CET [2023/12/26 9:29:26 ET]
Table '3691696479 1' 3-max Seat #2 is the button
Seat 1: Mahu2021 (1190 in chips) 
Seat 2: panchito08 (310 in chips) 
panchito08: posts small blind 20
Mahu2021: posts big blind 40
*** HOLE CARDS ***
Dealt to Mahu2021 [Qd 4h]
panchito08: raises 270 to 310 and is all-in
Mahu2021: folds 
Uncalled bet (270) returned to panchito08
panchito08 collected 80 from pot
*** SUMMARY ***
Total pot 80 | Rake 0 
Seat 1: Mahu2021 (big blind) folded before Flop
Seat 2: panchito08 (button) (small blind) collected (80)



PokerStars Hand #247876759657: Tournament #3691696479, $1.84+$0.16 USD Hold'em No Limit - Level III (20/40) - 2023/12/26 15:29:34 CET [2023/12/26 9:29:34 ET]
Table '3691696479 1' 3-max Seat #1 is the button
Seat 1: Mahu2021 (1150 in chips) 
Seat 2: panchito08 (350 in chips) 
Mahu2021: posts small blind 20
panchito08: posts big blind 40
*** HOLE CARDS ***
Dealt to Mahu2021 [Ad 6s]
Mahu2021: calls 20
panchito08: raises 310 to 350 and is all-in
Mahu2021: calls 310
*** FLOP *** [Td 3d 3s]
*** TURN *** [Td 3d 3s] [7s]
*** RIVER *** [Td 3d 3s 7s] [Th]
*** SHOW DOWN ***
panchito08: shows [Ac 4d] (two pair, Tens and Threes)
Mahu2021: shows [Ad 6s] (two pair, Tens and Threes)
panchito08 collected 350 from pot
Mahu2021 collected 350 from pot
*** SUMMARY ***
Total pot 700 | Rake 0 
Board [Td 3d 3s 7s Th]
Seat 1: Mahu2021 (button) (small blind) showed [Ad 6s] and won (350) with two pair, Tens and Threes
Seat 2: panchito08 (big blind) showed [Ac 4d] and won (350) with two pair, Tens and Threes



PokerStars Hand #247876763736: Tournament #3691696479, $1.84+$0.16 USD Hold'em No Limit - Level III (20/40) - 2023/12/26 15:29:52 CET [2023/12/26 9:29:52 ET]
Table '3691696479 1' 3-max Seat #2 is the button
Seat 1: Mahu2021 (1150 in chips) 
Seat 2: panchito08 (350 in chips) 
panchito08: posts small blind 20
Mahu2021: posts big blind 40
*** HOLE CARDS ***
Dealt to Mahu2021 [4s 8s]
panchito08: folds 
Uncalled bet (20) returned to Mahu2021
Mahu2021 collected 40 from pot
Mahu2021: doesn't show hand 
*** SUMMARY ***
Total pot 40 | Rake 0 
Seat 1: Mahu2021 (big blind) collected (40)
Seat 2: panchito08 (button) (small blind) folded before Flop



PokerStars Hand #247876764952: Tournament #3691696479, $1.84+$0.16 USD Hold'em No Limit - Level III (20/40) - 2023/12/26 15:29:57 CET [2023/12/26 9:29:57 ET]
Table '3691696479 1' 3-max Seat #1 is the button
Seat 1: Mahu2021 (1170 in chips) 
Seat 2: panchito08 (330 in chips) 
Mahu2021: posts small blind 20
panchito08: posts big blind 40
*** HOLE CARDS ***
Dealt to Mahu2021 [9c Ts]
Mahu2021: calls 20
panchito08: checks 
*** FLOP *** [Jc 2d 9h]
panchito08: checks 
Mahu2021: bets 40
panchito08: calls 40
*** TURN *** [Jc 2d 9h] [4s]
panchito08: checks 
Mahu2021: bets 160
panchito08: folds 
Uncalled bet (160) returned to Mahu2021
Mahu2021 collected 160 from pot
Mahu2021: doesn't show hand 
*** SUMMARY ***
Total pot 160 | Rake 0 
Board [Jc 2d 9h 4s]
Seat 1: Mahu2021 (button) (small blind) collected (160)
Seat 2: panchito08 (big blind) folded on the Turn



PokerStars Hand #247876770251: Tournament #3691696479, $1.84+$0.16 USD Hold'em No Limit - Level III (20/40) - 2023/12/26 15:30:20 CET [2023/12/26 9:30:20 ET]
Table '3691696479 1' 3-max Seat #2 is the button
Seat 1: Mahu2021 (1250 in chips) 
Seat 2: panchito08 (250 in chips) 
panchito08: posts small blind 20
Mahu2021: posts big blind 40
*** HOLE CARDS ***
Dealt to Mahu2021 [As Ah]
panchito08: calls 20
Mahu2021: raises 1210 to 1250 and is all-in
panchito08: folds 
Uncalled bet (1210) returned to Mahu2021
Mahu2021 collected 80 from pot
Mahu2021: doesn't show hand 
*** SUMMARY ***
Total pot 80 | Rake 0 
Seat 1: Mahu2021 (big blind) collected (80)
Seat 2: panchito08 (button) (small blind) folded before Flop



PokerStars Hand #247876772428: Tournament #3691696479, $1.84+$0.16 USD Hold'em No Limit - Level III (20/40) - 2023/12/26 15:30:30 CET [2023/12/26 9:30:30 ET]
Table '3691696479 1' 3-max Seat #1 is the button
Seat 1: Mahu2021 (1290 in chips) 
Seat 2: panchito08 (210 in chips) 
Mahu2021: posts small blind 20
panchito08: posts big blind 40
*** HOLE CARDS ***
Dealt to Mahu2021 [Jh 2s]
Mahu2021: calls 20
panchito08: raises 170 to 210 and is all-in
Mahu2021: folds 
Uncalled bet (170) returned to panchito08
panchito08 collected 80 from pot
*** SUMMARY ***
Total pot 80 | Rake 0 
Seat 1: Mahu2021 (button) (small blind) folded before Flop
Seat 2: panchito08 (big blind) collected (80)



PokerStars Hand #247876774848: Tournament #3691696479, $1.84+$0.16 USD Hold'em No Limit - Level III (20/40) - 2023/12/26 15:30:40 CET [2023/12/26 9:30:40 ET]
Table '3691696479 1' 3-max Seat #2 is the button
Seat 1: Mahu2021 (1250 in chips) 
Seat 2: panchito08 (250 in chips) 
panchito08: posts small blind 20
Mahu2021: posts big blind 40
*** HOLE CARDS ***
Dealt to Mahu2021 [Jc 7c]
panchito08: calls 20
Mahu2021: checks 
*** FLOP *** [Qc 4d Ah]
Mahu2021: checks 
panchito08: checks 
*** TURN *** [Qc 4d Ah] [Qh]
Mahu2021: bets 40
panchito08: folds 
Uncalled bet (40) returned to Mahu2021
Mahu2021 collected 80 from pot
Mahu2021: doesn't show hand 
*** SUMMARY ***
Total pot 80 | Rake 0 
Board [Qc 4d Ah Qh]
Seat 1: Mahu2021 (big blind) collected (80)
Seat 2: panchito08 (button) (small blind) folded on the Turn



PokerStars Hand #247876780452: Tournament #3691696479, $1.84+$0.16 USD Hold'em No Limit - Level III (20/40) - 2023/12/26 15:31:04 CET [2023/12/26 9:31:04 ET]
Table '3691696479 1' 3-max Seat #1 is the button
Seat 1: Mahu2021 (1290 in chips) 
Seat 2: panchito08 (210 in chips) 
Mahu2021: posts small blind 20
panchito08: posts big blind 40
*** HOLE CARDS ***
Dealt to Mahu2021 [9s 2d]
Mahu2021: folds 
Uncalled bet (20) returned to panchito08
panchito08 collected 40 from pot
*** SUMMARY ***
Total pot 40 | Rake 0 
Seat 1: Mahu2021 (button) (small blind) folded before Flop
Seat 2: panchito08 (big blind) collected (40)



PokerStars Hand #247876781949: Tournament #3691696479, $1.84+$0.16 USD Hold'em No Limit - Level III (20/40) - 2023/12/26 15:31:11 CET [2023/12/26 9:31:11 ET]
Table '3691696479 1' 3-max Seat #2 is the button
Seat 1: Mahu2021 (1270 in chips) 
Seat 2: panchito08 (230 in chips) 
panchito08: posts small blind 20
Mahu2021: posts big blind 40
*** HOLE CARDS ***
Dealt to Mahu2021 [Ts 9d]
panchito08: calls 20
Mahu2021: checks 
*** FLOP *** [5s Th Jh]
Mahu2021: checks 
panchito08: checks 
*** TURN *** [5s Th Jh] [2h]
Mahu2021: checks 
panchito08: checks 
*** RIVER *** [5s Th Jh 2h] [9s]
Mahu2021: bets 80
panchito08: folds 
Uncalled bet (80) returned to Mahu2021
Mahu2021 collected 80 from pot
Mahu2021: doesn't show hand 
*** SUMMARY ***
Total pot 80 | Rake 0 
Board [5s Th Jh 2h 9s]
Seat 1: Mahu2021 (big blind) collected (80)
Seat 2: panchito08 (button) (small blind) folded on the River



PokerStars Hand #247876786630: Tournament #3691696479, $1.84+$0.16 USD Hold'em No Limit - Level IV (30/60) - 2023/12/26 15:31:31 CET [2023/12/26 9:31:31 ET]
Table '3691696479 1' 3-max Seat #1 is the button
Seat 1: Mahu2021 (1310 in chips) 
Seat 2: panchito08 (190 in chips) 
Mahu2021: posts small blind 30
panchito08: posts big blind 60
*** HOLE CARDS ***
Dealt to Mahu2021 [5c 2h]
Mahu2021: folds 
Uncalled bet (30) returned to panchito08
panchito08 collected 60 from pot
*** SUMMARY ***
Total pot 60 | Rake 0 
Seat 1: Mahu2021 (button) (small blind) folded before Flop
Seat 2: panchito08 (big blind) collected (60)



PokerStars Hand #247876788027: Tournament #3691696479, $1.84+$0.16 USD Hold'em No Limit - Level IV (30/60) - 2023/12/26 15:31:37 CET [2023/12/26 9:31:37 ET]
Table '3691696479 1' 3-max Seat #2 is the button
Seat 1: Mahu2021 (1280 in chips) 
Seat 2: panchito08 (220 in chips) 
panchito08: posts small blind 30
Mahu2021: posts big blind 60
*** HOLE CARDS ***
Dealt to Mahu2021 [7h 7s]
panchito08: calls 30
Mahu2021: raises 1220 to 1280 and is all-in
panchito08: calls 160 and is all-in
Uncalled bet (1060) returned to Mahu2021
*** FLOP *** [Qh Jh 7d]
*** TURN *** [Qh Jh 7d] [Td]
*** RIVER *** [Qh Jh 7d Td] [Kh]
*** SHOW DOWN ***
Mahu2021: shows [7h 7s] (three of a kind, Sevens)
panchito08: shows [Qs 9h] (a straight, Nine to King)
panchito08 collected 440 from pot
*** SUMMARY ***
Total pot 440 | Rake 0 
Board [Qh Jh 7d Td Kh]
Seat 1: Mahu2021 (big blind) showed [7h 7s] and lost with three of a kind, Sevens
Seat 2: panchito08 (button) (small blind) showed [Qs 9h] and won (440) with a straight, Nine to King



PokerStars Hand #247876792632: Tournament #3691696479, $1.84+$0.16 USD Hold'em No Limit - Level IV (30/60) - 2023/12/26 15:31:57 CET [2023/12/26 9:31:57 ET]
Table '3691696479 1' 3-max Seat #1 is the button
Seat 1: Mahu2021 (1060 in chips) 
Seat 2: panchito08 (440 in chips) 
Mahu2021: posts small blind 30
panchito08: posts big blind 60
*** HOLE CARDS ***
Dealt to Mahu2021 [9h 2d]
Mahu2021: folds 
Uncalled bet (30) returned to panchito08
panchito08 collected 60 from pot
*** SUMMARY ***
Total pot 60 | Rake 0 
Seat 1: Mahu2021 (button) (small blind) folded before Flop
Seat 2: panchito08 (big blind) collected (60)



PokerStars Hand #247876794277: Tournament #3691696479, $1.84+$0.16 USD Hold'em No Limit - Level IV (30/60) - 2023/12/26 15:32:04 CET [2023/12/26 9:32:04 ET]
Table '3691696479 1' 3-max Seat #2 is the button
Seat 1: Mahu2021 (1030 in chips) 
Seat 2: panchito08 (470 in chips) 
panchito08: posts small blind 30
Mahu2021: posts big blind 60
*** HOLE CARDS ***
Dealt to Mahu2021 [3c 7s]
panchito08: calls 30
Mahu2021: checks 
*** FLOP *** [2s 2c 2h]
Mahu2021: checks 
panchito08: checks 
*** TURN *** [2s 2c 2h] [4h]
Mahu2021: checks 
panchito08: checks 
*** RIVER *** [2s 2c 2h 4h] [Ac]
Mahu2021: checks 
panchito08: checks 
*** SHOW DOWN ***
Mahu2021: shows [3c 7s] (three of a kind, Deuces)
panchito08: shows [Th 8c] (three of a kind, Deuces - Ace+Ten kicker)
panchito08 collected 120 from pot
*** SUMMARY ***
Total pot 120 | Rake 0 
Board [2s 2c 2h 4h Ac]
Seat 1: Mahu2021 (big blind) showed [3c 7s] and lost with three of a kind, Deuces
Seat 2: panchito08 (button) (small blind) showed [Th 8c] and won (120) with three of a kind, Deuces



PokerStars Hand #247876799809: Tournament #3691696479, $1.84+$0.16 USD Hold'em No Limit - Level IV (30/60) - 2023/12/26 15:32:28 CET [2023/12/26 9:32:28 ET]
Table '3691696479 1' 3-max Seat #1 is the button
Seat 1: Mahu2021 (970 in chips) 
Seat 2: panchito08 (530 in chips) 
Mahu2021: posts small blind 30
panchito08: posts big blind 60
*** HOLE CARDS ***
Dealt to Mahu2021 [5d 7c]
Mahu2021: folds 
Uncalled bet (30) returned to panchito08
panchito08 collected 60 from pot
*** SUMMARY ***
Total pot 60 | Rake 0 
Seat 1: Mahu2021 (button) (small blind) folded before Flop
Seat 2: panchito08 (big blind) collected (60)



PokerStars Hand #247876800904: Tournament #3691696479, $1.84+$0.16 USD Hold'em No Limit - Level IV (30/60) - 2023/12/26 15:32:33 CET [2023/12/26 9:32:33 ET]
Table '3691696479 1' 3-max Seat #2 is the button
Seat 1: Mahu2021 (940 in chips) 
Seat 2: panchito08 (560 in chips) 
panchito08: posts small blind 30
Mahu2021: posts big blind 60
*** HOLE CARDS ***
Dealt to Mahu2021 [Jh Kh]
panchito08: calls 30
Mahu2021: raises 120 to 180
panchito08: folds 
Uncalled bet (120) returned to Mahu2021
Mahu2021 collected 120 from pot
Mahu2021: doesn't show hand 
*** SUMMARY ***
Total pot 120 | Rake 0 
Seat 1: Mahu2021 (big blind) collected (120)
Seat 2: panchito08 (button) (small blind) folded before Flop



PokerStars Hand #247876803034: Tournament #3691696479, $1.84+$0.16 USD Hold'em No Limit - Level IV (30/60) - 2023/12/26 15:32:42 CET [2023/12/26 9:32:42 ET]
Table '3691696479 1' 3-max Seat #1 is the button
Seat 1: Mahu2021 (1000 in chips) 
Seat 2: panchito08 (500 in chips) 
Mahu2021: posts small blind 30
panchito08: posts big blind 60
*** HOLE CARDS ***
Dealt to Mahu2021 [Kc 2c]
Mahu2021: raises 60 to 120
panchito08: calls 60
*** FLOP *** [3s 8h 9h]
panchito08: checks 
Mahu2021: checks 
*** TURN *** [3s 8h 9h] [Jd]
panchito08: bets 380 and is all-in
Mahu2021: folds 
Uncalled bet (380) returned to panchito08
panchito08 collected 240 from pot
*** SUMMARY ***
Total pot 240 | Rake 0 
Board [3s 8h 9h Jd]
Seat 1: Mahu2021 (button) (small blind) folded on the Turn
Seat 2: panchito08 (big blind) collected (240)



PokerStars Hand #247876807098: Tournament #3691696479, $1.84+$0.16 USD Hold'em No Limit - Level IV (30/60) - 2023/12/26 15:32:59 CET [2023/12/26 9:32:59 ET]
Table '3691696479 1' 3-max Seat #2 is the button
Seat 1: Mahu2021 (880 in chips) 
Seat 2: panchito08 (620 in chips) 
panchito08: posts small blind 30
Mahu2021: posts big blind 60
*** HOLE CARDS ***
Dealt to Mahu2021 [7s 4c]
panchito08: calls 30
Mahu2021: checks 
*** FLOP *** [2h Th 8h]
Mahu2021: checks 
panchito08: checks 
*** TURN *** [2h Th 8h] [6d]
Mahu2021: bets 60
panchito08: calls 60
*** RIVER *** [2h Th 8h 6d] [Td]
Mahu2021: checks 
panchito08: checks 
*** SHOW DOWN ***
Mahu2021: shows [7s 4c] (a pair of Tens)
panchito08: shows [Jd As] (a pair of Tens - Ace kicker)
panchito08 collected 240 from pot
*** SUMMARY ***
Total pot 240 | Rake 0 
Board [2h Th 8h 6d Td]
Seat 1: Mahu2021 (big blind) showed [7s 4c] and lost with a pair of Tens
Seat 2: panchito08 (button) (small blind) showed [Jd As] and won (240) with a pair of Tens



PokerStars Hand #247876812143: Tournament #3691696479, $1.84+$0.16 USD Hold'em No Limit - Level IV (30/60) - 2023/12/26 15:33:21 CET [2023/12/26 9:33:21 ET]
Table '3691696479 1' 3-max Seat #1 is the button
Seat 1: Mahu2021 (760 in chips) 
Seat 2: panchito08 (740 in chips) 
Mahu2021: posts small blind 30
panchito08: posts big blind 60
*** HOLE CARDS ***
Dealt to Mahu2021 [Ks 8s]
Mahu2021: raises 60 to 120
panchito08: calls 60
*** FLOP *** [5d 3c 3s]
panchito08: checks 
Mahu2021: checks 
*** TURN *** [5d 3c 3s] [6h]
panchito08: checks 
Mahu2021: bets 60
panchito08: calls 60
*** RIVER *** [5d 3c 3s 6h] [5h]
panchito08: checks 
Mahu2021: bets 580 and is all-in
panchito08: folds 
Uncalled bet (580) returned to Mahu2021
Mahu2021 collected 360 from pot
Mahu2021: doesn't show hand 
*** SUMMARY ***
Total pot 360 | Rake 0 
Board [5d 3c 3s 6h 5h]
Seat 1: Mahu2021 (button) (small blind) collected (360)
Seat 2: panchito08 (big blind) folded on the River



PokerStars Hand #247876822225: Tournament #3691696479, $1.84+$0.16 USD Hold'em No Limit - Level IV (30/60) - 2023/12/26 15:34:04 CET [2023/12/26 9:34:04 ET]
Table '3691696479 1' 3-max Seat #2 is the button
Seat 1: Mahu2021 (940 in chips) 
Seat 2: panchito08 (560 in chips) 
panchito08: posts small blind 30
Mahu2021: posts big blind 60
*** HOLE CARDS ***
Dealt to Mahu2021 [7s 9s]
panchito08: raises 500 to 560 and is all-in
Mahu2021: folds 
Uncalled bet (500) returned to panchito08
panchito08 collected 120 from pot
*** SUMMARY ***
Total pot 120 | Rake 0 
Seat 1: Mahu2021 (big blind) folded before Flop
Seat 2: panchito08 (button) (small blind) collected (120)



PokerStars Hand #247876824212: Tournament #3691696479, $1.84+$0.16 USD Hold'em No Limit - Level IV (30/60) - 2023/12/26 15:34:12 CET [2023/12/26 9:34:12 ET]
Table '3691696479 1' 3-max Seat #1 is the button
Seat 1: Mahu2021 (880 in chips) 
Seat 2: panchito08 (620 in chips) 
Mahu2021: posts small blind 30
panchito08: posts big blind 60
*** HOLE CARDS ***
Dealt to Mahu2021 [5c Jh]
Mahu2021: folds 
Uncalled bet (30) returned to panchito08
panchito08 collected 60 from pot
*** SUMMARY ***
Total pot 60 | Rake 0 
Seat 1: Mahu2021 (button) (small blind) folded before Flop
Seat 2: panchito08 (big blind) collected (60)



PokerStars Hand #247876825483: Tournament #3691696479, $1.84+$0.16 USD Hold'em No Limit - Level IV (30/60) - 2023/12/26 15:34:17 CET [2023/12/26 9:34:17 ET]
Table '3691696479 1' 3-max Seat #2 is the button
Seat 1: Mahu2021 (850 in chips) 
Seat 2: panchito08 (650 in chips) 
panchito08: posts small blind 30
Mahu2021: posts big blind 60
*** HOLE CARDS ***
Dealt to Mahu2021 [3h 4s]
panchito08: folds 
Uncalled bet (30) returned to Mahu2021
Mahu2021 collected 60 from pot
Mahu2021: doesn't show hand 
*** SUMMARY ***
Total pot 60 | Rake 0 
Seat 1: Mahu2021 (big blind) collected (60)
Seat 2: panchito08 (button) (small blind) folded before Flop



PokerStars Hand #247876826745: Tournament #3691696479, $1.84+$0.16 USD Hold'em No Limit - Level IV (30/60) - 2023/12/26 15:34:23 CET [2023/12/26 9:34:23 ET]
Table '3691696479 1' 3-max Seat #1 is the button
Seat 1: Mahu2021 (880 in chips) 
Seat 2: panchito08 (620 in chips) 
Mahu2021: posts small blind 30
panchito08: posts big blind 60
*** HOLE CARDS ***
Dealt to Mahu2021 [Js 9h]
Mahu2021: calls 30
panchito08: checks 
*** FLOP *** [5s 2s 3c]
panchito08: checks 
Mahu2021: checks 
*** TURN *** [5s 2s 3c] [Jd]
panchito08: bets 60
Mahu2021: calls 60
*** RIVER *** [5s 2s 3c Jd] [7s]
panchito08: bets 120
Mahu2021: calls 120
*** SHOW DOWN ***
panchito08: shows [3s 4s] (a flush, Seven high)
Mahu2021: mucks hand 
panchito08 collected 480 from pot
*** SUMMARY ***
Total pot 480 | Rake 0 
Board [5s 2s 3c Jd 7s]
Seat 1: Mahu2021 (button) (small blind) mucked [Js 9h]
Seat 2: panchito08 (big blind) showed [3s 4s] and won (480) with a flush, Seven high



PokerStars Hand #247876832311: Tournament #3691696479, $1.84+$0.16 USD Hold'em No Limit - Level V (40/80) - 2023/12/26 15:34:47 CET [2023/12/26 9:34:47 ET]
Table '3691696479 1' 3-max Seat #2 is the button
Seat 1: Mahu2021 (640 in chips) 
Seat 2: panchito08 (860 in chips) 
panchito08: posts small blind 40
Mahu2021: posts big blind 80
*** HOLE CARDS ***
Dealt to Mahu2021 [4s Qh]
panchito08: folds 
Uncalled bet (40) returned to Mahu2021
Mahu2021 collected 80 from pot
Mahu2021: doesn't show hand 
*** SUMMARY ***
Total pot 80 | Rake 0 
Seat 1: Mahu2021 (big blind) collected (80)
Seat 2: panchito08 (button) (small blind) folded before Flop



PokerStars Hand #247876833594: Tournament #3691696479, $1.84+$0.16 USD Hold'em No Limit - Level V (40/80) - 2023/12/26 15:34:52 CET [2023/12/26 9:34:52 ET]
Table '3691696479 1' 3-max Seat #1 is the button
Seat 1: Mahu2021 (680 in chips) 
Seat 2: panchito08 (820 in chips) 
Mahu2021: posts small blind 40
panchito08: posts big blind 80
*** HOLE CARDS ***
Dealt to Mahu2021 [8d Td]
Mahu2021: calls 40
panchito08: checks 
*** FLOP *** [3s 4c 8c]
panchito08: checks 
Mahu2021: bets 80
panchito08: calls 80
*** TURN *** [3s 4c 8c] [7d]
panchito08: checks 
Mahu2021: bets 520 and is all-in
panchito08: folds 
Uncalled bet (520) returned to Mahu2021
Mahu2021 collected 320 from pot
Mahu2021: doesn't show hand 
*** SUMMARY ***
Total pot 320 | Rake 0 
Board [3s 4c 8c 7d]
Seat 1: Mahu2021 (button) (small blind) collected (320)
Seat 2: panchito08 (big blind) folded on the Turn



PokerStars Hand #247876838581: Tournament #3691696479, $1.84+$0.16 USD Hold'em No Limit - Level V (40/80) - 2023/12/26 15:35:14 CET [2023/12/26 9:35:14 ET]
Table '3691696479 1' 3-max Seat #2 is the button
Seat 1: Mahu2021 (840 in chips) 
Seat 2: panchito08 (660 in chips) 
panchito08: posts small blind 40
Mahu2021: posts big blind 80
*** HOLE CARDS ***
Dealt to Mahu2021 [5h 2s]
panchito08: raises 580 to 660 and is all-in
Mahu2021: folds 
Uncalled bet (580) returned to panchito08
panchito08 collected 160 from pot
*** SUMMARY ***
Total pot 160 | Rake 0 
Seat 1: Mahu2021 (big blind) folded before Flop
Seat 2: panchito08 (button) (small blind) collected (160)



PokerStars Hand #247876840559: Tournament #3691696479, $1.84+$0.16 USD Hold'em No Limit - Level V (40/80) - 2023/12/26 15:35:22 CET [2023/12/26 9:35:22 ET]
Table '3691696479 1' 3-max Seat #1 is the button
Seat 1: Mahu2021 (760 in chips) 
Seat 2: panchito08 (740 in chips) 
Mahu2021: posts small blind 40
panchito08: posts big blind 80
*** HOLE CARDS ***
Dealt to Mahu2021 [Ah 3d]
Mahu2021: calls 40
panchito08: raises 660 to 740 and is all-in
Mahu2021: folds 
Uncalled bet (660) returned to panchito08
panchito08 collected 160 from pot
*** SUMMARY ***
Total pot 160 | Rake 0 
Seat 1: Mahu2021 (button) (small blind) folded before Flop
Seat 2: panchito08 (big blind) collected (160)



PokerStars Hand #247876843939: Tournament #3691696479, $1.84+$0.16 USD Hold'em No Limit - Level V (40/80) - 2023/12/26 15:35:37 CET [2023/12/26 9:35:37 ET]
Table '3691696479 1' 3-max Seat #2 is the button
Seat 1: Mahu2021 (680 in chips) 
Seat 2: panchito08 (820 in chips) 
panchito08: posts small blind 40
Mahu2021: posts big blind 80
*** HOLE CARDS ***
Dealt to Mahu2021 [3c 6s]
panchito08: calls 40
Mahu2021: checks 
*** FLOP *** [3h Ad Qd]
Mahu2021: checks 
panchito08: checks 
*** TURN *** [3h Ad Qd] [7d]
Mahu2021: bets 80
panchito08: folds 
Uncalled bet (80) returned to Mahu2021
Mahu2021 collected 160 from pot
Mahu2021: doesn't show hand 
*** SUMMARY ***
Total pot 160 | Rake 0 
Board [3h Ad Qd 7d]
Seat 1: Mahu2021 (big blind) collected (160)
Seat 2: panchito08 (button) (small blind) folded on the Turn



PokerStars Hand #247876847811: Tournament #3691696479, $1.84+$0.16 USD Hold'em No Limit - Level V (40/80) - 2023/12/26 15:35:53 CET [2023/12/26 9:35:53 ET]
Table '3691696479 1' 3-max Seat #1 is the button
Seat 1: Mahu2021 (760 in chips) 
Seat 2: panchito08 (740 in chips) 
Mahu2021: posts small blind 40
panchito08: posts big blind 80
*** HOLE CARDS ***
Dealt to Mahu2021 [8c 3h]
Mahu2021: folds 
Uncalled bet (40) returned to panchito08
panchito08 collected 80 from pot
*** SUMMARY ***
Total pot 80 | Rake 0 
Seat 1: Mahu2021 (button) (small blind) folded before Flop
Seat 2: panchito08 (big blind) collected (80)



PokerStars Hand #247876849015: Tournament #3691696479, $1.84+$0.16 USD Hold'em No Limit - Level V (40/80) - 2023/12/26 15:35:58 CET [2023/12/26 9:35:58 ET]
Table '3691696479 1' 3-max Seat #2 is the button
Seat 1: Mahu2021 (720 in chips) 
Seat 2: panchito08 (780 in chips) 
panchito08: posts small blind 40
Mahu2021: posts big blind 80
*** HOLE CARDS ***
Dealt to Mahu2021 [3h Ac]
panchito08: calls 40
Mahu2021: checks 
*** FLOP *** [6h Ks 7c]
Mahu2021: checks 
panchito08: checks 
*** TURN *** [6h Ks 7c] [8c]
Mahu2021: checks 
panchito08: checks 
*** RIVER *** [6h Ks 7c 8c] [8d]
Mahu2021: checks 
panchito08: checks 
*** SHOW DOWN ***
Mahu2021: shows [3h Ac] (a pair of Eights)
panchito08: shows [Ts 6c] (two pair, Eights and Sixes)
panchito08 collected 160 from pot
*** SUMMARY ***
Total pot 160 | Rake 0 
Board [6h Ks 7c 8c 8d]
Seat 1: Mahu2021 (big blind) showed [3h Ac] and lost with a pair of Eights
Seat 2: panchito08 (button) (small blind) showed [Ts 6c] and won (160) with two pair, Eights and Sixes



PokerStars Hand #247876853154: Tournament #3691696479, $1.84+$0.16 USD Hold'em No Limit - Level V (40/80) - 2023/12/26 15:36:15 CET [2023/12/26 9:36:15 ET]
Table '3691696479 1' 3-max Seat #1 is the button
Seat 1: Mahu2021 (640 in chips) 
Seat 2: panchito08 (860 in chips) 
Mahu2021: posts small blind 40
panchito08: posts big blind 80
*** HOLE CARDS ***
Dealt to Mahu2021 [8d 2d]
Mahu2021: folds 
Uncalled bet (40) returned to panchito08
panchito08 collected 80 from pot
*** SUMMARY ***
Total pot 80 | Rake 0 
Seat 1: Mahu2021 (button) (small blind) folded before Flop
Seat 2: panchito08 (big blind) collected (80)



PokerStars Hand #247876855595: Tournament #3691696479, $1.84+$0.16 USD Hold'em No Limit - Level V (40/80) - 2023/12/26 15:36:26 CET [2023/12/26 9:36:26 ET]
Table '3691696479 1' 3-max Seat #2 is the button
Seat 1: Mahu2021 (600 in chips) 
Seat 2: panchito08 (900 in chips) 
panchito08: posts small blind 40
Mahu2021: posts big blind 80
*** HOLE CARDS ***
Dealt to Mahu2021 [Ac 3c]
panchito08: calls 40
Mahu2021: checks 
*** FLOP *** [5h Tc 5d]
Mahu2021: checks 
panchito08: checks 
*** TURN *** [5h Tc 5d] [9s]
Mahu2021: checks 
panchito08: checks 
*** RIVER *** [5h Tc 5d 9s] [Qc]
Mahu2021: checks 
panchito08: checks 
*** SHOW DOWN ***
Mahu2021: shows [Ac 3c] (a pair of Fives)
panchito08: mucks hand 
Mahu2021 collected 160 from pot
*** SUMMARY ***
Total pot 160 | Rake 0 
Board [5h Tc 5d 9s Qc]
Seat 1: Mahu2021 (big blind) showed [Ac 3c] and won (160) with a pair of Fives
Seat 2: panchito08 (button) (small blind) mucked [Js 6c]



PokerStars Hand #247876860624: Tournament #3691696479, $1.84+$0.16 USD Hold'em No Limit - Level V (40/80) - 2023/12/26 15:36:47 CET [2023/12/26 9:36:47 ET]
Table '3691696479 1' 3-max Seat #1 is the button
Seat 1: Mahu2021 (680 in chips) 
Seat 2: panchito08 (820 in chips) 
Mahu2021: posts small blind 40
panchito08: posts big blind 80
*** HOLE CARDS ***
Dealt to Mahu2021 [8s 9c]
Mahu2021: calls 40
panchito08: raises 740 to 820 and is all-in
Mahu2021: folds 
Uncalled bet (740) returned to panchito08
panchito08 collected 160 from pot
*** SUMMARY ***
Total pot 160 | Rake 0 
Seat 1: Mahu2021 (button) (small blind) folded before Flop
Seat 2: panchito08 (big blind) collected (160)



PokerStars Hand #247876863215: Tournament #3691696479, $1.84+$0.16 USD Hold'em No Limit - Level V (40/80) - 2023/12/26 15:36:57 CET [2023/12/26 9:36:57 ET]
Table '3691696479 1' 3-max Seat #2 is the button
Seat 1: Mahu2021 (600 in chips) 
Seat 2: panchito08 (900 in chips) 
panchito08: posts small blind 40
Mahu2021: posts big blind 80
*** HOLE CARDS ***
Dealt to Mahu2021 [Js 3c]
panchito08: calls 40
Mahu2021: checks 
*** FLOP *** [7c 4d 3s]
Mahu2021: checks 
panchito08: checks 
*** TURN *** [7c 4d 3s] [3d]
Mahu2021: checks 
panchito08: checks 
*** RIVER *** [7c 4d 3s 3d] [Kd]
Mahu2021: bets 160
panchito08: folds 
Uncalled bet (160) returned to Mahu2021
Mahu2021 collected 160 from pot
Mahu2021: doesn't show hand 
*** SUMMARY ***
Total pot 160 | Rake 0 
Board [7c 4d 3s 3d Kd]
Seat 1: Mahu2021 (big blind) collected (160)
Seat 2: panchito08 (button) (small blind) folded on the River



PokerStars Hand #247876868470: Tournament #3691696479, $1.84+$0.16 USD Hold'em No Limit - Level V (40/80) - 2023/12/26 15:37:20 CET [2023/12/26 9:37:20 ET]
Table '3691696479 1' 3-max Seat #1 is the button
Seat 1: Mahu2021 (680 in chips) 
Seat 2: panchito08 (820 in chips) 
Mahu2021: posts small blind 40
panchito08: posts big blind 80
*** HOLE CARDS ***
Dealt to Mahu2021 [Jc 6h]
Mahu2021: calls 40
panchito08: raises 740 to 820 and is all-in
Mahu2021: folds 
Uncalled bet (740) returned to panchito08
panchito08 collected 160 from pot
*** SUMMARY ***
Total pot 160 | Rake 0 
Seat 1: Mahu2021 (button) (small blind) folded before Flop
Seat 2: panchito08 (big blind) collected (160)



PokerStars Hand #247876871535: Tournament #3691696479, $1.84+$0.16 USD Hold'em No Limit - Level VI (50/100) - 2023/12/26 15:37:33 CET [2023/12/26 9:37:33 ET]
Table '3691696479 1' 3-max Seat #2 is the button
Seat 1: Mahu2021 (600 in chips) 
Seat 2: panchito08 (900 in chips) 
panchito08: posts small blind 50
Mahu2021: posts big blind 100
*** HOLE CARDS ***
Dealt to Mahu2021 [4d Js]
panchito08: calls 50
Mahu2021: checks 
*** FLOP *** [Jd 9c Kh]
Mahu2021: checks 
panchito08: checks 
*** TURN *** [Jd 9c Kh] [Ks]
Mahu2021: checks 
panchito08: checks 
*** RIVER *** [Jd 9c Kh Ks] [7h]
Mahu2021: bets 100
panchito08: calls 100
*** SHOW DOWN ***
Mahu2021: shows [4d Js] (two pair, Kings and Jacks)
panchito08: mucks hand 
Mahu2021 collected 400 from pot
*** SUMMARY ***
Total pot 400 | Rake 0 
Board [Jd 9c Kh Ks 7h]
Seat 1: Mahu2021 (big blind) showed [4d Js] and won (400) with two pair, Kings and Jacks
Seat 2: panchito08 (button) (small blind) mucked [9h 2h]



PokerStars Hand #247876877096: Tournament #3691696479, $1.84+$0.16 USD Hold'em No Limit - Level VI (50/100) - 2023/12/26 15:37:56 CET [2023/12/26 9:37:56 ET]
Table '3691696479 1' 3-max Seat #1 is the button
Seat 1: Mahu2021 (800 in chips) 
Seat 2: panchito08 (700 in chips) 
Mahu2021: posts small blind 50
panchito08: posts big blind 100
*** HOLE CARDS ***
Dealt to Mahu2021 [Ks 7d]
Mahu2021: raises 700 to 800 and is all-in
panchito08: folds 
Uncalled bet (700) returned to Mahu2021
Mahu2021 collected 200 from pot
Mahu2021: doesn't show hand 
*** SUMMARY ***
Total pot 200 | Rake 0 
Seat 1: Mahu2021 (button) (small blind) collected (200)
Seat 2: panchito08 (big blind) folded before Flop



PokerStars Hand #247876878783: Tournament #3691696479, $1.84+$0.16 USD Hold'em No Limit - Level VI (50/100) - 2023/12/26 15:38:03 CET [2023/12/26 9:38:03 ET]
Table '3691696479 1' 3-max Seat #2 is the button
Seat 1: Mahu2021 (900 in chips) 
Seat 2: panchito08 (600 in chips) 
panchito08: posts small blind 50
Mahu2021: posts big blind 100
*** HOLE CARDS ***
Dealt to Mahu2021 [3d As]
panchito08: calls 50
Mahu2021: raises 800 to 900 and is all-in
panchito08: folds 
Uncalled bet (800) returned to Mahu2021
Mahu2021 collected 200 from pot
Mahu2021: doesn't show hand 
*** SUMMARY ***
Total pot 200 | Rake 0 
Seat 1: Mahu2021 (big blind) collected (200)
Seat 2: panchito08 (button) (small blind) folded before Flop



PokerStars Hand #247876881434: Tournament #3691696479, $1.84+$0.16 USD Hold'em No Limit - Level VI (50/100) - 2023/12/26 15:38:15 CET [2023/12/26 9:38:15 ET]
Table '3691696479 1' 3-max Seat #1 is the button
Seat 1: Mahu2021 (1000 in chips) 
Seat 2: panchito08 (500 in chips) 
Mahu2021: posts small blind 50
panchito08: posts big blind 100
*** HOLE CARDS ***
Dealt to Mahu2021 [6c Jd]
Mahu2021: calls 50
panchito08: raises 400 to 500 and is all-in
Mahu2021: folds 
Uncalled bet (400) returned to panchito08
panchito08 collected 200 from pot
*** SUMMARY ***
Total pot 200 | Rake 0 
Seat 1: Mahu2021 (button) (small blind) folded before Flop
Seat 2: panchito08 (big blind) collected (200)



PokerStars Hand #247876884081: Tournament #3691696479, $1.84+$0.16 USD Hold'em No Limit - Level VI (50/100) - 2023/12/26 15:38:26 CET [2023/12/26 9:38:26 ET]
Table '3691696479 1' 3-max Seat #2 is the button
Seat 1: Mahu2021 (900 in chips) 
Seat 2: panchito08 (600 in chips) 
panchito08: posts small blind 50
Mahu2021: posts big blind 100
*** HOLE CARDS ***
Dealt to Mahu2021 [5c 7d]
panchito08: calls 50
Mahu2021: checks 
*** FLOP *** [8s Jh 6c]
Mahu2021: checks 
panchito08: checks 
*** TURN *** [8s Jh 6c] [8c]
Mahu2021: bets 100
panchito08: folds 
Uncalled bet (100) returned to Mahu2021
Mahu2021 collected 200 from pot
Mahu2021: doesn't show hand 
*** SUMMARY ***
Total pot 200 | Rake 0 
Board [8s Jh 6c 8c]
Seat 1: Mahu2021 (big blind) collected (200)
Seat 2: panchito08 (button) (small blind) folded on the Turn



PokerStars Hand #247876890352: Tournament #3691696479, $1.84+$0.16 USD Hold'em No Limit - Level VI (50/100) - 2023/12/26 15:38:52 CET [2023/12/26 9:38:52 ET]
Table '3691696479 1' 3-max Seat #1 is the button
Seat 1: Mahu2021 (1000 in chips) 
Seat 2: panchito08 (500 in chips) 
Mahu2021: posts small blind 50
panchito08: posts big blind 100
*** HOLE CARDS ***
Dealt to Mahu2021 [3h Kh]
Mahu2021: raises 900 to 1000 and is all-in
panchito08: folds 
Uncalled bet (900) returned to Mahu2021
Mahu2021 collected 200 from pot
Mahu2021: doesn't show hand 
*** SUMMARY ***
Total pot 200 | Rake 0 
Seat 1: Mahu2021 (button) (small blind) collected (200)
Seat 2: panchito08 (big blind) folded before Flop



PokerStars Hand #247876892203: Tournament #3691696479, $1.84+$0.16 USD Hold'em No Limit - Level VI (50/100) - 2023/12/26 15:39:00 CET [2023/12/26 9:39:00 ET]
Table '3691696479 1' 3-max Seat #2 is the button
Seat 1: Mahu2021 (1100 in chips) 
Seat 2: panchito08 (400 in chips) 
panchito08: posts small blind 50
Mahu2021: posts big blind 100
*** HOLE CARDS ***
Dealt to Mahu2021 [4c 6c]
panchito08: folds 
Uncalled bet (50) returned to Mahu2021
Mahu2021 collected 100 from pot
Mahu2021: doesn't show hand 
*** SUMMARY ***
Total pot 100 | Rake 0 
Seat 1: Mahu2021 (big blind) collected (100)
Seat 2: panchito08 (button) (small blind) folded before Flop



PokerStars Hand #247876893330: Tournament #3691696479, $1.84+$0.16 USD Hold'em No Limit - Level VI (50/100) - 2023/12/26 15:39:05 CET [2023/12/26 9:39:05 ET]
Table '3691696479 1' 3-max Seat #1 is the button
Seat 1: Mahu2021 (1150 in chips) 
Seat 2: panchito08 (350 in chips) 
Mahu2021: posts small blind 50
panchito08: posts big blind 100
*** HOLE CARDS ***
Dealt to Mahu2021 [Qc 6s]
Mahu2021: raises 1050 to 1150 and is all-in
panchito08: calls 250 and is all-in
Uncalled bet (800) returned to Mahu2021
*** FLOP *** [3d 3c Qs]
*** TURN *** [3d 3c Qs] [9s]
*** RIVER *** [3d 3c Qs 9s] [5s]
*** SHOW DOWN ***
panchito08: shows [Ah Kd] (a pair of Threes)
Mahu2021: shows [Qc 6s] (two pair, Queens and Threes)
Mahu2021 collected 700 from pot
panchito08 finished the tournament in 2nd place
Mahu2021 wins the tournament and receives $6.00 - congratulations!
*** SUMMARY ***
Total pot 700 | Rake 0 
Board [3d 3c Qs 9s 5s]
Seat 1: Mahu2021 (button) (small blind) showed [Qc 6s] and won (700) with two pair, Queens and Threes
Seat 2: panchito08 (big blind) showed [Ah Kd] and lost with a pair of Threes



