PokerStars Hand #253109962177: Tournament #3816692490, $1.84+$0.16 USD Hold'em No Limit - Level I (10/20) - 2024/10/26 15:44:27 CET [2024/10/26 9:44:27 ET]
Table '3816692490 1' 3-max Seat #1 is the button
Seat 1: on_earth_today (500 in chips) 
Seat 2: Mahu2021 (500 in chips) 
Seat 3: Antreas420 (500 in chips) 
Mahu2021: posts small blind 10
Antreas420: posts big blind 20
*** HOLE CARDS ***
Dealt to Mahu2021 [Ad Tc]
on_earth_today: folds 
Mahu2021: raises 20 to 40
Antreas420: calls 20
*** FLOP *** [Jc 3s 8c]
Mahu2021: checks 
Antreas420: checks 
*** TURN *** [Jc 3s 8c] [3c]
Mahu2021: checks 
Antreas420: checks 
*** RIVER *** [Jc 3s 8c 3c] [4h]
Mahu2021: checks 
Antreas420: bets 20
Mahu2021: calls 20
*** SHOW DOWN ***
Antreas420: shows [6d Kh] (a pair of Threes)
Mahu2021: shows [Ad Tc] (a pair of Threes - Ace kicker)
Mahu2021 collected 120 from pot
*** SUMMARY ***
Total pot 120 | Rake 0 
Board [Jc 3s 8c 3c 4h]
Seat 1: on_earth_today (button) folded before Flop (didn't bet)
Seat 2: Mahu2021 (small blind) showed [Ad Tc] and won (120) with a pair of Threes
Seat 3: Antreas420 (big blind) showed [6d Kh] and lost with a pair of Threes



PokerStars Hand #253109965286: Tournament #3816692490, $1.84+$0.16 USD Hold'em No Limit - Level I (10/20) - 2024/10/26 15:44:43 CET [2024/10/26 9:44:43 ET]
Table '3816692490 1' 3-max Seat #2 is the button
Seat 1: on_earth_today (500 in chips) 
Seat 2: Mahu2021 (560 in chips) 
Seat 3: Antreas420 (440 in chips) 
Antreas420: posts small blind 10
on_earth_today: posts big blind 20
*** HOLE CARDS ***
Dealt to Mahu2021 [Tc 9s]
Mahu2021: calls 20
Antreas420: calls 10
on_earth_today: checks 
*** FLOP *** [3h 5d Ah]
Antreas420: checks 
on_earth_today: checks 
Mahu2021: checks 
*** TURN *** [3h 5d Ah] [8c]
Antreas420: checks 
on_earth_today: checks 
Mahu2021: checks 
*** RIVER *** [3h 5d Ah 8c] [Ac]
Antreas420: checks 
on_earth_today: checks 
Mahu2021: checks 
*** SHOW DOWN ***
Antreas420: shows [4c Ks] (a pair of Aces)
on_earth_today: mucks hand 
Mahu2021: mucks hand 
Antreas420 collected 60 from pot
*** SUMMARY ***
Total pot 60 | Rake 0 
Board [3h 5d Ah 8c Ac]
Seat 1: on_earth_today (big blind) mucked [Td Js]
Seat 2: Mahu2021 (button) mucked [Tc 9s]
Seat 3: Antreas420 (small blind) showed [4c Ks] and won (60) with a pair of Aces



PokerStars Hand #253109969794: Tournament #3816692490, $1.84+$0.16 USD Hold'em No Limit - Level I (10/20) - 2024/10/26 15:45:07 CET [2024/10/26 9:45:07 ET]
Table '3816692490 1' 3-max Seat #3 is the button
Seat 1: on_earth_today (480 in chips) 
Seat 2: Mahu2021 (540 in chips) 
Seat 3: Antreas420 (480 in chips) 
on_earth_today: posts small blind 10
Mahu2021: posts big blind 20
*** HOLE CARDS ***
Dealt to Mahu2021 [Td 8s]
Antreas420: raises 20 to 40
on_earth_today: folds 
Mahu2021: folds 
Uncalled bet (20) returned to Antreas420
Antreas420 collected 50 from pot
*** SUMMARY ***
Total pot 50 | Rake 0 
Seat 1: on_earth_today (small blind) folded before Flop
Seat 2: Mahu2021 (big blind) folded before Flop
Seat 3: Antreas420 (button) collected (50)



PokerStars Hand #253109971463: Tournament #3816692490, $1.84+$0.16 USD Hold'em No Limit - Level I (10/20) - 2024/10/26 15:45:16 CET [2024/10/26 9:45:16 ET]
Table '3816692490 1' 3-max Seat #1 is the button
Seat 1: on_earth_today (470 in chips) 
Seat 2: Mahu2021 (520 in chips) 
Seat 3: Antreas420 (510 in chips) 
Mahu2021: posts small blind 10
Antreas420: posts big blind 20
*** HOLE CARDS ***
Dealt to Mahu2021 [8d 2s]
on_earth_today: calls 20
Mahu2021: folds 
Antreas420: checks 
*** FLOP *** [Ad 9c 7d]
Antreas420: checks 
on_earth_today: checks 
*** TURN *** [Ad 9c 7d] [9d]
Antreas420: checks 
on_earth_today: checks 
*** RIVER *** [Ad 9c 7d 9d] [Jc]
Antreas420: bets 20
on_earth_today: calls 20
*** SHOW DOWN ***
Antreas420: shows [2h 3s] (a pair of Nines)
on_earth_today: shows [Jh Kh] (two pair, Jacks and Nines)
on_earth_today collected 90 from pot
*** SUMMARY ***
Total pot 90 | Rake 0 
Board [Ad 9c 7d 9d Jc]
Seat 1: on_earth_today (button) showed [Jh Kh] and won (90) with two pair, Jacks and Nines
Seat 2: Mahu2021 (small blind) folded before Flop
Seat 3: Antreas420 (big blind) showed [2h 3s] and lost with a pair of Nines



PokerStars Hand #253109974116: Tournament #3816692490, $1.84+$0.16 USD Hold'em No Limit - Level I (10/20) - 2024/10/26 15:45:30 CET [2024/10/26 9:45:30 ET]
Table '3816692490 1' 3-max Seat #2 is the button
Seat 1: on_earth_today (520 in chips) 
Seat 2: Mahu2021 (510 in chips) 
Seat 3: Antreas420 (470 in chips) 
Antreas420: posts small blind 10
on_earth_today: posts big blind 20
*** HOLE CARDS ***
Dealt to Mahu2021 [7c Jc]
Mahu2021: raises 20 to 40
Antreas420: folds 
on_earth_today: folds 
Uncalled bet (20) returned to Mahu2021
Mahu2021 collected 50 from pot
Mahu2021: doesn't show hand 
*** SUMMARY ***
Total pot 50 | Rake 0 
Seat 1: on_earth_today (big blind) folded before Flop
Seat 2: Mahu2021 (button) collected (50)
Seat 3: Antreas420 (small blind) folded before Flop



PokerStars Hand #253109975924: Tournament #3816692490, $1.84+$0.16 USD Hold'em No Limit - Level I (10/20) - 2024/10/26 15:45:40 CET [2024/10/26 9:45:40 ET]
Table '3816692490 1' 3-max Seat #3 is the button
Seat 1: on_earth_today (500 in chips) 
Seat 2: Mahu2021 (540 in chips) 
Seat 3: Antreas420 (460 in chips) 
on_earth_today: posts small blind 10
Mahu2021: posts big blind 20
*** HOLE CARDS ***
Dealt to Mahu2021 [5s Kd]
Antreas420: folds 
on_earth_today: calls 10
Mahu2021: checks 
*** FLOP *** [5c 8h Kc]
on_earth_today: checks 
Mahu2021: bets 20
on_earth_today: folds 
Uncalled bet (20) returned to Mahu2021
Mahu2021 collected 40 from pot
Mahu2021: doesn't show hand 
*** SUMMARY ***
Total pot 40 | Rake 0 
Board [5c 8h Kc]
Seat 1: on_earth_today (small blind) folded on the Flop
Seat 2: Mahu2021 (big blind) collected (40)
Seat 3: Antreas420 (button) folded before Flop (didn't bet)



PokerStars Hand #253109978949: Tournament #3816692490, $1.84+$0.16 USD Hold'em No Limit - Level I (10/20) - 2024/10/26 15:45:56 CET [2024/10/26 9:45:56 ET]
Table '3816692490 1' 3-max Seat #1 is the button
Seat 1: on_earth_today (480 in chips) 
Seat 2: Mahu2021 (560 in chips) 
Seat 3: Antreas420 (460 in chips) 
Mahu2021: posts small blind 10
Antreas420: posts big blind 20
*** HOLE CARDS ***
Dealt to Mahu2021 [3h 9h]
on_earth_today: folds 
Mahu2021: raises 20 to 40
Antreas420: calls 20
*** FLOP *** [7s 2h 7d]
Mahu2021: checks 
Antreas420: checks 
*** TURN *** [7s 2h 7d] [6s]
Mahu2021: checks 
Antreas420: checks 
*** RIVER *** [7s 2h 7d 6s] [Ah]
Mahu2021: checks 
Antreas420: bets 40
Mahu2021: folds 
Uncalled bet (40) returned to Antreas420
Antreas420 collected 80 from pot
*** SUMMARY ***
Total pot 80 | Rake 0 
Board [7s 2h 7d 6s Ah]
Seat 1: on_earth_today (button) folded before Flop (didn't bet)
Seat 2: Mahu2021 (small blind) folded on the River
Seat 3: Antreas420 (big blind) collected (80)



PokerStars Hand #253109982363: Tournament #3816692490, $1.84+$0.16 USD Hold'em No Limit - Level I (10/20) - 2024/10/26 15:46:14 CET [2024/10/26 9:46:14 ET]
Table '3816692490 1' 3-max Seat #2 is the button
Seat 1: on_earth_today (480 in chips) 
Seat 2: Mahu2021 (520 in chips) 
Seat 3: Antreas420 (500 in chips) 
Antreas420: posts small blind 10
on_earth_today: posts big blind 20
*** HOLE CARDS ***
Dealt to Mahu2021 [Qh Th]
Mahu2021: raises 20 to 40
Antreas420: folds 
on_earth_today: folds 
Uncalled bet (20) returned to Mahu2021
Mahu2021 collected 50 from pot
Mahu2021: doesn't show hand 
*** SUMMARY ***
Total pot 50 | Rake 0 
Seat 1: on_earth_today (big blind) folded before Flop
Seat 2: Mahu2021 (button) collected (50)
Seat 3: Antreas420 (small blind) folded before Flop



PokerStars Hand #253109983506: Tournament #3816692490, $1.84+$0.16 USD Hold'em No Limit - Level I (10/20) - 2024/10/26 15:46:20 CET [2024/10/26 9:46:20 ET]
Table '3816692490 1' 3-max Seat #3 is the button
Seat 1: on_earth_today (460 in chips) 
Seat 2: Mahu2021 (550 in chips) 
Seat 3: Antreas420 (490 in chips) 
on_earth_today: posts small blind 10
Mahu2021: posts big blind 20
*** HOLE CARDS ***
Dealt to Mahu2021 [9c 4s]
Antreas420: calls 20
on_earth_today: calls 10
Mahu2021: checks 
*** FLOP *** [Ts 5c Jc]
on_earth_today: checks 
Mahu2021: checks 
Antreas420: bets 20
on_earth_today: folds 
Mahu2021: folds 
Uncalled bet (20) returned to Antreas420
Antreas420 collected 60 from pot
*** SUMMARY ***
Total pot 60 | Rake 0 
Board [Ts 5c Jc]
Seat 1: on_earth_today (small blind) folded on the Flop
Seat 2: Mahu2021 (big blind) folded on the Flop
Seat 3: Antreas420 (button) collected (60)



PokerStars Hand #253109986601: Tournament #3816692490, $1.84+$0.16 USD Hold'em No Limit - Level II (15/30) - 2024/10/26 15:46:36 CET [2024/10/26 9:46:36 ET]
Table '3816692490 1' 3-max Seat #1 is the button
Seat 1: on_earth_today (440 in chips) 
Seat 2: Mahu2021 (530 in chips) 
Seat 3: Antreas420 (530 in chips) 
Mahu2021: posts small blind 15
Antreas420: posts big blind 30
*** HOLE CARDS ***
Dealt to Mahu2021 [Jh 5c]
on_earth_today: folds 
Mahu2021: raises 30 to 60
Antreas420: folds 
Uncalled bet (30) returned to Mahu2021
Mahu2021 collected 60 from pot
Mahu2021: doesn't show hand 
*** SUMMARY ***
Total pot 60 | Rake 0 
Seat 1: on_earth_today (button) folded before Flop (didn't bet)
Seat 2: Mahu2021 (small blind) collected (60)
Seat 3: Antreas420 (big blind) folded before Flop



PokerStars Hand #253109987859: Tournament #3816692490, $1.84+$0.16 USD Hold'em No Limit - Level II (15/30) - 2024/10/26 15:46:42 CET [2024/10/26 9:46:42 ET]
Table '3816692490 1' 3-max Seat #2 is the button
Seat 1: on_earth_today (440 in chips) 
Seat 2: Mahu2021 (560 in chips) 
Seat 3: Antreas420 (500 in chips) 
Antreas420: posts small blind 15
on_earth_today: posts big blind 30
*** HOLE CARDS ***
Dealt to Mahu2021 [4c Jd]
Mahu2021: folds 
Antreas420: calls 15
on_earth_today: checks 
*** FLOP *** [2c 8d 9d]
Antreas420: checks 
on_earth_today: checks 
*** TURN *** [2c 8d 9d] [Ks]
Antreas420: checks 
on_earth_today: checks 
*** RIVER *** [2c 8d 9d Ks] [9c]
Antreas420: bets 30
on_earth_today: calls 30
*** SHOW DOWN ***
Antreas420: shows [7h Ts] (a pair of Nines)
on_earth_today: shows [Td 8s] (two pair, Nines and Eights)
on_earth_today collected 120 from pot
*** SUMMARY ***
Total pot 120 | Rake 0 
Board [2c 8d 9d Ks 9c]
Seat 1: on_earth_today (big blind) showed [Td 8s] and won (120) with two pair, Nines and Eights
Seat 2: Mahu2021 (button) folded before Flop (didn't bet)
Seat 3: Antreas420 (small blind) showed [7h Ts] and lost with a pair of Nines



PokerStars Hand #253109990660: Tournament #3816692490, $1.84+$0.16 USD Hold'em No Limit - Level II (15/30) - 2024/10/26 15:46:57 CET [2024/10/26 9:46:57 ET]
Table '3816692490 1' 3-max Seat #3 is the button
Seat 1: on_earth_today (500 in chips) 
Seat 2: Mahu2021 (560 in chips) 
Seat 3: Antreas420 (440 in chips) 
on_earth_today: posts small blind 15
Mahu2021: posts big blind 30
*** HOLE CARDS ***
Dealt to Mahu2021 [8s 8d]
Antreas420: calls 30
on_earth_today: folds 
Mahu2021: raises 90 to 120
Antreas420: calls 90
*** FLOP *** [Js 7s Qd]
Mahu2021: checks 
Antreas420: checks 
*** TURN *** [Js 7s Qd] [5d]
Mahu2021: bets 120
Antreas420: calls 120
*** RIVER *** [Js 7s Qd 5d] [4c]
Mahu2021: checks 
Antreas420: bets 200 and is all-in
Mahu2021: folds 
Uncalled bet (200) returned to Antreas420
Antreas420 collected 495 from pot
*** SUMMARY ***
Total pot 495 | Rake 0 
Board [Js 7s Qd 5d 4c]
Seat 1: on_earth_today (small blind) folded before Flop
Seat 2: Mahu2021 (big blind) folded on the River
Seat 3: Antreas420 (button) collected (495)



PokerStars Hand #253109995058: Tournament #3816692490, $1.84+$0.16 USD Hold'em No Limit - Level II (15/30) - 2024/10/26 15:47:20 CET [2024/10/26 9:47:20 ET]
Table '3816692490 1' 3-max Seat #1 is the button
Seat 1: on_earth_today (485 in chips) 
Seat 2: Mahu2021 (320 in chips) 
Seat 3: Antreas420 (695 in chips) 
Mahu2021: posts small blind 15
Antreas420: posts big blind 30
*** HOLE CARDS ***
Dealt to Mahu2021 [6d Jh]
on_earth_today: folds 
Mahu2021: folds 
Uncalled bet (15) returned to Antreas420
Antreas420 collected 30 from pot
*** SUMMARY ***
Total pot 30 | Rake 0 
Seat 1: on_earth_today (button) folded before Flop (didn't bet)
Seat 2: Mahu2021 (small blind) folded before Flop
Seat 3: Antreas420 (big blind) collected (30)



PokerStars Hand #253109996036: Tournament #3816692490, $1.84+$0.16 USD Hold'em No Limit - Level II (15/30) - 2024/10/26 15:47:26 CET [2024/10/26 9:47:26 ET]
Table '3816692490 1' 3-max Seat #2 is the button
Seat 1: on_earth_today (485 in chips) 
Seat 2: Mahu2021 (305 in chips) 
Seat 3: Antreas420 (710 in chips) 
Antreas420: posts small blind 15
on_earth_today: posts big blind 30
*** HOLE CARDS ***
Dealt to Mahu2021 [7c Ts]
Mahu2021: folds 
Antreas420: raises 90 to 120
on_earth_today: folds 
Uncalled bet (90) returned to Antreas420
Antreas420 collected 60 from pot
*** SUMMARY ***
Total pot 60 | Rake 0 
Seat 1: on_earth_today (big blind) folded before Flop
Seat 2: Mahu2021 (button) folded before Flop (didn't bet)
Seat 3: Antreas420 (small blind) collected (60)



PokerStars Hand #253109998011: Tournament #3816692490, $1.84+$0.16 USD Hold'em No Limit - Level II (15/30) - 2024/10/26 15:47:35 CET [2024/10/26 9:47:35 ET]
Table '3816692490 1' 3-max Seat #3 is the button
Seat 1: on_earth_today (455 in chips) 
Seat 2: Mahu2021 (305 in chips) 
Seat 3: Antreas420 (740 in chips) 
on_earth_today: posts small blind 15
Mahu2021: posts big blind 30
*** HOLE CARDS ***
Dealt to Mahu2021 [Js 6s]
Antreas420: folds 
on_earth_today: folds 
Uncalled bet (15) returned to Mahu2021
Mahu2021 collected 30 from pot
Mahu2021: doesn't show hand 
*** SUMMARY ***
Total pot 30 | Rake 0 
Seat 1: on_earth_today (small blind) folded before Flop
Seat 2: Mahu2021 (big blind) collected (30)
Seat 3: Antreas420 (button) folded before Flop (didn't bet)



PokerStars Hand #253109999430: Tournament #3816692490, $1.84+$0.16 USD Hold'em No Limit - Level II (15/30) - 2024/10/26 15:47:43 CET [2024/10/26 9:47:43 ET]
Table '3816692490 1' 3-max Seat #1 is the button
Seat 1: on_earth_today (440 in chips) 
Seat 2: Mahu2021 (320 in chips) 
Seat 3: Antreas420 (740 in chips) 
Mahu2021: posts small blind 15
Antreas420: posts big blind 30
*** HOLE CARDS ***
Dealt to Mahu2021 [7c 2h]
on_earth_today: calls 30
Mahu2021: folds 
Antreas420: checks 
*** FLOP *** [3h Ks Ac]
Antreas420: checks 
on_earth_today: checks 
*** TURN *** [3h Ks Ac] [Kh]
Antreas420: checks 
on_earth_today: checks 
*** RIVER *** [3h Ks Ac Kh] [9d]
Antreas420: checks 
on_earth_today: checks 
*** SHOW DOWN ***
Antreas420: shows [7h Ts] (a pair of Kings)
on_earth_today: shows [Qc Js] (a pair of Kings - Ace+Queen kicker)
on_earth_today collected 75 from pot
*** SUMMARY ***
Total pot 75 | Rake 0 
Board [3h Ks Ac Kh 9d]
Seat 1: on_earth_today (button) showed [Qc Js] and won (75) with a pair of Kings
Seat 2: Mahu2021 (small blind) folded before Flop
Seat 3: Antreas420 (big blind) showed [7h Ts] and lost with a pair of Kings



PokerStars Hand #253110002258: Tournament #3816692490, $1.84+$0.16 USD Hold'em No Limit - Level II (15/30) - 2024/10/26 15:47:58 CET [2024/10/26 9:47:58 ET]
Table '3816692490 1' 3-max Seat #2 is the button
Seat 1: on_earth_today (485 in chips) 
Seat 2: Mahu2021 (305 in chips) 
Seat 3: Antreas420 (710 in chips) 
Antreas420: posts small blind 15
on_earth_today: posts big blind 30
*** HOLE CARDS ***
Dealt to Mahu2021 [Jd 3c]
Mahu2021: folds 
Antreas420: calls 15
on_earth_today: checks 
*** FLOP *** [8s 2h 4d]
Antreas420: checks 
on_earth_today: checks 
*** TURN *** [8s 2h 4d] [5d]
Antreas420: checks 
on_earth_today: checks 
*** RIVER *** [8s 2h 4d 5d] [Kh]
Antreas420: checks 
on_earth_today: checks 
*** SHOW DOWN ***
Antreas420: shows [2c Qd] (a pair of Deuces)
on_earth_today: shows [Qc 5h] (a pair of Fives)
on_earth_today collected 60 from pot
*** SUMMARY ***
Total pot 60 | Rake 0 
Board [8s 2h 4d 5d Kh]
Seat 1: on_earth_today (big blind) showed [Qc 5h] and won (60) with a pair of Fives
Seat 2: Mahu2021 (button) folded before Flop (didn't bet)
Seat 3: Antreas420 (small blind) showed [2c Qd] and lost with a pair of Deuces



PokerStars Hand #253110005515: Tournament #3816692490, $1.84+$0.16 USD Hold'em No Limit - Level II (15/30) - 2024/10/26 15:48:15 CET [2024/10/26 9:48:15 ET]
Table '3816692490 1' 3-max Seat #3 is the button
Seat 1: on_earth_today (515 in chips) 
Seat 2: Mahu2021 (305 in chips) 
Seat 3: Antreas420 (680 in chips) 
on_earth_today: posts small blind 15
Mahu2021: posts big blind 30
*** HOLE CARDS ***
Dealt to Mahu2021 [Js Ah]
Antreas420: folds 
on_earth_today: folds 
Uncalled bet (15) returned to Mahu2021
Mahu2021 collected 30 from pot
Mahu2021: doesn't show hand 
*** SUMMARY ***
Total pot 30 | Rake 0 
Seat 1: on_earth_today (small blind) folded before Flop
Seat 2: Mahu2021 (big blind) collected (30)
Seat 3: Antreas420 (button) folded before Flop (didn't bet)



PokerStars Hand #253110006746: Tournament #3816692490, $1.84+$0.16 USD Hold'em No Limit - Level II (15/30) - 2024/10/26 15:48:22 CET [2024/10/26 9:48:22 ET]
Table '3816692490 1' 3-max Seat #1 is the button
Seat 1: on_earth_today (500 in chips) 
Seat 2: Mahu2021 (320 in chips) 
Seat 3: Antreas420 (680 in chips) 
Mahu2021: posts small blind 15
Antreas420: posts big blind 30
*** HOLE CARDS ***
Dealt to Mahu2021 [4s 5c]
on_earth_today: folds 
Mahu2021: calls 15
Antreas420: checks 
*** FLOP *** [3h 6h 7d]
Mahu2021: checks 
Antreas420: bets 30
Mahu2021: calls 30
*** TURN *** [3h 6h 7d] [3d]
Mahu2021: checks 
Antreas420: bets 30
Mahu2021: calls 30
*** RIVER *** [3h 6h 7d 3d] [Jc]
Mahu2021: bets 230 and is all-in
Antreas420: calls 230
*** SHOW DOWN ***
Mahu2021: shows [4s 5c] (a straight, Three to Seven)
Antreas420: shows [7c Th] (two pair, Sevens and Threes)
Mahu2021 collected 640 from pot
*** SUMMARY ***
Total pot 640 | Rake 0 
Board [3h 6h 7d 3d Jc]
Seat 1: on_earth_today (button) folded before Flop (didn't bet)
Seat 2: Mahu2021 (small blind) showed [4s 5c] and won (640) with a straight, Three to Seven
Seat 3: Antreas420 (big blind) showed [7c Th] and lost with two pair, Sevens and Threes



PokerStars Hand #253110012064: Tournament #3816692490, $1.84+$0.16 USD Hold'em No Limit - Level III (20/40) - 2024/10/26 15:48:49 CET [2024/10/26 9:48:49 ET]
Table '3816692490 1' 3-max Seat #2 is the button
Seat 1: on_earth_today (500 in chips) 
Seat 2: Mahu2021 (640 in chips) 
Seat 3: Antreas420 (360 in chips) 
Antreas420: posts small blind 20
on_earth_today: posts big blind 40
*** HOLE CARDS ***
Dealt to Mahu2021 [Qh 6h]
Mahu2021: calls 40
Antreas420: calls 20
on_earth_today: checks 
*** FLOP *** [9c Jc 2c]
Antreas420: bets 40
on_earth_today: folds 
Mahu2021: folds 
Uncalled bet (40) returned to Antreas420
Antreas420 collected 120 from pot
*** SUMMARY ***
Total pot 120 | Rake 0 
Board [9c Jc 2c]
Seat 1: on_earth_today (big blind) folded on the Flop
Seat 2: Mahu2021 (button) folded on the Flop
Seat 3: Antreas420 (small blind) collected (120)



PokerStars Hand #253110014123: Tournament #3816692490, $1.84+$0.16 USD Hold'em No Limit - Level III (20/40) - 2024/10/26 15:48:59 CET [2024/10/26 9:48:59 ET]
Table '3816692490 1' 3-max Seat #3 is the button
Seat 1: on_earth_today (460 in chips) 
Seat 2: Mahu2021 (600 in chips) 
Seat 3: Antreas420 (440 in chips) 
on_earth_today: posts small blind 20
Mahu2021: posts big blind 40
*** HOLE CARDS ***
Dealt to Mahu2021 [Js 8s]
Antreas420: calls 40
on_earth_today: folds 
Mahu2021: checks 
*** FLOP *** [Ts 7s Kd]
Mahu2021: checks 
Antreas420: bets 40
Mahu2021: calls 40
*** TURN *** [Ts 7s Kd] [6c]
Mahu2021: checks 
Antreas420: bets 40
Mahu2021: calls 40
*** RIVER *** [Ts 7s Kd 6c] [9d]
Mahu2021: checks 
Antreas420: bets 40
Mahu2021: raises 120 to 160
Antreas420: calls 120
*** SHOW DOWN ***
Mahu2021: shows [Js 8s] (a straight, Seven to Jack)
Antreas420: mucks hand 
Mahu2021 collected 580 from pot
*** SUMMARY ***
Total pot 580 | Rake 0 
Board [Ts 7s Kd 6c 9d]
Seat 1: on_earth_today (small blind) folded before Flop
Seat 2: Mahu2021 (big blind) showed [Js 8s] and won (580) with a straight, Seven to Jack
Seat 3: Antreas420 (button) mucked [9h Kh]



PokerStars Hand #253110018347: Tournament #3816692490, $1.84+$0.16 USD Hold'em No Limit - Level III (20/40) - 2024/10/26 15:49:21 CET [2024/10/26 9:49:21 ET]
Table '3816692490 1' 3-max Seat #1 is the button
Seat 1: on_earth_today (440 in chips) 
Seat 2: Mahu2021 (900 in chips) 
Seat 3: Antreas420 (160 in chips) 
Mahu2021: posts small blind 20
Antreas420: posts big blind 40
*** HOLE CARDS ***
Dealt to Mahu2021 [2c 2s]
on_earth_today: calls 40
Mahu2021: folds 
Antreas420: checks 
*** FLOP *** [9h Ac 3h]
Antreas420: checks 
on_earth_today: bets 40
Antreas420: calls 40
*** TURN *** [9h Ac 3h] [Jc]
Antreas420: checks 
on_earth_today: bets 40
Antreas420: folds 
Uncalled bet (40) returned to on_earth_today
on_earth_today collected 180 from pot
*** SUMMARY ***
Total pot 180 | Rake 0 
Board [9h Ac 3h Jc]
Seat 1: on_earth_today (button) collected (180)
Seat 2: Mahu2021 (small blind) folded before Flop
Seat 3: Antreas420 (big blind) folded on the Turn



PokerStars Hand #253110021976: Tournament #3816692490, $1.84+$0.16 USD Hold'em No Limit - Level III (20/40) - 2024/10/26 15:49:41 CET [2024/10/26 9:49:41 ET]
Table '3816692490 1' 3-max Seat #2 is the button
Seat 1: on_earth_today (540 in chips) 
Seat 2: Mahu2021 (880 in chips) 
Seat 3: Antreas420 (80 in chips) 
Antreas420: posts small blind 20
on_earth_today: posts big blind 40
*** HOLE CARDS ***
Dealt to Mahu2021 [Th 6s]
Mahu2021: folds 
Antreas420: folds 
Uncalled bet (20) returned to on_earth_today
on_earth_today collected 40 from pot
*** SUMMARY ***
Total pot 40 | Rake 0 
Seat 1: on_earth_today (big blind) collected (40)
Seat 2: Mahu2021 (button) folded before Flop (didn't bet)
Seat 3: Antreas420 (small blind) folded before Flop



PokerStars Hand #253110023129: Tournament #3816692490, $1.84+$0.16 USD Hold'em No Limit - Level III (20/40) - 2024/10/26 15:49:46 CET [2024/10/26 9:49:46 ET]
Table '3816692490 1' 3-max Seat #3 is the button
Seat 1: on_earth_today (560 in chips) 
Seat 2: Mahu2021 (880 in chips) 
Seat 3: Antreas420 (60 in chips) 
on_earth_today: posts small blind 20
Mahu2021: posts big blind 40
*** HOLE CARDS ***
Dealt to Mahu2021 [9h Kc]
Antreas420: raises 20 to 60 and is all-in
on_earth_today: folds 
Mahu2021: calls 20
*** FLOP *** [3d Qh Ts]
*** TURN *** [3d Qh Ts] [9s]
*** RIVER *** [3d Qh Ts 9s] [7d]
*** SHOW DOWN ***
Mahu2021: shows [9h Kc] (a pair of Nines)
Antreas420: shows [Kd Qs] (a pair of Queens)
Antreas420 collected 140 from pot
*** SUMMARY ***
Total pot 140 | Rake 0 
Board [3d Qh Ts 9s 7d]
Seat 1: on_earth_today (small blind) folded before Flop
Seat 2: Mahu2021 (big blind) showed [9h Kc] and lost with a pair of Nines
Seat 3: Antreas420 (button) showed [Kd Qs] and won (140) with a pair of Queens



PokerStars Hand #253110025622: Tournament #3816692490, $1.84+$0.16 USD Hold'em No Limit - Level III (20/40) - 2024/10/26 15:49:59 CET [2024/10/26 9:49:59 ET]
Table '3816692490 1' 3-max Seat #1 is the button
Seat 1: on_earth_today (540 in chips) 
Seat 2: Mahu2021 (820 in chips) 
Seat 3: Antreas420 (140 in chips) 
Mahu2021: posts small blind 20
Antreas420: posts big blind 40
*** HOLE CARDS ***
Dealt to Mahu2021 [Ah 4h]
on_earth_today: folds 
Mahu2021: raises 780 to 820 and is all-in
Antreas420: calls 100 and is all-in
Uncalled bet (680) returned to Mahu2021
*** FLOP *** [4c 4d 6s]
*** TURN *** [4c 4d 6s] [3h]
*** RIVER *** [4c 4d 6s 3h] [3d]
*** SHOW DOWN ***
Mahu2021: shows [Ah 4h] (a full house, Fours full of Threes)
Antreas420: shows [3c Ac] (a full house, Threes full of Fours)
Mahu2021 collected 280 from pot
Antreas420 finished the tournament in 3rd place
*** SUMMARY ***
Total pot 280 | Rake 0 
Board [4c 4d 6s 3h 3d]
Seat 1: on_earth_today (button) folded before Flop (didn't bet)
Seat 2: Mahu2021 (small blind) showed [Ah 4h] and won (280) with a full house, Fours full of Threes
Seat 3: Antreas420 (big blind) showed [3c Ac] and lost with a full house, Threes full of Fours



PokerStars Hand #253110029007: Tournament #3816692490, $1.84+$0.16 USD Hold'em No Limit - Level III (20/40) - 2024/10/26 15:50:17 CET [2024/10/26 9:50:17 ET]
Table '3816692490 1' 3-max Seat #2 is the button
Seat 1: on_earth_today (540 in chips) 
Seat 2: Mahu2021 (960 in chips) 
Mahu2021: posts small blind 20
on_earth_today: posts big blind 40
*** HOLE CARDS ***
Dealt to Mahu2021 [6h Qh]
Mahu2021: raises 40 to 80
on_earth_today: calls 40
*** FLOP *** [6d Qd 7d]
on_earth_today: checks 
Mahu2021: bets 80
on_earth_today: folds 
Uncalled bet (80) returned to Mahu2021
Mahu2021 collected 160 from pot
Mahu2021: doesn't show hand 
*** SUMMARY ***
Total pot 160 | Rake 0 
Board [6d Qd 7d]
Seat 1: on_earth_today (big blind) folded on the Flop
Seat 2: Mahu2021 (button) (small blind) collected (160)



PokerStars Hand #253110031037: Tournament #3816692490, $1.84+$0.16 USD Hold'em No Limit - Level III (20/40) - 2024/10/26 15:50:28 CET [2024/10/26 9:50:28 ET]
Table '3816692490 1' 3-max Seat #1 is the button
Seat 1: on_earth_today (460 in chips) 
Seat 2: Mahu2021 (1040 in chips) 
on_earth_today: posts small blind 20
Mahu2021: posts big blind 40
*** HOLE CARDS ***
Dealt to Mahu2021 [4h Ac]
on_earth_today: folds 
Uncalled bet (20) returned to Mahu2021
Mahu2021 collected 40 from pot
Mahu2021: doesn't show hand 
*** SUMMARY ***
Total pot 40 | Rake 0 
Seat 1: on_earth_today (button) (small blind) folded before Flop
Seat 2: Mahu2021 (big blind) collected (40)



PokerStars Hand #253110032354: Tournament #3816692490, $1.84+$0.16 USD Hold'em No Limit - Level IV (30/60) - 2024/10/26 15:50:35 CET [2024/10/26 9:50:35 ET]
Table '3816692490 1' 3-max Seat #2 is the button
Seat 1: on_earth_today (440 in chips) 
Seat 2: Mahu2021 (1060 in chips) 
Mahu2021: posts small blind 30
on_earth_today: posts big blind 60
*** HOLE CARDS ***
Dealt to Mahu2021 [Td Kh]
Mahu2021: raises 60 to 120
on_earth_today: folds 
Uncalled bet (60) returned to Mahu2021
Mahu2021 collected 120 from pot
Mahu2021: doesn't show hand 
*** SUMMARY ***
Total pot 120 | Rake 0 
Seat 1: on_earth_today (big blind) folded before Flop
Seat 2: Mahu2021 (button) (small blind) collected (120)



PokerStars Hand #253110033110: Tournament #3816692490, $1.84+$0.16 USD Hold'em No Limit - Level IV (30/60) - 2024/10/26 15:50:39 CET [2024/10/26 9:50:39 ET]
Table '3816692490 1' 3-max Seat #1 is the button
Seat 1: on_earth_today (380 in chips) 
Seat 2: Mahu2021 (1120 in chips) 
on_earth_today: posts small blind 30
Mahu2021: posts big blind 60
*** HOLE CARDS ***
Dealt to Mahu2021 [7d 6d]
on_earth_today: folds 
Uncalled bet (30) returned to Mahu2021
Mahu2021 collected 60 from pot
Mahu2021: doesn't show hand 
*** SUMMARY ***
Total pot 60 | Rake 0 
Seat 1: on_earth_today (button) (small blind) folded before Flop
Seat 2: Mahu2021 (big blind) collected (60)



PokerStars Hand #253110033846: Tournament #3816692490, $1.84+$0.16 USD Hold'em No Limit - Level IV (30/60) - 2024/10/26 15:50:43 CET [2024/10/26 9:50:43 ET]
Table '3816692490 1' 3-max Seat #2 is the button
Seat 1: on_earth_today (350 in chips) 
Seat 2: Mahu2021 (1150 in chips) 
Mahu2021: posts small blind 30
on_earth_today: posts big blind 60
*** HOLE CARDS ***
Dealt to Mahu2021 [5h 6c]
Mahu2021: raises 60 to 120
on_earth_today: calls 60
*** FLOP *** [5s 2d 4c]
on_earth_today: checks 
Mahu2021: bets 240
on_earth_today: calls 230 and is all-in
Uncalled bet (10) returned to Mahu2021
*** TURN *** [5s 2d 4c] [Tc]
*** RIVER *** [5s 2d 4c Tc] [4s]
*** SHOW DOWN ***
on_earth_today: shows [Qd 6d] (a pair of Fours)
Mahu2021: shows [5h 6c] (two pair, Fives and Fours)
Mahu2021 collected 700 from pot
on_earth_today finished the tournament in 2nd place
Mahu2021 wins the tournament and receives $4.00 - congratulations!
*** SUMMARY ***
Total pot 700 | Rake 0 
Board [5s 2d 4c Tc 4s]
Seat 1: on_earth_today (big blind) showed [Qd 6d] and lost with a pair of Fours
Seat 2: Mahu2021 (button) (small blind) showed [5h 6c] and won (700) with two pair, Fives and Fours



