PokerStars Hand #252903574086: Tournament #3811397332, $1.84+$0.16 USD Hold'em No Limit - Level I (10/20) - 2024/10/13 9:38:08 CET [2024/10/13 3:38:08 ET]
Table '3811397332 1' 3-max Seat #1 is the button
Seat 1: Mahu2021 (500 in chips) 
Seat 2: Pachey On (500 in chips) 
Seat 3: steveg321 (500 in chips) 
Pachey On: posts small blind 10
steveg321: posts big blind 20
*** HOLE CARDS ***
Dealt to Mahu2021 [2h Ac]
Mahu2021: folds 
Pachey On: raises 20 to 40
steveg321: calls 20
*** FLOP *** [9d 8d Jh]
Pachey On: checks 
steveg321: bets 40
Pachey On: folds 
Uncalled bet (40) returned to steveg321
steveg321 collected 80 from pot
steveg321: doesn't show hand 
*** SUMMARY ***
Total pot 80 | Rake 0 
Board [9d 8d Jh]
Seat 1: Mahu2021 (button) folded before Flop (didn't bet)
Seat 2: Pachey On (small blind) folded on the Flop
Seat 3: steveg321 (big blind) collected (80)



PokerStars Hand #252903576761: Tournament #3811397332, $1.84+$0.16 USD Hold'em No Limit - Level I (10/20) - 2024/10/13 9:38:35 CET [2024/10/13 3:38:35 ET]
Table '3811397332 1' 3-max Seat #2 is the button
Seat 1: Mahu2021 (500 in chips) 
Seat 2: Pachey On (460 in chips) 
Seat 3: steveg321 (540 in chips) 
steveg321: posts small blind 10
Mahu2021: posts big blind 20
*** HOLE CARDS ***
Dealt to Mahu2021 [8d Kc]
Pachey On: folds 
steveg321: calls 10
Mahu2021: checks 
*** FLOP *** [7d 5h Ac]
steveg321: checks 
Mahu2021: checks 
*** TURN *** [7d 5h Ac] [9c]
steveg321: checks 
Mahu2021: checks 
*** RIVER *** [7d 5h Ac 9c] [9h]
steveg321: checks 
Mahu2021: bets 40
steveg321: calls 40
*** SHOW DOWN ***
Mahu2021: shows [8d Kc] (a pair of Nines)
steveg321: mucks hand 
Mahu2021 collected 120 from pot
*** SUMMARY ***
Total pot 120 | Rake 0 
Board [7d 5h Ac 9c 9h]
Seat 1: Mahu2021 (big blind) showed [8d Kc] and won (120) with a pair of Nines
Seat 2: Pachey On (button) folded before Flop (didn't bet)
Seat 3: steveg321 (small blind) mucked [6s Qd]



PokerStars Hand #252903579028: Tournament #3811397332, $1.84+$0.16 USD Hold'em No Limit - Level I (10/20) - 2024/10/13 9:38:58 CET [2024/10/13 3:38:58 ET]
Table '3811397332 1' 3-max Seat #3 is the button
Seat 1: Mahu2021 (560 in chips) 
Seat 2: Pachey On (460 in chips) 
Seat 3: steveg321 (480 in chips) 
Mahu2021: posts small blind 10
Pachey On: posts big blind 20
*** HOLE CARDS ***
Dealt to Mahu2021 [4d 8c]
steveg321: folds 
Mahu2021: folds 
Uncalled bet (10) returned to Pachey On
Pachey On collected 20 from pot
*** SUMMARY ***
Total pot 20 | Rake 0 
Seat 1: Mahu2021 (small blind) folded before Flop
Seat 2: Pachey On (big blind) collected (20)
Seat 3: steveg321 (button) folded before Flop (didn't bet)



PokerStars Hand #252903579619: Tournament #3811397332, $1.84+$0.16 USD Hold'em No Limit - Level I (10/20) - 2024/10/13 9:39:04 CET [2024/10/13 3:39:04 ET]
Table '3811397332 1' 3-max Seat #1 is the button
Seat 1: Mahu2021 (550 in chips) 
Seat 2: Pachey On (470 in chips) 
Seat 3: steveg321 (480 in chips) 
Pachey On: posts small blind 10
steveg321: posts big blind 20
*** HOLE CARDS ***
Dealt to Mahu2021 [Ts 5h]
Mahu2021: folds 
Pachey On: raises 20 to 40
steveg321: folds 
Uncalled bet (20) returned to Pachey On
Pachey On collected 40 from pot
*** SUMMARY ***
Total pot 40 | Rake 0 
Seat 1: Mahu2021 (button) folded before Flop (didn't bet)
Seat 2: Pachey On (small blind) collected (40)
Seat 3: steveg321 (big blind) folded before Flop



PokerStars Hand #252903580810: Tournament #3811397332, $1.84+$0.16 USD Hold'em No Limit - Level I (10/20) - 2024/10/13 9:39:16 CET [2024/10/13 3:39:16 ET]
Table '3811397332 1' 3-max Seat #2 is the button
Seat 1: Mahu2021 (550 in chips) 
Seat 2: Pachey On (490 in chips) 
Seat 3: steveg321 (460 in chips) 
steveg321: posts small blind 10
Mahu2021: posts big blind 20
*** HOLE CARDS ***
Dealt to Mahu2021 [8s Tc]
Pachey On: folds 
steveg321: raises 20 to 40
Mahu2021: folds 
Uncalled bet (20) returned to steveg321
steveg321 collected 40 from pot
steveg321: doesn't show hand 
*** SUMMARY ***
Total pot 40 | Rake 0 
Seat 1: Mahu2021 (big blind) folded before Flop
Seat 2: Pachey On (button) folded before Flop (didn't bet)
Seat 3: steveg321 (small blind) collected (40)



PokerStars Hand #252903581475: Tournament #3811397332, $1.84+$0.16 USD Hold'em No Limit - Level I (10/20) - 2024/10/13 9:39:23 CET [2024/10/13 3:39:23 ET]
Table '3811397332 1' 3-max Seat #3 is the button
Seat 1: Mahu2021 (530 in chips) 
Seat 2: Pachey On (490 in chips) 
Seat 3: steveg321 (480 in chips) 
Mahu2021: posts small blind 10
Pachey On: posts big blind 20
*** HOLE CARDS ***
Dealt to Mahu2021 [8s Jh]
steveg321: raises 20 to 40
Mahu2021: folds 
Pachey On: folds 
Uncalled bet (20) returned to steveg321
steveg321 collected 50 from pot
steveg321: doesn't show hand 
*** SUMMARY ***
Total pot 50 | Rake 0 
Seat 1: Mahu2021 (small blind) folded before Flop
Seat 2: Pachey On (big blind) folded before Flop
Seat 3: steveg321 (button) collected (50)



PokerStars Hand #252903582243: Tournament #3811397332, $1.84+$0.16 USD Hold'em No Limit - Level I (10/20) - 2024/10/13 9:39:31 CET [2024/10/13 3:39:31 ET]
Table '3811397332 1' 3-max Seat #1 is the button
Seat 1: Mahu2021 (520 in chips) 
Seat 2: Pachey On (470 in chips) 
Seat 3: steveg321 (510 in chips) 
Pachey On: posts small blind 10
steveg321: posts big blind 20
*** HOLE CARDS ***
Dealt to Mahu2021 [5d 6s]
Mahu2021: folds 
Pachey On: raises 20 to 40
steveg321: calls 20
*** FLOP *** [5s Qs 9s]
Pachey On: bets 40
steveg321: folds 
Uncalled bet (40) returned to Pachey On
Pachey On collected 80 from pot
*** SUMMARY ***
Total pot 80 | Rake 0 
Board [5s Qs 9s]
Seat 1: Mahu2021 (button) folded before Flop (didn't bet)
Seat 2: Pachey On (small blind) collected (80)
Seat 3: steveg321 (big blind) folded on the Flop



PokerStars Hand #252903584478: Tournament #3811397332, $1.84+$0.16 USD Hold'em No Limit - Level I (10/20) - 2024/10/13 9:39:53 CET [2024/10/13 3:39:53 ET]
Table '3811397332 1' 3-max Seat #2 is the button
Seat 1: Mahu2021 (520 in chips) 
Seat 2: Pachey On (510 in chips) 
Seat 3: steveg321 (470 in chips) 
steveg321: posts small blind 10
Mahu2021: posts big blind 20
*** HOLE CARDS ***
Dealt to Mahu2021 [Qs Tc]
Pachey On: folds 
steveg321: calls 10
Mahu2021: checks 
*** FLOP *** [Jd Kc Qd]
steveg321: bets 20
Mahu2021: calls 20
*** TURN *** [Jd Kc Qd] [Ks]
steveg321: bets 20
Mahu2021: calls 20
*** RIVER *** [Jd Kc Qd Ks] [Jc]
steveg321: bets 20
Mahu2021: calls 20
*** SHOW DOWN ***
steveg321: shows [Qh 3h] (two pair, Kings and Queens)
Mahu2021: shows [Qs Tc] (two pair, Kings and Queens)
steveg321 collected 80 from pot
Mahu2021 collected 80 from pot
*** SUMMARY ***
Total pot 160 | Rake 0 
Board [Jd Kc Qd Ks Jc]
Seat 1: Mahu2021 (big blind) showed [Qs Tc] and won (80) with two pair, Kings and Queens
Seat 2: Pachey On (button) folded before Flop (didn't bet)
Seat 3: steveg321 (small blind) showed [Qh 3h] and won (80) with two pair, Kings and Queens



PokerStars Hand #252903586068: Tournament #3811397332, $1.84+$0.16 USD Hold'em No Limit - Level I (10/20) - 2024/10/13 9:40:09 CET [2024/10/13 3:40:09 ET]
Table '3811397332 1' 3-max Seat #3 is the button
Seat 1: Mahu2021 (520 in chips) 
Seat 2: Pachey On (510 in chips) 
Seat 3: steveg321 (470 in chips) 
Mahu2021: posts small blind 10
Pachey On: posts big blind 20
*** HOLE CARDS ***
Dealt to Mahu2021 [Ad 8d]
steveg321: calls 20
Mahu2021: calls 10
Pachey On: checks 
*** FLOP *** [2s Jd Kh]
Mahu2021: checks 
Pachey On: checks 
steveg321: checks 
*** TURN *** [2s Jd Kh] [Ks]
Mahu2021: checks 
Pachey On: checks 
steveg321: checks 
*** RIVER *** [2s Jd Kh Ks] [Qh]
Mahu2021: bets 40
Pachey On: raises 70 to 110
steveg321: calls 110
Mahu2021: folds 
*** SHOW DOWN ***
Pachey On: shows [4s Qc] (two pair, Kings and Queens)
steveg321: shows [9s Tc] (a straight, Nine to King)
steveg321 collected 320 from pot
*** SUMMARY ***
Total pot 320 | Rake 0 
Board [2s Jd Kh Ks Qh]
Seat 1: Mahu2021 (small blind) folded on the River
Seat 2: Pachey On (big blind) showed [4s Qc] and lost with two pair, Kings and Queens
Seat 3: steveg321 (button) showed [9s Tc] and won (320) with a straight, Nine to King



PokerStars Hand #252903590583: Tournament #3811397332, $1.84+$0.16 USD Hold'em No Limit - Level I (10/20) - 2024/10/13 9:40:54 CET [2024/10/13 3:40:54 ET]
Table '3811397332 1' 3-max Seat #1 is the button
Seat 1: Mahu2021 (460 in chips) 
Seat 2: Pachey On (380 in chips) 
Seat 3: steveg321 (660 in chips) 
Pachey On: posts small blind 10
steveg321: posts big blind 20
*** HOLE CARDS ***
Dealt to Mahu2021 [9c 5d]
Mahu2021: folds 
Pachey On: folds 
Uncalled bet (10) returned to steveg321
steveg321 collected 20 from pot
steveg321: doesn't show hand 
*** SUMMARY ***
Total pot 20 | Rake 0 
Seat 1: Mahu2021 (button) folded before Flop (didn't bet)
Seat 2: Pachey On (small blind) folded before Flop
Seat 3: steveg321 (big blind) collected (20)



PokerStars Hand #252903591585: Tournament #3811397332, $1.84+$0.16 USD Hold'em No Limit - Level I (10/20) - 2024/10/13 9:41:04 CET [2024/10/13 3:41:04 ET]
Table '3811397332 1' 3-max Seat #2 is the button
Seat 1: Mahu2021 (460 in chips) 
Seat 2: Pachey On (370 in chips) 
Seat 3: steveg321 (670 in chips) 
steveg321: posts small blind 10
Mahu2021: posts big blind 20
*** HOLE CARDS ***
Dealt to Mahu2021 [9d Jc]
Pachey On: raises 20 to 40
steveg321: folds 
Mahu2021: calls 20
*** FLOP *** [Js 3d 6c]
Mahu2021: bets 90
Pachey On: folds [3c]
Uncalled bet (90) returned to Mahu2021
Mahu2021 collected 90 from pot
Mahu2021: doesn't show hand 
*** SUMMARY ***
Total pot 90 | Rake 0 
Board [Js 3d 6c]
Seat 1: Mahu2021 (big blind) collected (90)
Seat 2: Pachey On (button) folded on the Flop
Seat 3: steveg321 (small blind) folded before Flop



PokerStars Hand #252903593794: Tournament #3811397332, $1.84+$0.16 USD Hold'em No Limit - Level II (15/30) - 2024/10/13 9:41:26 CET [2024/10/13 3:41:26 ET]
Table '3811397332 1' 3-max Seat #3 is the button
Seat 1: Mahu2021 (510 in chips) 
Seat 2: Pachey On (330 in chips) 
Seat 3: steveg321 (660 in chips) 
Mahu2021: posts small blind 15
Pachey On: posts big blind 30
*** HOLE CARDS ***
Dealt to Mahu2021 [2h 3h]
steveg321: calls 30
Mahu2021: calls 15
Pachey On: checks 
*** FLOP *** [7c 5c Kh]
Mahu2021: checks 
Pachey On: checks 
steveg321: bets 90
Mahu2021: folds 
Pachey On: folds 
Uncalled bet (90) returned to steveg321
steveg321 collected 90 from pot
steveg321: doesn't show hand 
*** SUMMARY ***
Total pot 90 | Rake 0 
Board [7c 5c Kh]
Seat 1: Mahu2021 (small blind) folded on the Flop
Seat 2: Pachey On (big blind) folded on the Flop
Seat 3: steveg321 (button) collected (90)



PokerStars Hand #252903597339: Tournament #3811397332, $1.84+$0.16 USD Hold'em No Limit - Level II (15/30) - 2024/10/13 9:42:01 CET [2024/10/13 3:42:01 ET]
Table '3811397332 1' 3-max Seat #1 is the button
Seat 1: Mahu2021 (480 in chips) 
Seat 2: Pachey On (300 in chips) 
Seat 3: steveg321 (720 in chips) 
Pachey On: posts small blind 15
steveg321: posts big blind 30
*** HOLE CARDS ***
Dealt to Mahu2021 [2d 5h]
Mahu2021: folds 
Pachey On: folds 
Uncalled bet (15) returned to steveg321
steveg321 collected 30 from pot
steveg321: doesn't show hand 
*** SUMMARY ***
Total pot 30 | Rake 0 
Seat 1: Mahu2021 (button) folded before Flop (didn't bet)
Seat 2: Pachey On (small blind) folded before Flop
Seat 3: steveg321 (big blind) collected (30)



PokerStars Hand #252903597996: Tournament #3811397332, $1.84+$0.16 USD Hold'em No Limit - Level II (15/30) - 2024/10/13 9:42:07 CET [2024/10/13 3:42:07 ET]
Table '3811397332 1' 3-max Seat #2 is the button
Seat 1: Mahu2021 (480 in chips) 
Seat 2: Pachey On (285 in chips) 
Seat 3: steveg321 (735 in chips) 
steveg321: posts small blind 15
Mahu2021: posts big blind 30
*** HOLE CARDS ***
Dealt to Mahu2021 [4s 7h]
Pachey On: folds 
steveg321: calls 15
Mahu2021: checks 
*** FLOP *** [Ac Qh Qc]
steveg321: bets 30
Mahu2021: folds 
Uncalled bet (30) returned to steveg321
steveg321 collected 60 from pot
steveg321: doesn't show hand 
*** SUMMARY ***
Total pot 60 | Rake 0 
Board [Ac Qh Qc]
Seat 1: Mahu2021 (big blind) folded on the Flop
Seat 2: Pachey On (button) folded before Flop (didn't bet)
Seat 3: steveg321 (small blind) collected (60)



PokerStars Hand #252903599289: Tournament #3811397332, $1.84+$0.16 USD Hold'em No Limit - Level II (15/30) - 2024/10/13 9:42:20 CET [2024/10/13 3:42:20 ET]
Table '3811397332 1' 3-max Seat #3 is the button
Seat 1: Mahu2021 (450 in chips) 
Seat 2: Pachey On (285 in chips) 
Seat 3: steveg321 (765 in chips) 
Mahu2021: posts small blind 15
Pachey On: posts big blind 30
*** HOLE CARDS ***
Dealt to Mahu2021 [Th 6h]
steveg321: folds 
Mahu2021: calls 15
Pachey On: raises 255 to 285 and is all-in
Mahu2021: folds 
Uncalled bet (255) returned to Pachey On
Pachey On collected 60 from pot
*** SUMMARY ***
Total pot 60 | Rake 0 
Seat 1: Mahu2021 (small blind) folded before Flop
Seat 2: Pachey On (big blind) collected (60)
Seat 3: steveg321 (button) folded before Flop (didn't bet)



PokerStars Hand #252903600464: Tournament #3811397332, $1.84+$0.16 USD Hold'em No Limit - Level II (15/30) - 2024/10/13 9:42:32 CET [2024/10/13 3:42:32 ET]
Table '3811397332 1' 3-max Seat #1 is the button
Seat 1: Mahu2021 (420 in chips) 
Seat 2: Pachey On (315 in chips) 
Seat 3: steveg321 (765 in chips) 
Pachey On: posts small blind 15
steveg321: posts big blind 30
*** HOLE CARDS ***
Dealt to Mahu2021 [6h Ah]
Mahu2021: raises 60 to 90
Pachey On: raises 225 to 315 and is all-in
steveg321: folds 
Mahu2021: calls 225
*** FLOP *** [Kd 6d 9h]
*** TURN *** [Kd 6d 9h] [5c]
*** RIVER *** [Kd 6d 9h 5c] [5h]
*** SHOW DOWN ***
Pachey On: shows [Ad Ts] (a pair of Fives)
Mahu2021: shows [6h Ah] (two pair, Sixes and Fives)
Mahu2021 collected 660 from pot
Pachey On finished the tournament in 3rd place
*** SUMMARY ***
Total pot 660 | Rake 0 
Board [Kd 6d 9h 5c 5h]
Seat 1: Mahu2021 (button) showed [6h Ah] and won (660) with two pair, Sixes and Fives
Seat 2: Pachey On (small blind) showed [Ad Ts] and lost with a pair of Fives
Seat 3: steveg321 (big blind) folded before Flop



PokerStars Hand #252903602843: Tournament #3811397332, $1.84+$0.16 USD Hold'em No Limit - Level II (15/30) - 2024/10/13 9:42:56 CET [2024/10/13 3:42:56 ET]
Table '3811397332 1' 3-max Seat #3 is the button
Seat 1: Mahu2021 (765 in chips) 
Seat 3: steveg321 (735 in chips) 
steveg321: posts small blind 15
Mahu2021: posts big blind 30
*** HOLE CARDS ***
Dealt to Mahu2021 [8s 7d]
steveg321: calls 15
Mahu2021: checks 
*** FLOP *** [3h Qd 3s]
Mahu2021: checks 
steveg321: checks 
*** TURN *** [3h Qd 3s] [4d]
Mahu2021: checks 
steveg321: bets 30
Mahu2021: folds 
Uncalled bet (30) returned to steveg321
steveg321 collected 60 from pot
steveg321: doesn't show hand 
*** SUMMARY ***
Total pot 60 | Rake 0 
Board [3h Qd 3s 4d]
Seat 1: Mahu2021 (big blind) folded on the Turn
Seat 3: steveg321 (button) (small blind) collected (60)



PokerStars Hand #252903604131: Tournament #3811397332, $1.84+$0.16 USD Hold'em No Limit - Level II (15/30) - 2024/10/13 9:43:09 CET [2024/10/13 3:43:09 ET]
Table '3811397332 1' 3-max Seat #1 is the button
Seat 1: Mahu2021 (735 in chips) 
Seat 3: steveg321 (765 in chips) 
Mahu2021: posts small blind 15
steveg321: posts big blind 30
*** HOLE CARDS ***
Dealt to Mahu2021 [2c 9c]
Mahu2021: folds 
Uncalled bet (15) returned to steveg321
steveg321 collected 30 from pot
steveg321: doesn't show hand 
*** SUMMARY ***
Total pot 30 | Rake 0 
Seat 1: Mahu2021 (button) (small blind) folded before Flop
Seat 3: steveg321 (big blind) collected (30)



PokerStars Hand #252903604541: Tournament #3811397332, $1.84+$0.16 USD Hold'em No Limit - Level II (15/30) - 2024/10/13 9:43:13 CET [2024/10/13 3:43:13 ET]
Table '3811397332 1' 3-max Seat #3 is the button
Seat 1: Mahu2021 (720 in chips) 
Seat 3: steveg321 (780 in chips) 
steveg321: posts small blind 15
Mahu2021: posts big blind 30
*** HOLE CARDS ***
Dealt to Mahu2021 [3d 5d]
steveg321: calls 15
Mahu2021: checks 
*** FLOP *** [Qd 8h Kc]
Mahu2021: checks 
steveg321: checks 
*** TURN *** [Qd 8h Kc] [Qh]
Mahu2021: checks 
steveg321: checks 
*** RIVER *** [Qd 8h Kc Qh] [Qc]
Mahu2021: checks 
steveg321: bets 30
Mahu2021: folds 
Uncalled bet (30) returned to steveg321
steveg321 collected 60 from pot
steveg321: doesn't show hand 
*** SUMMARY ***
Total pot 60 | Rake 0 
Board [Qd 8h Kc Qh Qc]
Seat 1: Mahu2021 (big blind) folded on the River
Seat 3: steveg321 (button) (small blind) collected (60)



PokerStars Hand #252903606140: Tournament #3811397332, $1.84+$0.16 USD Hold'em No Limit - Level II (15/30) - 2024/10/13 9:43:29 CET [2024/10/13 3:43:29 ET]
Table '3811397332 1' 3-max Seat #1 is the button
Seat 1: Mahu2021 (690 in chips) 
Seat 3: steveg321 (810 in chips) 
Mahu2021: posts small blind 15
steveg321: posts big blind 30
*** HOLE CARDS ***
Dealt to Mahu2021 [8h 8c]
Mahu2021: raises 60 to 90
steveg321: folds 
Uncalled bet (60) returned to Mahu2021
Mahu2021 collected 60 from pot
Mahu2021: doesn't show hand 
*** SUMMARY ***
Total pot 60 | Rake 0 
Seat 1: Mahu2021 (button) (small blind) collected (60)
Seat 3: steveg321 (big blind) folded before Flop



PokerStars Hand #252903606841: Tournament #3811397332, $1.84+$0.16 USD Hold'em No Limit - Level II (15/30) - 2024/10/13 9:43:36 CET [2024/10/13 3:43:36 ET]
Table '3811397332 1' 3-max Seat #3 is the button
Seat 1: Mahu2021 (720 in chips) 
Seat 3: steveg321 (780 in chips) 
steveg321: posts small blind 15
Mahu2021: posts big blind 30
*** HOLE CARDS ***
Dealt to Mahu2021 [Js Jc]
steveg321: calls 15
Mahu2021: raises 90 to 120
steveg321: calls 90
*** FLOP *** [As Kd 2s]
Mahu2021: checks 
steveg321: bets 240
Mahu2021: folds 
Uncalled bet (240) returned to steveg321
steveg321 collected 240 from pot
steveg321: doesn't show hand 
*** SUMMARY ***
Total pot 240 | Rake 0 
Board [As Kd 2s]
Seat 1: Mahu2021 (big blind) folded on the Flop
Seat 3: steveg321 (button) (small blind) collected (240)



PokerStars Hand #252903608061: Tournament #3811397332, $1.84+$0.16 USD Hold'em No Limit - Level II (15/30) - 2024/10/13 9:43:48 CET [2024/10/13 3:43:48 ET]
Table '3811397332 1' 3-max Seat #1 is the button
Seat 1: Mahu2021 (600 in chips) 
Seat 3: steveg321 (900 in chips) 
Mahu2021: posts small blind 15
steveg321: posts big blind 30
*** HOLE CARDS ***
Dealt to Mahu2021 [5d Ah]
Mahu2021: raises 30 to 60
steveg321: folds 
Uncalled bet (30) returned to Mahu2021
Mahu2021 collected 60 from pot
Mahu2021: doesn't show hand 
*** SUMMARY ***
Total pot 60 | Rake 0 
Seat 1: Mahu2021 (button) (small blind) collected (60)
Seat 3: steveg321 (big blind) folded before Flop



PokerStars Hand #252903608628: Tournament #3811397332, $1.84+$0.16 USD Hold'em No Limit - Level II (15/30) - 2024/10/13 9:43:53 CET [2024/10/13 3:43:53 ET]
Table '3811397332 1' 3-max Seat #3 is the button
Seat 1: Mahu2021 (630 in chips) 
Seat 3: steveg321 (870 in chips) 
steveg321: posts small blind 15
Mahu2021: posts big blind 30
*** HOLE CARDS ***
Dealt to Mahu2021 [2h 8h]
steveg321: folds 
Uncalled bet (15) returned to Mahu2021
Mahu2021 collected 30 from pot
Mahu2021: doesn't show hand 
*** SUMMARY ***
Total pot 30 | Rake 0 
Seat 1: Mahu2021 (big blind) collected (30)
Seat 3: steveg321 (button) (small blind) folded before Flop



PokerStars Hand #252903609131: Tournament #3811397332, $1.84+$0.16 USD Hold'em No Limit - Level II (15/30) - 2024/10/13 9:43:59 CET [2024/10/13 3:43:59 ET]
Table '3811397332 1' 3-max Seat #1 is the button
Seat 1: Mahu2021 (645 in chips) 
Seat 3: steveg321 (855 in chips) 
Mahu2021: posts small blind 15
steveg321: posts big blind 30
*** HOLE CARDS ***
Dealt to Mahu2021 [Td 4h]
Mahu2021: folds 
Uncalled bet (15) returned to steveg321
steveg321 collected 30 from pot
steveg321: doesn't show hand 
*** SUMMARY ***
Total pot 30 | Rake 0 
Seat 1: Mahu2021 (button) (small blind) folded before Flop
Seat 3: steveg321 (big blind) collected (30)



PokerStars Hand #252903609524: Tournament #3811397332, $1.84+$0.16 USD Hold'em No Limit - Level II (15/30) - 2024/10/13 9:44:03 CET [2024/10/13 3:44:03 ET]
Table '3811397332 1' 3-max Seat #3 is the button
Seat 1: Mahu2021 (630 in chips) 
Seat 3: steveg321 (870 in chips) 
steveg321: posts small blind 15
Mahu2021: posts big blind 30
*** HOLE CARDS ***
Dealt to Mahu2021 [Js Tc]
steveg321: folds 
Uncalled bet (15) returned to Mahu2021
Mahu2021 collected 30 from pot
Mahu2021: doesn't show hand 
*** SUMMARY ***
Total pot 30 | Rake 0 
Seat 1: Mahu2021 (big blind) collected (30)
Seat 3: steveg321 (button) (small blind) folded before Flop



PokerStars Hand #252903610080: Tournament #3811397332, $1.84+$0.16 USD Hold'em No Limit - Level II (15/30) - 2024/10/13 9:44:08 CET [2024/10/13 3:44:08 ET]
Table '3811397332 1' 3-max Seat #1 is the button
Seat 1: Mahu2021 (645 in chips) 
Seat 3: steveg321 (855 in chips) 
Mahu2021: posts small blind 15
steveg321: posts big blind 30
*** HOLE CARDS ***
Dealt to Mahu2021 [6s Td]
Mahu2021: folds 
Uncalled bet (15) returned to steveg321
steveg321 collected 30 from pot
steveg321: doesn't show hand 
*** SUMMARY ***
Total pot 30 | Rake 0 
Seat 1: Mahu2021 (button) (small blind) folded before Flop
Seat 3: steveg321 (big blind) collected (30)



PokerStars Hand #252903610784: Tournament #3811397332, $1.84+$0.16 USD Hold'em No Limit - Level III (20/40) - 2024/10/13 9:44:15 CET [2024/10/13 3:44:15 ET]
Table '3811397332 1' 3-max Seat #3 is the button
Seat 1: Mahu2021 (630 in chips) 
Seat 3: steveg321 (870 in chips) 
steveg321: posts small blind 20
Mahu2021: posts big blind 40
*** HOLE CARDS ***
Dealt to Mahu2021 [Js Qh]
steveg321: folds 
Uncalled bet (20) returned to Mahu2021
Mahu2021 collected 40 from pot
Mahu2021: doesn't show hand 
*** SUMMARY ***
Total pot 40 | Rake 0 
Seat 1: Mahu2021 (big blind) collected (40)
Seat 3: steveg321 (button) (small blind) folded before Flop



PokerStars Hand #252903611320: Tournament #3811397332, $1.84+$0.16 USD Hold'em No Limit - Level III (20/40) - 2024/10/13 9:44:20 CET [2024/10/13 3:44:20 ET]
Table '3811397332 1' 3-max Seat #1 is the button
Seat 1: Mahu2021 (650 in chips) 
Seat 3: steveg321 (850 in chips) 
Mahu2021: posts small blind 20
steveg321: posts big blind 40
*** HOLE CARDS ***
Dealt to Mahu2021 [Ac 3c]
Mahu2021: raises 40 to 80
steveg321: calls 40
*** FLOP *** [Kh 9d 3s]
steveg321: checks 
Mahu2021: checks 
*** TURN *** [Kh 9d 3s] [7h]
steveg321: checks 
Mahu2021: bets 80
steveg321: calls 80
*** RIVER *** [Kh 9d 3s 7h] [Qc]
steveg321: checks 
Mahu2021: checks 
*** SHOW DOWN ***
steveg321: shows [4c 5d] (high card King)
Mahu2021: shows [Ac 3c] (a pair of Threes)
Mahu2021 collected 320 from pot
*** SUMMARY ***
Total pot 320 | Rake 0 
Board [Kh 9d 3s 7h Qc]
Seat 1: Mahu2021 (button) (small blind) showed [Ac 3c] and won (320) with a pair of Threes
Seat 3: steveg321 (big blind) showed [4c 5d] and lost with high card King



PokerStars Hand #252903613192: Tournament #3811397332, $1.84+$0.16 USD Hold'em No Limit - Level III (20/40) - 2024/10/13 9:44:39 CET [2024/10/13 3:44:39 ET]
Table '3811397332 1' 3-max Seat #3 is the button
Seat 1: Mahu2021 (810 in chips) 
Seat 3: steveg321 (690 in chips) 
steveg321: posts small blind 20
Mahu2021: posts big blind 40
*** HOLE CARDS ***
Dealt to Mahu2021 [9h 2s]
steveg321: folds 
Uncalled bet (20) returned to Mahu2021
Mahu2021 collected 40 from pot
Mahu2021: doesn't show hand 
*** SUMMARY ***
Total pot 40 | Rake 0 
Seat 1: Mahu2021 (big blind) collected (40)
Seat 3: steveg321 (button) (small blind) folded before Flop



PokerStars Hand #252903613610: Tournament #3811397332, $1.84+$0.16 USD Hold'em No Limit - Level III (20/40) - 2024/10/13 9:44:44 CET [2024/10/13 3:44:44 ET]
Table '3811397332 1' 3-max Seat #1 is the button
Seat 1: Mahu2021 (830 in chips) 
Seat 3: steveg321 (670 in chips) 
Mahu2021: posts small blind 20
steveg321: posts big blind 40
*** HOLE CARDS ***
Dealt to Mahu2021 [6h 3h]
Mahu2021: calls 20
steveg321: checks 
*** FLOP *** [Kd 4h Kc]
steveg321: checks 
Mahu2021: checks 
*** TURN *** [Kd 4h Kc] [6d]
steveg321: checks 
Mahu2021: checks 
*** RIVER *** [Kd 4h Kc 6d] [6s]
steveg321: bets 40
Mahu2021: raises 120 to 160
steveg321: folds 
Uncalled bet (120) returned to Mahu2021
Mahu2021 collected 160 from pot
Mahu2021: doesn't show hand 
*** SUMMARY ***
Total pot 160 | Rake 0 
Board [Kd 4h Kc 6d 6s]
Seat 1: Mahu2021 (button) (small blind) collected (160)
Seat 3: steveg321 (big blind) folded on the River



PokerStars Hand #252903615348: Tournament #3811397332, $1.84+$0.16 USD Hold'em No Limit - Level III (20/40) - 2024/10/13 9:45:00 CET [2024/10/13 3:45:00 ET]
Table '3811397332 1' 3-max Seat #3 is the button
Seat 1: Mahu2021 (910 in chips) 
Seat 3: steveg321 (590 in chips) 
steveg321: posts small blind 20
Mahu2021: posts big blind 40
*** HOLE CARDS ***
Dealt to Mahu2021 [Jc 9s]
steveg321: raises 40 to 80
Mahu2021: calls 40
*** FLOP *** [6c Th Tc]
Mahu2021: checks 
steveg321: checks 
*** TURN *** [6c Th Tc] [4s]
Mahu2021: checks 
steveg321: checks 
*** RIVER *** [6c Th Tc 4s] [4h]
Mahu2021: checks 
steveg321: checks 
*** SHOW DOWN ***
Mahu2021: shows [Jc 9s] (two pair, Tens and Fours)
steveg321: shows [Js Qc] (two pair, Tens and Fours - Queen kicker)
steveg321 collected 160 from pot
*** SUMMARY ***
Total pot 160 | Rake 0 
Board [6c Th Tc 4s 4h]
Seat 1: Mahu2021 (big blind) showed [Jc 9s] and lost with two pair, Tens and Fours
Seat 3: steveg321 (button) (small blind) showed [Js Qc] and won (160) with two pair, Tens and Fours



PokerStars Hand #252903616532: Tournament #3811397332, $1.84+$0.16 USD Hold'em No Limit - Level III (20/40) - 2024/10/13 9:45:12 CET [2024/10/13 3:45:12 ET]
Table '3811397332 1' 3-max Seat #1 is the button
Seat 1: Mahu2021 (830 in chips) 
Seat 3: steveg321 (670 in chips) 
Mahu2021: posts small blind 20
steveg321: posts big blind 40
*** HOLE CARDS ***
Dealt to Mahu2021 [Jc 8s]
Mahu2021: calls 20
steveg321: checks 
*** FLOP *** [8c 2s 3d]
steveg321: bets 40
Mahu2021: calls 40
*** TURN *** [8c 2s 3d] [Jh]
steveg321: bets 40
Mahu2021: calls 40
*** RIVER *** [8c 2s 3d Jh] [6s]
steveg321: bets 40
Mahu2021: raises 320 to 360
steveg321: folds 
Uncalled bet (320) returned to Mahu2021
Mahu2021 collected 320 from pot
Mahu2021: doesn't show hand 
*** SUMMARY ***
Total pot 320 | Rake 0 
Board [8c 2s 3d Jh 6s]
Seat 1: Mahu2021 (button) (small blind) collected (320)
Seat 3: steveg321 (big blind) folded on the River



PokerStars Hand #252903618098: Tournament #3811397332, $1.84+$0.16 USD Hold'em No Limit - Level III (20/40) - 2024/10/13 9:45:27 CET [2024/10/13 3:45:27 ET]
Table '3811397332 1' 3-max Seat #3 is the button
Seat 1: Mahu2021 (990 in chips) 
Seat 3: steveg321 (510 in chips) 
steveg321: posts small blind 20
Mahu2021: posts big blind 40
*** HOLE CARDS ***
Dealt to Mahu2021 [Ad Th]
steveg321: folds 
Uncalled bet (20) returned to Mahu2021
Mahu2021 collected 40 from pot
Mahu2021: doesn't show hand 
*** SUMMARY ***
Total pot 40 | Rake 0 
Seat 1: Mahu2021 (big blind) collected (40)
Seat 3: steveg321 (button) (small blind) folded before Flop



PokerStars Hand #252903618564: Tournament #3811397332, $1.84+$0.16 USD Hold'em No Limit - Level III (20/40) - 2024/10/13 9:45:32 CET [2024/10/13 3:45:32 ET]
Table '3811397332 1' 3-max Seat #1 is the button
Seat 1: Mahu2021 (1010 in chips) 
Seat 3: steveg321 (490 in chips) 
Mahu2021: posts small blind 20
steveg321: posts big blind 40
*** HOLE CARDS ***
Dealt to Mahu2021 [8h 8d]
Mahu2021: raises 970 to 1010 and is all-in
steveg321: folds 
Uncalled bet (970) returned to Mahu2021
Mahu2021 collected 80 from pot
Mahu2021: doesn't show hand 
*** SUMMARY ***
Total pot 80 | Rake 0 
Seat 1: Mahu2021 (button) (small blind) collected (80)
Seat 3: steveg321 (big blind) folded before Flop



PokerStars Hand #252903619120: Tournament #3811397332, $1.84+$0.16 USD Hold'em No Limit - Level III (20/40) - 2024/10/13 9:45:38 CET [2024/10/13 3:45:38 ET]
Table '3811397332 1' 3-max Seat #3 is the button
Seat 1: Mahu2021 (1050 in chips) 
Seat 3: steveg321 (450 in chips) 
steveg321: posts small blind 20
Mahu2021: posts big blind 40
*** HOLE CARDS ***
Dealt to Mahu2021 [Qh 8s]
steveg321: calls 20
Mahu2021: checks 
*** FLOP *** [Qs Ac 7d]
Mahu2021: checks 
steveg321: bets 40
Mahu2021: calls 40
*** TURN *** [Qs Ac 7d] [Ad]
Mahu2021: checks 
steveg321: bets 40
Mahu2021: calls 40
*** RIVER *** [Qs Ac 7d Ad] [Kh]
Mahu2021: checks 
steveg321: bets 40
Mahu2021: calls 40
*** SHOW DOWN ***
steveg321: shows [Ks 7h] (two pair, Aces and Kings)
Mahu2021: mucks hand 
steveg321 collected 320 from pot
*** SUMMARY ***
Total pot 320 | Rake 0 
Board [Qs Ac 7d Ad Kh]
Seat 1: Mahu2021 (big blind) mucked [Qh 8s]
Seat 3: steveg321 (button) (small blind) showed [Ks 7h] and won (320) with two pair, Aces and Kings



PokerStars Hand #252903620624: Tournament #3811397332, $1.84+$0.16 USD Hold'em No Limit - Level III (20/40) - 2024/10/13 9:45:53 CET [2024/10/13 3:45:53 ET]
Table '3811397332 1' 3-max Seat #1 is the button
Seat 1: Mahu2021 (890 in chips) 
Seat 3: steveg321 (610 in chips) 
Mahu2021: posts small blind 20
steveg321: posts big blind 40
*** HOLE CARDS ***
Dealt to Mahu2021 [3h 4c]
Mahu2021: folds 
Uncalled bet (20) returned to steveg321
steveg321 collected 40 from pot
steveg321: doesn't show hand 
*** SUMMARY ***
Total pot 40 | Rake 0 
Seat 1: Mahu2021 (button) (small blind) folded before Flop
Seat 3: steveg321 (big blind) collected (40)



PokerStars Hand #252903621031: Tournament #3811397332, $1.84+$0.16 USD Hold'em No Limit - Level III (20/40) - 2024/10/13 9:45:57 CET [2024/10/13 3:45:57 ET]
Table '3811397332 1' 3-max Seat #3 is the button
Seat 1: Mahu2021 (870 in chips) 
Seat 3: steveg321 (630 in chips) 
steveg321: posts small blind 20
Mahu2021: posts big blind 40
*** HOLE CARDS ***
Dealt to Mahu2021 [5h 9s]
steveg321: calls 20
Mahu2021: checks 
*** FLOP *** [6s Jh 8h]
Mahu2021: checks 
steveg321: bets 40
Mahu2021: calls 40
*** TURN *** [6s Jh 8h] [3h]
Mahu2021: checks 
steveg321: checks 
*** RIVER *** [6s Jh 8h 3h] [8s]
Mahu2021: checks 
steveg321: checks 
*** SHOW DOWN ***
Mahu2021: shows [5h 9s] (a pair of Eights)
steveg321: shows [Jd 5d] (two pair, Jacks and Eights)
steveg321 collected 160 from pot
*** SUMMARY ***
Total pot 160 | Rake 0 
Board [6s Jh 8h 3h 8s]
Seat 1: Mahu2021 (big blind) showed [5h 9s] and lost with a pair of Eights
Seat 3: steveg321 (button) (small blind) showed [Jd 5d] and won (160) with two pair, Jacks and Eights



PokerStars Hand #252903622423: Tournament #3811397332, $1.84+$0.16 USD Hold'em No Limit - Level III (20/40) - 2024/10/13 9:46:10 CET [2024/10/13 3:46:10 ET]
Table '3811397332 1' 3-max Seat #1 is the button
Seat 1: Mahu2021 (790 in chips) 
Seat 3: steveg321 (710 in chips) 
Mahu2021: posts small blind 20
steveg321: posts big blind 40
*** HOLE CARDS ***
Dealt to Mahu2021 [9s 6s]
Mahu2021: calls 20
steveg321: checks 
*** FLOP *** [Qd 9c Jh]
steveg321: bets 40
Mahu2021: folds 
Uncalled bet (40) returned to steveg321
steveg321 collected 80 from pot
steveg321: doesn't show hand 
*** SUMMARY ***
Total pot 80 | Rake 0 
Board [Qd 9c Jh]
Seat 1: Mahu2021 (button) (small blind) folded on the Flop
Seat 3: steveg321 (big blind) collected (80)



PokerStars Hand #252903623279: Tournament #3811397332, $1.84+$0.16 USD Hold'em No Limit - Level III (20/40) - 2024/10/13 9:46:19 CET [2024/10/13 3:46:19 ET]
Table '3811397332 1' 3-max Seat #3 is the button
Seat 1: Mahu2021 (750 in chips) 
Seat 3: steveg321 (750 in chips) 
steveg321: posts small blind 20
Mahu2021: posts big blind 40
*** HOLE CARDS ***
Dealt to Mahu2021 [3s 9d]
steveg321: calls 20
Mahu2021: checks 
*** FLOP *** [Qs Qd 8d]
Mahu2021: checks 
steveg321: checks 
*** TURN *** [Qs Qd 8d] [8s]
Mahu2021: checks 
steveg321: checks 
*** RIVER *** [Qs Qd 8d 8s] [Ad]
Mahu2021: checks 
steveg321: bets 40
Mahu2021: calls 40
*** SHOW DOWN ***
steveg321: shows [Td Kh] (two pair, Queens and Eights)
Mahu2021: shows [3s 9d] (two pair, Queens and Eights)
Mahu2021 collected 80 from pot
steveg321 collected 80 from pot
*** SUMMARY ***
Total pot 160 | Rake 0 
Board [Qs Qd 8d 8s Ad]
Seat 1: Mahu2021 (big blind) showed [3s 9d] and won (80) with two pair, Queens and Eights
Seat 3: steveg321 (button) (small blind) showed [Td Kh] and won (80) with two pair, Queens and Eights



PokerStars Hand #252903624477: Tournament #3811397332, $1.84+$0.16 USD Hold'em No Limit - Level III (20/40) - 2024/10/13 9:46:30 CET [2024/10/13 3:46:30 ET]
Table '3811397332 1' 3-max Seat #1 is the button
Seat 1: Mahu2021 (750 in chips) 
Seat 3: steveg321 (750 in chips) 
Mahu2021: posts small blind 20
steveg321: posts big blind 40
*** HOLE CARDS ***
Dealt to Mahu2021 [Qh 7s]
Mahu2021: raises 40 to 80
steveg321: calls 40
*** FLOP *** [4c Jh 6h]
steveg321: checks 
Mahu2021: checks 
*** TURN *** [4c Jh 6h] [9h]
steveg321: checks 
Mahu2021: bets 80
steveg321: folds 
Uncalled bet (80) returned to Mahu2021
Mahu2021 collected 160 from pot
Mahu2021: doesn't show hand 
*** SUMMARY ***
Total pot 160 | Rake 0 
Board [4c Jh 6h 9h]
Seat 1: Mahu2021 (button) (small blind) collected (160)
Seat 3: steveg321 (big blind) folded on the Turn



PokerStars Hand #252903625659: Tournament #3811397332, $1.84+$0.16 USD Hold'em No Limit - Level III (20/40) - 2024/10/13 9:46:42 CET [2024/10/13 3:46:42 ET]
Table '3811397332 1' 3-max Seat #3 is the button
Seat 1: Mahu2021 (830 in chips) 
Seat 3: steveg321 (670 in chips) 
steveg321: posts small blind 20
Mahu2021: posts big blind 40
*** HOLE CARDS ***
Dealt to Mahu2021 [7d 9h]
steveg321: calls 20
Mahu2021: checks 
*** FLOP *** [Jd Ks 3h]
Mahu2021: checks 
steveg321: bets 40
Mahu2021: folds 
Uncalled bet (40) returned to steveg321
steveg321 collected 80 from pot
steveg321: doesn't show hand 
*** SUMMARY ***
Total pot 80 | Rake 0 
Board [Jd Ks 3h]
Seat 1: Mahu2021 (big blind) folded on the Flop
Seat 3: steveg321 (button) (small blind) collected (80)



PokerStars Hand #252903626537: Tournament #3811397332, $1.84+$0.16 USD Hold'em No Limit - Level III (20/40) - 2024/10/13 9:46:51 CET [2024/10/13 3:46:51 ET]
Table '3811397332 1' 3-max Seat #1 is the button
Seat 1: Mahu2021 (790 in chips) 
Seat 3: steveg321 (710 in chips) 
Mahu2021: posts small blind 20
steveg321: posts big blind 40
*** HOLE CARDS ***
Dealt to Mahu2021 [Ts 3d]
Mahu2021: folds 
Uncalled bet (20) returned to steveg321
steveg321 collected 40 from pot
steveg321: doesn't show hand 
*** SUMMARY ***
Total pot 40 | Rake 0 
Seat 1: Mahu2021 (button) (small blind) folded before Flop
Seat 3: steveg321 (big blind) collected (40)



PokerStars Hand #252903626906: Tournament #3811397332, $1.84+$0.16 USD Hold'em No Limit - Level III (20/40) - 2024/10/13 9:46:55 CET [2024/10/13 3:46:55 ET]
Table '3811397332 1' 3-max Seat #3 is the button
Seat 1: Mahu2021 (770 in chips) 
Seat 3: steveg321 (730 in chips) 
steveg321: posts small blind 20
Mahu2021: posts big blind 40
*** HOLE CARDS ***
Dealt to Mahu2021 [6c Kc]
steveg321: calls 20
Mahu2021: checks 
*** FLOP *** [3h 6d 7h]
Mahu2021: bets 40
steveg321: calls 40
*** TURN *** [3h 6d 7h] [Ks]
Mahu2021: bets 40
steveg321: calls 40
*** RIVER *** [3h 6d 7h Ks] [8d]
Mahu2021: bets 80
steveg321: calls 80
*** SHOW DOWN ***
Mahu2021: shows [6c Kc] (two pair, Kings and Sixes)
steveg321: mucks hand 
Mahu2021 collected 400 from pot
*** SUMMARY ***
Total pot 400 | Rake 0 
Board [3h 6d 7h Ks 8d]
Seat 1: Mahu2021 (big blind) showed [6c Kc] and won (400) with two pair, Kings and Sixes
Seat 3: steveg321 (button) (small blind) mucked [9h Jh]



PokerStars Hand #252903628178: Tournament #3811397332, $1.84+$0.16 USD Hold'em No Limit - Level III (20/40) - 2024/10/13 9:47:08 CET [2024/10/13 3:47:08 ET]
Table '3811397332 1' 3-max Seat #1 is the button
Seat 1: Mahu2021 (970 in chips) 
Seat 3: steveg321 (530 in chips) 
Mahu2021: posts small blind 20
steveg321: posts big blind 40
*** HOLE CARDS ***
Dealt to Mahu2021 [2d Ts]
Mahu2021: folds 
Uncalled bet (20) returned to steveg321
steveg321 collected 40 from pot
steveg321: doesn't show hand 
*** SUMMARY ***
Total pot 40 | Rake 0 
Seat 1: Mahu2021 (button) (small blind) folded before Flop
Seat 3: steveg321 (big blind) collected (40)



PokerStars Hand #252903628907: Tournament #3811397332, $1.84+$0.16 USD Hold'em No Limit - Level IV (30/60) - 2024/10/13 9:47:15 CET [2024/10/13 3:47:15 ET]
Table '3811397332 1' 3-max Seat #3 is the button
Seat 1: Mahu2021 (950 in chips) 
Seat 3: steveg321 (550 in chips) 
steveg321: posts small blind 30
Mahu2021: posts big blind 60
*** HOLE CARDS ***
Dealt to Mahu2021 [8s 7s]
steveg321: folds 
Uncalled bet (30) returned to Mahu2021
Mahu2021 collected 60 from pot
Mahu2021: doesn't show hand 
*** SUMMARY ***
Total pot 60 | Rake 0 
Seat 1: Mahu2021 (big blind) collected (60)
Seat 3: steveg321 (button) (small blind) folded before Flop



PokerStars Hand #252903629392: Tournament #3811397332, $1.84+$0.16 USD Hold'em No Limit - Level IV (30/60) - 2024/10/13 9:47:20 CET [2024/10/13 3:47:20 ET]
Table '3811397332 1' 3-max Seat #1 is the button
Seat 1: Mahu2021 (980 in chips) 
Seat 3: steveg321 (520 in chips) 
Mahu2021: posts small blind 30
steveg321: posts big blind 60
*** HOLE CARDS ***
Dealt to Mahu2021 [9s 7s]
Mahu2021: calls 30
steveg321: checks 
*** FLOP *** [2s 9h 4s]
steveg321: bets 60
Mahu2021: raises 120 to 180
steveg321: calls 120
*** TURN *** [2s 9h 4s] [4h]
steveg321: bets 60
Mahu2021: raises 680 to 740 and is all-in
steveg321: folds 
Uncalled bet (680) returned to Mahu2021
Mahu2021 collected 600 from pot
Mahu2021: doesn't show hand 
*** SUMMARY ***
Total pot 600 | Rake 0 
Board [2s 9h 4s 4h]
Seat 1: Mahu2021 (button) (small blind) collected (600)
Seat 3: steveg321 (big blind) folded on the Turn



PokerStars Hand #252903630829: Tournament #3811397332, $1.84+$0.16 USD Hold'em No Limit - Level IV (30/60) - 2024/10/13 9:47:34 CET [2024/10/13 3:47:34 ET]
Table '3811397332 1' 3-max Seat #3 is the button
Seat 1: Mahu2021 (1280 in chips) 
Seat 3: steveg321 (220 in chips) 
steveg321: posts small blind 30
Mahu2021: posts big blind 60
*** HOLE CARDS ***
Dealt to Mahu2021 [8d Th]
steveg321: folds 
Uncalled bet (30) returned to Mahu2021
Mahu2021 collected 60 from pot
Mahu2021: doesn't show hand 
*** SUMMARY ***
Total pot 60 | Rake 0 
Seat 1: Mahu2021 (big blind) collected (60)
Seat 3: steveg321 (button) (small blind) folded before Flop



PokerStars Hand #252903631295: Tournament #3811397332, $1.84+$0.16 USD Hold'em No Limit - Level IV (30/60) - 2024/10/13 9:47:39 CET [2024/10/13 3:47:39 ET]
Table '3811397332 1' 3-max Seat #1 is the button
Seat 1: Mahu2021 (1310 in chips) 
Seat 3: steveg321 (190 in chips) 
Mahu2021: posts small blind 30
steveg321: posts big blind 60
*** HOLE CARDS ***
Dealt to Mahu2021 [Td 6c]
Mahu2021: folds 
Uncalled bet (30) returned to steveg321
steveg321 collected 60 from pot
steveg321: doesn't show hand 
*** SUMMARY ***
Total pot 60 | Rake 0 
Seat 1: Mahu2021 (button) (small blind) folded before Flop
Seat 3: steveg321 (big blind) collected (60)



PokerStars Hand #252903631699: Tournament #3811397332, $1.84+$0.16 USD Hold'em No Limit - Level IV (30/60) - 2024/10/13 9:47:43 CET [2024/10/13 3:47:43 ET]
Table '3811397332 1' 3-max Seat #3 is the button
Seat 1: Mahu2021 (1280 in chips) 
Seat 3: steveg321 (220 in chips) 
steveg321: posts small blind 30
Mahu2021: posts big blind 60
*** HOLE CARDS ***
Dealt to Mahu2021 [6s 2d]
steveg321: raises 160 to 220 and is all-in
Mahu2021: folds 
Uncalled bet (160) returned to steveg321
steveg321 collected 120 from pot
steveg321: doesn't show hand 
*** SUMMARY ***
Total pot 120 | Rake 0 
Seat 1: Mahu2021 (big blind) folded before Flop
Seat 3: steveg321 (button) (small blind) collected (120)



PokerStars Hand #252903632298: Tournament #3811397332, $1.84+$0.16 USD Hold'em No Limit - Level IV (30/60) - 2024/10/13 9:47:49 CET [2024/10/13 3:47:49 ET]
Table '3811397332 1' 3-max Seat #1 is the button
Seat 1: Mahu2021 (1220 in chips) 
Seat 3: steveg321 (280 in chips) 
Mahu2021: posts small blind 30
steveg321: posts big blind 60
*** HOLE CARDS ***
Dealt to Mahu2021 [2c 6h]
Mahu2021: folds 
Uncalled bet (30) returned to steveg321
steveg321 collected 60 from pot
steveg321: doesn't show hand 
*** SUMMARY ***
Total pot 60 | Rake 0 
Seat 1: Mahu2021 (button) (small blind) folded before Flop
Seat 3: steveg321 (big blind) collected (60)



PokerStars Hand #252903632669: Tournament #3811397332, $1.84+$0.16 USD Hold'em No Limit - Level IV (30/60) - 2024/10/13 9:47:53 CET [2024/10/13 3:47:53 ET]
Table '3811397332 1' 3-max Seat #3 is the button
Seat 1: Mahu2021 (1190 in chips) 
Seat 3: steveg321 (310 in chips) 
steveg321: posts small blind 30
Mahu2021: posts big blind 60
*** HOLE CARDS ***
Dealt to Mahu2021 [3h 6s]
steveg321: folds 
Uncalled bet (30) returned to Mahu2021
Mahu2021 collected 60 from pot
Mahu2021: doesn't show hand 
*** SUMMARY ***
Total pot 60 | Rake 0 
Seat 1: Mahu2021 (big blind) collected (60)
Seat 3: steveg321 (button) (small blind) folded before Flop



PokerStars Hand #252903633077: Tournament #3811397332, $1.84+$0.16 USD Hold'em No Limit - Level IV (30/60) - 2024/10/13 9:47:57 CET [2024/10/13 3:47:57 ET]
Table '3811397332 1' 3-max Seat #1 is the button
Seat 1: Mahu2021 (1220 in chips) 
Seat 3: steveg321 (280 in chips) 
Mahu2021: posts small blind 30
steveg321: posts big blind 60
*** HOLE CARDS ***
Dealt to Mahu2021 [2s Kh]
Mahu2021: raises 60 to 120
steveg321: calls 60
*** FLOP *** [2c Qh 3h]
steveg321: bets 160 and is all-in
Mahu2021: calls 160
*** TURN *** [2c Qh 3h] [7h]
*** RIVER *** [2c Qh 3h 7h] [8c]
*** SHOW DOWN ***
steveg321: shows [Qd 7s] (two pair, Queens and Sevens)
Mahu2021: shows [2s Kh] (a pair of Deuces)
steveg321 collected 560 from pot
*** SUMMARY ***
Total pot 560 | Rake 0 
Board [2c Qh 3h 7h 8c]
Seat 1: Mahu2021 (button) (small blind) showed [2s Kh] and lost with a pair of Deuces
Seat 3: steveg321 (big blind) showed [Qd 7s] and won (560) with two pair, Queens and Sevens



PokerStars Hand #252903634497: Tournament #3811397332, $1.84+$0.16 USD Hold'em No Limit - Level IV (30/60) - 2024/10/13 9:48:11 CET [2024/10/13 3:48:11 ET]
Table '3811397332 1' 3-max Seat #3 is the button
Seat 1: Mahu2021 (940 in chips) 
Seat 3: steveg321 (560 in chips) 
steveg321: posts small blind 30
Mahu2021: posts big blind 60
*** HOLE CARDS ***
Dealt to Mahu2021 [Th Js]
steveg321: calls 30
Mahu2021: checks 
*** FLOP *** [9c 3s Ks]
Mahu2021: checks 
steveg321: bets 60
Mahu2021: calls 60
*** TURN *** [9c 3s Ks] [Td]
Mahu2021: checks 
steveg321: bets 60
Mahu2021: calls 60
*** RIVER *** [9c 3s Ks Td] [5d]
Mahu2021: checks 
steveg321: bets 60
Mahu2021: calls 60
*** SHOW DOWN ***
steveg321: shows [Kd 2d] (a pair of Kings)
Mahu2021: mucks hand 
steveg321 collected 480 from pot
*** SUMMARY ***
Total pot 480 | Rake 0 
Board [9c 3s Ks Td 5d]
Seat 1: Mahu2021 (big blind) mucked [Th Js]
Seat 3: steveg321 (button) (small blind) showed [Kd 2d] and won (480) with a pair of Kings



PokerStars Hand #252903635896: Tournament #3811397332, $1.84+$0.16 USD Hold'em No Limit - Level IV (30/60) - 2024/10/13 9:48:25 CET [2024/10/13 3:48:25 ET]
Table '3811397332 1' 3-max Seat #1 is the button
Seat 1: Mahu2021 (700 in chips) 
Seat 3: steveg321 (800 in chips) 
Mahu2021: posts small blind 30
steveg321: posts big blind 60
*** HOLE CARDS ***
Dealt to Mahu2021 [7h 8h]
Mahu2021: calls 30
steveg321: checks 
*** FLOP *** [Qd 5s 9s]
steveg321: bets 60
Mahu2021: folds 
Uncalled bet (60) returned to steveg321
steveg321 collected 120 from pot
steveg321: doesn't show hand 
*** SUMMARY ***
Total pot 120 | Rake 0 
Board [Qd 5s 9s]
Seat 1: Mahu2021 (button) (small blind) folded on the Flop
Seat 3: steveg321 (big blind) collected (120)



PokerStars Hand #252903636772: Tournament #3811397332, $1.84+$0.16 USD Hold'em No Limit - Level IV (30/60) - 2024/10/13 9:48:33 CET [2024/10/13 3:48:33 ET]
Table '3811397332 1' 3-max Seat #3 is the button
Seat 1: Mahu2021 (640 in chips) 
Seat 3: steveg321 (860 in chips) 
steveg321: posts small blind 30
Mahu2021: posts big blind 60
*** HOLE CARDS ***
Dealt to Mahu2021 [4c Jd]
steveg321: calls 30
Mahu2021: checks 
*** FLOP *** [7d 2d Kc]
Mahu2021: checks 
steveg321: bets 60
Mahu2021: folds 
Uncalled bet (60) returned to steveg321
steveg321 collected 120 from pot
steveg321: doesn't show hand 
*** SUMMARY ***
Total pot 120 | Rake 0 
Board [7d 2d Kc]
Seat 1: Mahu2021 (big blind) folded on the Flop
Seat 3: steveg321 (button) (small blind) collected (120)



PokerStars Hand #252903637670: Tournament #3811397332, $1.84+$0.16 USD Hold'em No Limit - Level IV (30/60) - 2024/10/13 9:48:42 CET [2024/10/13 3:48:42 ET]
Table '3811397332 1' 3-max Seat #1 is the button
Seat 1: Mahu2021 (580 in chips) 
Seat 3: steveg321 (920 in chips) 
Mahu2021: posts small blind 30
steveg321: posts big blind 60
*** HOLE CARDS ***
Dealt to Mahu2021 [6s 8d]
Mahu2021: folds 
Uncalled bet (30) returned to steveg321
steveg321 collected 60 from pot
steveg321: doesn't show hand 
*** SUMMARY ***
Total pot 60 | Rake 0 
Seat 1: Mahu2021 (button) (small blind) folded before Flop
Seat 3: steveg321 (big blind) collected (60)



PokerStars Hand #252903638089: Tournament #3811397332, $1.84+$0.16 USD Hold'em No Limit - Level IV (30/60) - 2024/10/13 9:48:46 CET [2024/10/13 3:48:46 ET]
Table '3811397332 1' 3-max Seat #3 is the button
Seat 1: Mahu2021 (550 in chips) 
Seat 3: steveg321 (950 in chips) 
steveg321: posts small blind 30
Mahu2021: posts big blind 60
*** HOLE CARDS ***
Dealt to Mahu2021 [9c As]
steveg321: calls 30
Mahu2021: raises 490 to 550 and is all-in
steveg321: calls 490
*** FLOP *** [Qc Qh 2c]
*** TURN *** [Qc Qh 2c] [Ts]
*** RIVER *** [Qc Qh 2c Ts] [Td]
*** SHOW DOWN ***
Mahu2021: shows [9c As] (two pair, Queens and Tens)
steveg321: shows [Jd Jh] (two pair, Queens and Jacks)
steveg321 collected 1100 from pot
Mahu2021 finished the tournament in 2nd place
steveg321 wins the tournament and receives $10.00 - congratulations!
*** SUMMARY ***
Total pot 1100 | Rake 0 
Board [Qc Qh 2c Ts Td]
Seat 1: Mahu2021 (big blind) showed [9c As] and lost with two pair, Queens and Tens
Seat 3: steveg321 (button) (small blind) showed [Jd Jh] and won (1100) with two pair, Queens and Jacks



