PokerStars Hand #250789008728: Tournament #3760977403, $1.84+$0.16 USD Hold'em No Limit - Level I (10/20) - 2024/05/31 22:04:13 CET [2024/05/31 16:04:13 ET]
Table '3760977403 1' 3-max Seat #1 is the button
Seat 1: vm.carvejani (500 in chips) 
Seat 2: Mahu2021 (500 in chips) 
Seat 3: WrightRoyal (500 in chips) 
Mahu2021: posts small blind 10
WrightRoyal: posts big blind 20
*** HOLE CARDS ***
Dealt to Mahu2021 [8d Th]
vm.carvejani: calls 20
Mahu2021: folds 
WrightRoyal: checks 
*** FLOP *** [8c Ad 9c]
WrightRoyal: bets 480 and is all-in
vm.carvejani: folds 
Uncalled bet (480) returned to WrightRoyal
WrightRoyal collected 50 from pot
*** SUMMARY ***
Total pot 50 | Rake 0 
Board [8c Ad 9c]
Seat 1: vm.carvejani (button) folded on the Flop
Seat 2: Mahu2021 (small blind) folded before Flop
Seat 3: WrightRoyal (big blind) collected (50)



PokerStars Hand #250789015180: Tournament #3760977403, $1.84+$0.16 USD Hold'em No Limit - Level I (10/20) - 2024/05/31 22:04:34 CET [2024/05/31 16:04:34 ET]
Table '3760977403 1' 3-max Seat #2 is the button
Seat 1: vm.carvejani (480 in chips) 
Seat 2: Mahu2021 (490 in chips) 
Seat 3: WrightRoyal (530 in chips) 
WrightRoyal: posts small blind 10
vm.carvejani: posts big blind 20
*** HOLE CARDS ***
Dealt to Mahu2021 [4s 9s]
Mahu2021: folds 
WrightRoyal: calls 10
vm.carvejani: checks 
*** FLOP *** [4h As Ad]
WrightRoyal: checks 
vm.carvejani: checks 
*** TURN *** [4h As Ad] [Tc]
WrightRoyal: checks 
vm.carvejani: checks 
*** RIVER *** [4h As Ad Tc] [2d]
WrightRoyal: checks 
vm.carvejani: checks 
*** SHOW DOWN ***
WrightRoyal: shows [6h Qh] (a pair of Aces)
vm.carvejani: shows [Qs 4c] (two pair, Aces and Fours)
vm.carvejani collected 40 from pot
*** SUMMARY ***
Total pot 40 | Rake 0 
Board [4h As Ad Tc 2d]
Seat 1: vm.carvejani (big blind) showed [Qs 4c] and won (40) with two pair, Aces and Fours
Seat 2: Mahu2021 (button) folded before Flop (didn't bet)
Seat 3: WrightRoyal (small blind) showed [6h Qh] and lost with a pair of Aces



PokerStars Hand #250789021453: Tournament #3760977403, $1.84+$0.16 USD Hold'em No Limit - Level I (10/20) - 2024/05/31 22:04:55 CET [2024/05/31 16:04:55 ET]
Table '3760977403 1' 3-max Seat #3 is the button
Seat 1: vm.carvejani (500 in chips) 
Seat 2: Mahu2021 (490 in chips) 
Seat 3: WrightRoyal (510 in chips) 
vm.carvejani: posts small blind 10
Mahu2021: posts big blind 20
*** HOLE CARDS ***
Dealt to Mahu2021 [6h Qc]
WrightRoyal: calls 20
vm.carvejani: calls 10
Mahu2021: checks 
*** FLOP *** [4c As 6c]
vm.carvejani: checks 
Mahu2021: bets 40
WrightRoyal: raises 40 to 80
vm.carvejani: folds 
Mahu2021: calls 40
*** TURN *** [4c As 6c] [Kd]
Mahu2021: checks 
WrightRoyal: bets 110
Mahu2021: folds 
Uncalled bet (110) returned to WrightRoyal
WrightRoyal collected 220 from pot
*** SUMMARY ***
Total pot 220 | Rake 0 
Board [4c As 6c Kd]
Seat 1: vm.carvejani (small blind) folded on the Flop
Seat 2: Mahu2021 (big blind) folded on the Turn
Seat 3: WrightRoyal (button) collected (220)



PokerStars Hand #250789031475: Tournament #3760977403, $1.84+$0.16 USD Hold'em No Limit - Level I (10/20) - 2024/05/31 22:05:28 CET [2024/05/31 16:05:28 ET]
Table '3760977403 1' 3-max Seat #1 is the button
Seat 1: vm.carvejani (480 in chips) 
Seat 2: Mahu2021 (390 in chips) 
Seat 3: WrightRoyal (630 in chips) 
Mahu2021: posts small blind 10
WrightRoyal: posts big blind 20
*** HOLE CARDS ***
Dealt to Mahu2021 [Tc 7h]
vm.carvejani: folds 
Mahu2021: folds 
Uncalled bet (10) returned to WrightRoyal
WrightRoyal collected 20 from pot
*** SUMMARY ***
Total pot 20 | Rake 0 
Seat 1: vm.carvejani (button) folded before Flop (didn't bet)
Seat 2: Mahu2021 (small blind) folded before Flop
Seat 3: WrightRoyal (big blind) collected (20)



PokerStars Hand #250789033715: Tournament #3760977403, $1.84+$0.16 USD Hold'em No Limit - Level I (10/20) - 2024/05/31 22:05:35 CET [2024/05/31 16:05:35 ET]
Table '3760977403 1' 3-max Seat #2 is the button
Seat 1: vm.carvejani (480 in chips) 
Seat 2: Mahu2021 (380 in chips) 
Seat 3: WrightRoyal (640 in chips) 
WrightRoyal: posts small blind 10
vm.carvejani: posts big blind 20
*** HOLE CARDS ***
Dealt to Mahu2021 [7d Jd]
Mahu2021: raises 20 to 40
WrightRoyal: calls 30
vm.carvejani: calls 20
*** FLOP *** [3d 8s Th]
WrightRoyal: bets 60
vm.carvejani: folds 
Mahu2021: calls 60
*** TURN *** [3d 8s Th] [4c]
WrightRoyal: bets 540 and is all-in
Mahu2021: folds 
Uncalled bet (540) returned to WrightRoyal
WrightRoyal collected 240 from pot
*** SUMMARY ***
Total pot 240 | Rake 0 
Board [3d 8s Th 4c]
Seat 1: vm.carvejani (big blind) folded on the Flop
Seat 2: Mahu2021 (button) folded on the Turn
Seat 3: WrightRoyal (small blind) collected (240)



PokerStars Hand #250789041728: Tournament #3760977403, $1.84+$0.16 USD Hold'em No Limit - Level I (10/20) - 2024/05/31 22:06:02 CET [2024/05/31 16:06:02 ET]
Table '3760977403 1' 3-max Seat #3 is the button
Seat 1: vm.carvejani (440 in chips) 
Seat 2: Mahu2021 (280 in chips) 
Seat 3: WrightRoyal (780 in chips) 
vm.carvejani: posts small blind 10
Mahu2021: posts big blind 20
*** HOLE CARDS ***
Dealt to Mahu2021 [Qd 8d]
WrightRoyal: calls 20
vm.carvejani: folds 
Mahu2021: checks 
*** FLOP *** [Jd Jc Qs]
Mahu2021: checks 
WrightRoyal: bets 20
Mahu2021: calls 20
*** TURN *** [Jd Jc Qs] [2s]
Mahu2021: checks 
WrightRoyal: bets 45
Mahu2021: raises 45 to 90
WrightRoyal: raises 45 to 135
Mahu2021: raises 105 to 240 and is all-in
WrightRoyal: calls 105
*** RIVER *** [Jd Jc Qs 2s] [2h]
*** SHOW DOWN ***
Mahu2021: shows [Qd 8d] (two pair, Queens and Jacks)
WrightRoyal: shows [Js Ac] (a full house, Jacks full of Deuces)
WrightRoyal collected 570 from pot
Mahu2021 finished the tournament in 3rd place
*** SUMMARY ***
Total pot 570 | Rake 0 
Board [Jd Jc Qs 2s 2h]
Seat 1: vm.carvejani (small blind) folded before Flop
Seat 2: Mahu2021 (big blind) showed [Qd 8d] and lost with two pair, Queens and Jacks
Seat 3: WrightRoyal (button) showed [Js Ac] and won (570) with a full house, Jacks full of Deuces



