PokerStars Hand #253202941461: Tournament #3818872225, $1.84+$0.16 USD Hold'em No Limit - Level I (10/20) - 2024/11/01 17:35:45 CET [2024/11/01 12:35:45 ET]
Table '3818872225 1' 3-max Seat #1 is the button
Seat 1: Mahu2021 (500 in chips) 
Seat 2: makisgr63 (500 in chips) 
Seat 3: Despas (500 in chips) 
makisgr63: posts small blind 10
Despas: posts big blind 20
*** HOLE CARDS ***
Dealt to Mahu2021 [3d 3h]
Mahu2021: raises 20 to 40
makisgr63: folds 
Despas: calls 20
*** FLOP *** [Qh Ts 2s]
Despas: bets 60
Mahu2021: folds 
Uncalled bet (60) returned to Despas
Despas collected 90 from pot
Despas: doesn't show hand 
*** SUMMARY ***
Total pot 90 | Rake 0 
Board [Qh Ts 2s]
Seat 1: Mahu2021 (button) folded on the Flop
Seat 2: makisgr63 (small blind) folded before Flop
Seat 3: Despas (big blind) collected (90)



PokerStars Hand #253202946135: Tournament #3818872225, $1.84+$0.16 USD Hold'em No Limit - Level I (10/20) - 2024/11/01 17:36:04 CET [2024/11/01 12:36:04 ET]
Table '3818872225 1' 3-max Seat #2 is the button
Seat 1: Mahu2021 (460 in chips) 
Seat 2: makisgr63 (490 in chips) 
Seat 3: Despas (550 in chips) 
Despas: posts small blind 10
Mahu2021: posts big blind 20
*** HOLE CARDS ***
Dealt to Mahu2021 [Qd 2d]
makisgr63: calls 20
Despas: raises 20 to 40
Mahu2021: calls 20
makisgr63: raises 450 to 490 and is all-in
Despas: folds 
Mahu2021: folds 
Uncalled bet (450) returned to makisgr63
makisgr63 collected 120 from pot
*** SUMMARY ***
Total pot 120 | Rake 0 
Seat 1: Mahu2021 (big blind) folded before Flop
Seat 2: makisgr63 (button) collected (120)
Seat 3: Despas (small blind) folded before Flop



PokerStars Hand #253202951808: Tournament #3818872225, $1.84+$0.16 USD Hold'em No Limit - Level I (10/20) - 2024/11/01 17:36:28 CET [2024/11/01 12:36:28 ET]
Table '3818872225 1' 3-max Seat #3 is the button
Seat 1: Mahu2021 (420 in chips) 
Seat 2: makisgr63 (570 in chips) 
Seat 3: Despas (510 in chips) 
Mahu2021: posts small blind 10
makisgr63: posts big blind 20
*** HOLE CARDS ***
Dealt to Mahu2021 [Jc 7h]
Despas: calls 20
Mahu2021: calls 10
makisgr63: checks 
*** FLOP *** [4h 8d 9d]
Mahu2021: checks 
makisgr63: checks 
Despas: bets 33
Mahu2021: folds 
makisgr63: folds 
Uncalled bet (33) returned to Despas
Despas collected 60 from pot
Despas: doesn't show hand 
*** SUMMARY ***
Total pot 60 | Rake 0 
Board [4h 8d 9d]
Seat 1: Mahu2021 (small blind) folded on the Flop
Seat 2: makisgr63 (big blind) folded on the Flop
Seat 3: Despas (button) collected (60)



PokerStars Hand #253202956837: Tournament #3818872225, $1.84+$0.16 USD Hold'em No Limit - Level I (10/20) - 2024/11/01 17:36:49 CET [2024/11/01 12:36:49 ET]
Table '3818872225 1' 3-max Seat #1 is the button
Seat 1: Mahu2021 (400 in chips) 
Seat 2: makisgr63 (550 in chips) 
Seat 3: Despas (550 in chips) 
makisgr63: posts small blind 10
Despas: posts big blind 20
*** HOLE CARDS ***
Dealt to Mahu2021 [Js 2s]
Mahu2021: calls 20
makisgr63: calls 10
Despas: checks 
*** FLOP *** [3c 7d 6d]
makisgr63: checks 
Despas: checks 
Mahu2021: checks 
*** TURN *** [3c 7d 6d] [Jd]
makisgr63: checks 
Despas: checks 
Mahu2021: bets 60
makisgr63: calls 60
Despas: folds 
*** RIVER *** [3c 7d 6d Jd] [3h]
makisgr63: checks 
Mahu2021: checks 
*** SHOW DOWN ***
makisgr63: shows [Kc Kd] (two pair, Kings and Threes)
Mahu2021: mucks hand 
makisgr63 collected 180 from pot
*** SUMMARY ***
Total pot 180 | Rake 0 
Board [3c 7d 6d Jd 3h]
Seat 1: Mahu2021 (button) mucked [Js 2s]
Seat 2: makisgr63 (small blind) showed [Kc Kd] and won (180) with two pair, Kings and Threes
Seat 3: Despas (big blind) folded on the Turn



PokerStars Hand #253202967815: Tournament #3818872225, $1.84+$0.16 USD Hold'em No Limit - Level I (10/20) - 2024/11/01 17:37:36 CET [2024/11/01 12:37:36 ET]
Table '3818872225 1' 3-max Seat #2 is the button
Seat 1: Mahu2021 (320 in chips) 
Seat 2: makisgr63 (650 in chips) 
Seat 3: Despas (530 in chips) 
Despas: posts small blind 10
Mahu2021: posts big blind 20
*** HOLE CARDS ***
Dealt to Mahu2021 [2s 3c]
makisgr63: folds 
Despas: folds 
Uncalled bet (10) returned to Mahu2021
Mahu2021 collected 20 from pot
Mahu2021: doesn't show hand 
*** SUMMARY ***
Total pot 20 | Rake 0 
Seat 1: Mahu2021 (big blind) collected (20)
Seat 2: makisgr63 (button) folded before Flop (didn't bet)
Seat 3: Despas (small blind) folded before Flop



PokerStars Hand #253202971148: Tournament #3818872225, $1.84+$0.16 USD Hold'em No Limit - Level II (15/30) - 2024/11/01 17:37:49 CET [2024/11/01 12:37:49 ET]
Table '3818872225 1' 3-max Seat #3 is the button
Seat 1: Mahu2021 (330 in chips) 
Seat 2: makisgr63 (650 in chips) 
Seat 3: Despas (520 in chips) 
Mahu2021: posts small blind 15
makisgr63: posts big blind 30
*** HOLE CARDS ***
Dealt to Mahu2021 [Qs Ac]
Despas: folds 
Mahu2021: raises 60 to 90
makisgr63: folds 
Uncalled bet (60) returned to Mahu2021
Mahu2021 collected 60 from pot
Mahu2021: doesn't show hand 
*** SUMMARY ***
Total pot 60 | Rake 0 
Seat 1: Mahu2021 (small blind) collected (60)
Seat 2: makisgr63 (big blind) folded before Flop
Seat 3: Despas (button) folded before Flop (didn't bet)



PokerStars Hand #253202972829: Tournament #3818872225, $1.84+$0.16 USD Hold'em No Limit - Level II (15/30) - 2024/11/01 17:37:56 CET [2024/11/01 12:37:56 ET]
Table '3818872225 1' 3-max Seat #1 is the button
Seat 1: Mahu2021 (360 in chips) 
Seat 2: makisgr63 (620 in chips) 
Seat 3: Despas (520 in chips) 
makisgr63: posts small blind 15
Despas: posts big blind 30
*** HOLE CARDS ***
Dealt to Mahu2021 [8h Qc]
Mahu2021: folds 
makisgr63: calls 15
Despas: checks 
*** FLOP *** [Ah 9h 2d]
makisgr63: checks 
Despas: checks 
*** TURN *** [Ah 9h 2d] [8s]
makisgr63: checks 
Despas: checks 
*** RIVER *** [Ah 9h 2d 8s] [4c]
makisgr63: checks 
Despas: checks 
*** SHOW DOWN ***
makisgr63: shows [Jd Jh] (a pair of Jacks)
Despas: mucks hand 
makisgr63 collected 60 from pot
*** SUMMARY ***
Total pot 60 | Rake 0 
Board [Ah 9h 2d 8s 4c]
Seat 1: Mahu2021 (button) folded before Flop (didn't bet)
Seat 2: makisgr63 (small blind) showed [Jd Jh] and won (60) with a pair of Jacks
Seat 3: Despas (big blind) mucked [3s 6c]



PokerStars Hand #253202979388: Tournament #3818872225, $1.84+$0.16 USD Hold'em No Limit - Level II (15/30) - 2024/11/01 17:38:24 CET [2024/11/01 12:38:24 ET]
Table '3818872225 1' 3-max Seat #2 is the button
Seat 1: Mahu2021 (360 in chips) 
Seat 2: makisgr63 (650 in chips) 
Seat 3: Despas (490 in chips) 
Despas: posts small blind 15
Mahu2021: posts big blind 30
*** HOLE CARDS ***
Dealt to Mahu2021 [2s Qd]
makisgr63: folds 
Despas: raises 30 to 60
Mahu2021: calls 30
*** FLOP *** [Kd 2d 5c]
Despas: bets 55
Mahu2021: raises 65 to 120
Despas: calls 65
*** TURN *** [Kd 2d 5c] [6s]
Despas: checks 
Mahu2021: checks 
*** RIVER *** [Kd 2d 5c 6s] [7s]
Despas: checks 
Mahu2021: bets 180 and is all-in
Despas: folds 
Uncalled bet (180) returned to Mahu2021
Mahu2021 collected 360 from pot
Mahu2021: doesn't show hand 
*** SUMMARY ***
Total pot 360 | Rake 0 
Board [Kd 2d 5c 6s 7s]
Seat 1: Mahu2021 (big blind) collected (360)
Seat 2: makisgr63 (button) folded before Flop (didn't bet)
Seat 3: Despas (small blind) folded on the River



PokerStars Hand #253202990067: Tournament #3818872225, $1.84+$0.16 USD Hold'em No Limit - Level II (15/30) - 2024/11/01 17:39:09 CET [2024/11/01 12:39:09 ET]
Table '3818872225 1' 3-max Seat #3 is the button
Seat 1: Mahu2021 (540 in chips) 
Seat 2: makisgr63 (650 in chips) 
Seat 3: Despas (310 in chips) 
Mahu2021: posts small blind 15
makisgr63: posts big blind 30
*** HOLE CARDS ***
Dealt to Mahu2021 [5s 6c]
Despas: folds 
Mahu2021: calls 15
makisgr63: checks 
*** FLOP *** [9c 3h 3d]
Mahu2021: checks 
makisgr63: checks 
*** TURN *** [9c 3h 3d] [Jh]
Mahu2021: checks 
makisgr63: checks 
*** RIVER *** [9c 3h 3d Jh] [7d]
Mahu2021: checks 
makisgr63: checks 
*** SHOW DOWN ***
Mahu2021: shows [5s 6c] (a pair of Threes)
makisgr63: shows [8d 9h] (two pair, Nines and Threes)
makisgr63 collected 60 from pot
*** SUMMARY ***
Total pot 60 | Rake 0 
Board [9c 3h 3d Jh 7d]
Seat 1: Mahu2021 (small blind) showed [5s 6c] and lost with a pair of Threes
Seat 2: makisgr63 (big blind) showed [8d 9h] and won (60) with two pair, Nines and Threes
Seat 3: Despas (button) folded before Flop (didn't bet)



PokerStars Hand #253202994027: Tournament #3818872225, $1.84+$0.16 USD Hold'em No Limit - Level II (15/30) - 2024/11/01 17:39:25 CET [2024/11/01 12:39:25 ET]
Table '3818872225 1' 3-max Seat #1 is the button
Seat 1: Mahu2021 (510 in chips) 
Seat 2: makisgr63 (680 in chips) 
Seat 3: Despas (310 in chips) 
makisgr63: posts small blind 15
Despas: posts big blind 30
*** HOLE CARDS ***
Dealt to Mahu2021 [8d 8c]
Mahu2021: raises 30 to 60
makisgr63: folds 
Despas: calls 30
*** FLOP *** [Jc Tc 3h]
Despas: checks 
Mahu2021: checks 
*** TURN *** [Jc Tc 3h] [4d]
Despas: checks 
Mahu2021: checks 
*** RIVER *** [Jc Tc 3h 4d] [9s]
Despas: checks 
Mahu2021: checks 
*** SHOW DOWN ***
Despas: shows [8h 5h] (high card Jack)
Mahu2021: shows [8d 8c] (a pair of Eights)
Mahu2021 collected 135 from pot
*** SUMMARY ***
Total pot 135 | Rake 0 
Board [Jc Tc 3h 4d 9s]
Seat 1: Mahu2021 (button) showed [8d 8c] and won (135) with a pair of Eights
Seat 2: makisgr63 (small blind) folded before Flop
Seat 3: Despas (big blind) showed [8h 5h] and lost with high card Jack



PokerStars Hand #253202998732: Tournament #3818872225, $1.84+$0.16 USD Hold'em No Limit - Level II (15/30) - 2024/11/01 17:39:45 CET [2024/11/01 12:39:45 ET]
Table '3818872225 1' 3-max Seat #2 is the button
Seat 1: Mahu2021 (585 in chips) 
Seat 2: makisgr63 (665 in chips) 
Seat 3: Despas (250 in chips) 
Despas: posts small blind 15
Mahu2021: posts big blind 30
*** HOLE CARDS ***
Dealt to Mahu2021 [Kc 5d]
makisgr63: folds 
Despas: calls 15
Mahu2021: checks 
*** FLOP *** [6s As Th]
Despas: bets 30
Mahu2021: folds 
Uncalled bet (30) returned to Despas
Despas collected 60 from pot
Despas: doesn't show hand 
*** SUMMARY ***
Total pot 60 | Rake 0 
Board [6s As Th]
Seat 1: Mahu2021 (big blind) folded on the Flop
Seat 2: makisgr63 (button) folded before Flop (didn't bet)
Seat 3: Despas (small blind) collected (60)



PokerStars Hand #253203002034: Tournament #3818872225, $1.84+$0.16 USD Hold'em No Limit - Level III (20/40) - 2024/11/01 17:39:59 CET [2024/11/01 12:39:59 ET]
Table '3818872225 1' 3-max Seat #3 is the button
Seat 1: Mahu2021 (555 in chips) 
Seat 2: makisgr63 (665 in chips) 
Seat 3: Despas (280 in chips) 
Mahu2021: posts small blind 20
makisgr63: posts big blind 40
*** HOLE CARDS ***
Dealt to Mahu2021 [6d 8s]
Despas: folds 
Mahu2021: folds 
Uncalled bet (20) returned to makisgr63
makisgr63 collected 40 from pot
*** SUMMARY ***
Total pot 40 | Rake 0 
Seat 1: Mahu2021 (small blind) folded before Flop
Seat 2: makisgr63 (big blind) collected (40)
Seat 3: Despas (button) folded before Flop (didn't bet)



PokerStars Hand #253203004157: Tournament #3818872225, $1.84+$0.16 USD Hold'em No Limit - Level III (20/40) - 2024/11/01 17:40:08 CET [2024/11/01 12:40:08 ET]
Table '3818872225 1' 3-max Seat #1 is the button
Seat 1: Mahu2021 (535 in chips) 
Seat 2: makisgr63 (685 in chips) 
Seat 3: Despas (280 in chips) 
makisgr63: posts small blind 20
Despas: posts big blind 40
*** HOLE CARDS ***
Dealt to Mahu2021 [5c 4s]
Mahu2021: folds 
makisgr63: calls 20
Despas: checks 
*** FLOP *** [8c 4c 8s]
makisgr63: checks 
Despas: bets 40
makisgr63: folds 
Uncalled bet (40) returned to Despas
Despas collected 80 from pot
Despas: doesn't show hand 
*** SUMMARY ***
Total pot 80 | Rake 0 
Board [8c 4c 8s]
Seat 1: Mahu2021 (button) folded before Flop (didn't bet)
Seat 2: makisgr63 (small blind) folded on the Flop
Seat 3: Despas (big blind) collected (80)



PokerStars Hand #253203007680: Tournament #3818872225, $1.84+$0.16 USD Hold'em No Limit - Level III (20/40) - 2024/11/01 17:40:23 CET [2024/11/01 12:40:23 ET]
Table '3818872225 1' 3-max Seat #2 is the button
Seat 1: Mahu2021 (535 in chips) 
Seat 2: makisgr63 (645 in chips) 
Seat 3: Despas (320 in chips) 
Despas: posts small blind 20
Mahu2021: posts big blind 40
*** HOLE CARDS ***
Dealt to Mahu2021 [8c Qc]
makisgr63: calls 40
Despas: calls 20
Mahu2021: checks 
*** FLOP *** [3h 5c Jh]
Despas: checks 
Mahu2021: checks 
makisgr63: bets 120
Despas: folds 
Mahu2021: folds 
Uncalled bet (120) returned to makisgr63
makisgr63 collected 120 from pot
*** SUMMARY ***
Total pot 120 | Rake 0 
Board [3h 5c Jh]
Seat 1: Mahu2021 (big blind) folded on the Flop
Seat 2: makisgr63 (button) collected (120)
Seat 3: Despas (small blind) folded on the Flop



PokerStars Hand #253203011967: Tournament #3818872225, $1.84+$0.16 USD Hold'em No Limit - Level III (20/40) - 2024/11/01 17:40:41 CET [2024/11/01 12:40:41 ET]
Table '3818872225 1' 3-max Seat #3 is the button
Seat 1: Mahu2021 (495 in chips) 
Seat 2: makisgr63 (725 in chips) 
Seat 3: Despas (280 in chips) 
Mahu2021: posts small blind 20
makisgr63: posts big blind 40
*** HOLE CARDS ***
Dealt to Mahu2021 [7s 9s]
Despas: raises 240 to 280 and is all-in
Mahu2021: folds 
makisgr63: folds 
Uncalled bet (240) returned to Despas
Despas collected 100 from pot
Despas: doesn't show hand 
*** SUMMARY ***
Total pot 100 | Rake 0 
Seat 1: Mahu2021 (small blind) folded before Flop
Seat 2: makisgr63 (big blind) folded before Flop
Seat 3: Despas (button) collected (100)



PokerStars Hand #253203014072: Tournament #3818872225, $1.84+$0.16 USD Hold'em No Limit - Level III (20/40) - 2024/11/01 17:40:50 CET [2024/11/01 12:40:50 ET]
Table '3818872225 1' 3-max Seat #1 is the button
Seat 1: Mahu2021 (475 in chips) 
Seat 2: makisgr63 (685 in chips) 
Seat 3: Despas (340 in chips) 
makisgr63: posts small blind 20
Despas: posts big blind 40
*** HOLE CARDS ***
Dealt to Mahu2021 [Ts Td]
Mahu2021: raises 435 to 475 and is all-in
makisgr63: folds 
Despas: calls 300 and is all-in
Uncalled bet (135) returned to Mahu2021
*** FLOP *** [Ad Jd 5h]
*** TURN *** [Ad Jd 5h] [8c]
*** RIVER *** [Ad Jd 5h 8c] [3c]
*** SHOW DOWN ***
Despas: shows [As Jc] (two pair, Aces and Jacks)
Mahu2021: shows [Ts Td] (a pair of Tens)
Despas collected 700 from pot
*** SUMMARY ***
Total pot 700 | Rake 0 
Board [Ad Jd 5h 8c 3c]
Seat 1: Mahu2021 (button) showed [Ts Td] and lost with a pair of Tens
Seat 2: makisgr63 (small blind) folded before Flop
Seat 3: Despas (big blind) showed [As Jc] and won (700) with two pair, Aces and Jacks



PokerStars Hand #253203018069: Tournament #3818872225, $1.84+$0.16 USD Hold'em No Limit - Level III (20/40) - 2024/11/01 17:41:07 CET [2024/11/01 12:41:07 ET]
Table '3818872225 1' 3-max Seat #2 is the button
Seat 1: Mahu2021 (135 in chips) 
Seat 2: makisgr63 (665 in chips) 
Seat 3: Despas (700 in chips) 
Despas: posts small blind 20
Mahu2021: posts big blind 40
*** HOLE CARDS ***
Dealt to Mahu2021 [3d Qs]
makisgr63: folds 
Despas: raises 120 to 160
Mahu2021: calls 95 and is all-in
Uncalled bet (25) returned to Despas
*** FLOP *** [6h 7c Ah]
*** TURN *** [6h 7c Ah] [6s]
*** RIVER *** [6h 7c Ah 6s] [Kd]
*** SHOW DOWN ***
Despas: shows [Ts Kh] (two pair, Kings and Sixes)
Mahu2021: shows [3d Qs] (a pair of Sixes)
Despas collected 270 from pot
Mahu2021 finished the tournament in 3rd place
*** SUMMARY ***
Total pot 270 | Rake 0 
Board [6h 7c Ah 6s Kd]
Seat 1: Mahu2021 (big blind) showed [3d Qs] and lost with a pair of Sixes
Seat 2: makisgr63 (button) folded before Flop (didn't bet)
Seat 3: Despas (small blind) showed [Ts Kh] and won (270) with two pair, Kings and Sixes



