PokerStars Hand #250147266819: Tournament #3746382975, $1.84+$0.16 USD Hold'em No Limit - Level I (10/20) - 2024/04/24 19:07:56 CET [2024/04/24 13:07:56 ET]
Table '3746382975 1' 3-max Seat #1 is the button
Seat 1: Mahu2021 (500 in chips) 
Seat 2: BluffySlayer84 (500 in chips) 
Seat 3: Fadasqa (500 in chips) 
BluffySlayer84: posts small blind 10
Fadasqa: posts big blind 20
*** HOLE CARDS ***
Dealt to Mahu2021 [6s Qh]
Mahu2021: folds 
BluffySlayer84: calls 10
Fadasqa: raises 40 to 60
BluffySlayer84: calls 40
*** FLOP *** [4c As 5d]
BluffySlayer84: checks 
Fadasqa: checks 
*** TURN *** [4c As 5d] [3h]
BluffySlayer84: checks 
Fadasqa: bets 60
BluffySlayer84: folds 
Uncalled bet (60) returned to Fadasqa
Fadasqa collected 120 from pot
*** SUMMARY ***
Total pot 120 | Rake 0 
Board [4c As 5d 3h]
Seat 1: Mahu2021 (button) folded before Flop (didn't bet)
Seat 2: BluffySlayer84 (small blind) folded on the Turn
Seat 3: Fadasqa (big blind) collected (120)



PokerStars Hand #250147274177: Tournament #3746382975, $1.84+$0.16 USD Hold'em No Limit - Level I (10/20) - 2024/04/24 19:08:23 CET [2024/04/24 13:08:23 ET]
Table '3746382975 1' 3-max Seat #2 is the button
Seat 1: Mahu2021 (500 in chips) 
Seat 2: BluffySlayer84 (440 in chips) 
Seat 3: Fadasqa (560 in chips) 
Fadasqa: posts small blind 10
Mahu2021: posts big blind 20
*** HOLE CARDS ***
Dealt to Mahu2021 [2d Qd]
BluffySlayer84: folds 
Fadasqa: raises 20 to 40
Mahu2021: calls 20
*** FLOP *** [9d Qs 9c]
Fadasqa: checks 
Mahu2021: bets 40
Fadasqa: folds 
Uncalled bet (40) returned to Mahu2021
Mahu2021 collected 80 from pot
Mahu2021: doesn't show hand 
*** SUMMARY ***
Total pot 80 | Rake 0 
Board [9d Qs 9c]
Seat 1: Mahu2021 (big blind) collected (80)
Seat 2: BluffySlayer84 (button) folded before Flop (didn't bet)
Seat 3: Fadasqa (small blind) folded on the Flop



PokerStars Hand #250147278476: Tournament #3746382975, $1.84+$0.16 USD Hold'em No Limit - Level I (10/20) - 2024/04/24 19:08:39 CET [2024/04/24 13:08:39 ET]
Table '3746382975 1' 3-max Seat #3 is the button
Seat 1: Mahu2021 (540 in chips) 
Seat 2: BluffySlayer84 (440 in chips) 
Seat 3: Fadasqa (520 in chips) 
Mahu2021: posts small blind 10
BluffySlayer84: posts big blind 20
*** HOLE CARDS ***
Dealt to Mahu2021 [3s Qh]
Fadasqa: raises 20 to 40
Mahu2021: folds 
BluffySlayer84: folds 
Uncalled bet (20) returned to Fadasqa
Fadasqa collected 50 from pot
*** SUMMARY ***
Total pot 50 | Rake 0 
Seat 1: Mahu2021 (small blind) folded before Flop
Seat 2: BluffySlayer84 (big blind) folded before Flop
Seat 3: Fadasqa (button) collected (50)



PokerStars Hand #250147280339: Tournament #3746382975, $1.84+$0.16 USD Hold'em No Limit - Level I (10/20) - 2024/04/24 19:08:46 CET [2024/04/24 13:08:46 ET]
Table '3746382975 1' 3-max Seat #1 is the button
Seat 1: Mahu2021 (530 in chips) 
Seat 2: BluffySlayer84 (420 in chips) 
Seat 3: Fadasqa (550 in chips) 
BluffySlayer84: posts small blind 10
Fadasqa: posts big blind 20
*** HOLE CARDS ***
Dealt to Mahu2021 [2s Qd]
Mahu2021: folds 
BluffySlayer84: folds 
Uncalled bet (10) returned to Fadasqa
Fadasqa collected 20 from pot
*** SUMMARY ***
Total pot 20 | Rake 0 
Seat 1: Mahu2021 (button) folded before Flop (didn't bet)
Seat 2: BluffySlayer84 (small blind) folded before Flop
Seat 3: Fadasqa (big blind) collected (20)



PokerStars Hand #250147281708: Tournament #3746382975, $1.84+$0.16 USD Hold'em No Limit - Level I (10/20) - 2024/04/24 19:08:51 CET [2024/04/24 13:08:51 ET]
Table '3746382975 1' 3-max Seat #2 is the button
Seat 1: Mahu2021 (530 in chips) 
Seat 2: BluffySlayer84 (410 in chips) 
Seat 3: Fadasqa (560 in chips) 
Fadasqa: posts small blind 10
Mahu2021: posts big blind 20
*** HOLE CARDS ***
Dealt to Mahu2021 [Ac 7h]
BluffySlayer84: folds 
Fadasqa: raises 20 to 40
Mahu2021: calls 20
*** FLOP *** [Th 7d Ks]
Fadasqa: bets 40
Mahu2021: calls 40
*** TURN *** [Th 7d Ks] [4s]
Fadasqa: bets 80
Mahu2021: calls 80
*** RIVER *** [Th 7d Ks 4s] [Tc]
Fadasqa: bets 200
Mahu2021: raises 170 to 370 and is all-in
Fadasqa: calls 170
*** SHOW DOWN ***
Mahu2021: shows [Ac 7h] (two pair, Tens and Sevens)
Fadasqa: shows [Ts Qh] (three of a kind, Tens)
Fadasqa collected 1060 from pot
Mahu2021 finished the tournament in 3rd place
*** SUMMARY ***
Total pot 1060 | Rake 0 
Board [Th 7d Ks 4s Tc]
Seat 1: Mahu2021 (big blind) showed [Ac 7h] and lost with two pair, Tens and Sevens
Seat 2: BluffySlayer84 (button) folded before Flop (didn't bet)
Seat 3: Fadasqa (small blind) showed [Ts Qh] and won (1060) with three of a kind, Tens



