PokerStars Hand #247013601438: Tournament #3670443570, $1.84+$0.16 USD Hold'em No Limit - Level I (10/20) - 2023/11/09 19:56:11 CET [2023/11/09 13:56:11 ET]
Table '3670443570 1' 3-max Seat #1 is the button
Seat 1: camina77 (500 in chips) 
Seat 2: Mahu2021 (500 in chips) 
Seat 3: Chopin111 (500 in chips) 
Mahu2021: posts small blind 10
Chopin111: posts big blind 20
*** HOLE CARDS ***
Dealt to Mahu2021 [9d Ad]
camina77: folds 
Mahu2021: raises 20 to 40
Chopin111: calls 20
*** FLOP *** [Jh 2d 7h]
Mahu2021: checks 
Chopin111: checks 
*** TURN *** [Jh 2d 7h] [3h]
Mahu2021: checks 
Chopin111: bets 40
Mahu2021: folds 
Uncalled bet (40) returned to Chopin111
Chopin111 collected 80 from pot
*** SUMMARY ***
Total pot 80 | Rake 0 
Board [Jh 2d 7h 3h]
Seat 1: camina77 (button) folded before Flop (didn't bet)
Seat 2: Mahu2021 (small blind) folded on the Turn
Seat 3: Chopin111 (big blind) collected (80)



PokerStars Hand #247013606145: Tournament #3670443570, $1.84+$0.16 USD Hold'em No Limit - Level I (10/20) - 2023/11/09 19:56:29 CET [2023/11/09 13:56:29 ET]
Table '3670443570 1' 3-max Seat #2 is the button
Seat 1: camina77 (500 in chips) 
Seat 2: Mahu2021 (460 in chips) 
Seat 3: Chopin111 (540 in chips) 
Chopin111: posts small blind 10
camina77: posts big blind 20
*** HOLE CARDS ***
Dealt to Mahu2021 [3h Qc]
Mahu2021: folds 
Chopin111: calls 10
camina77: checks 
*** FLOP *** [Td Ad 4c]
Chopin111: bets 20
camina77: folds 
Uncalled bet (20) returned to Chopin111
Chopin111 collected 40 from pot
*** SUMMARY ***
Total pot 40 | Rake 0 
Board [Td Ad 4c]
Seat 1: camina77 (big blind) folded on the Flop
Seat 2: Mahu2021 (button) folded before Flop (didn't bet)
Seat 3: Chopin111 (small blind) collected (40)



PokerStars Hand #247013608905: Tournament #3670443570, $1.84+$0.16 USD Hold'em No Limit - Level I (10/20) - 2023/11/09 19:56:39 CET [2023/11/09 13:56:39 ET]
Table '3670443570 1' 3-max Seat #3 is the button
Seat 1: camina77 (480 in chips) 
Seat 2: Mahu2021 (460 in chips) 
Seat 3: Chopin111 (560 in chips) 
camina77: posts small blind 10
Mahu2021: posts big blind 20
*** HOLE CARDS ***
Dealt to Mahu2021 [As 7c]
Chopin111: calls 20
camina77: folds 
Mahu2021: checks 
*** FLOP *** [Jh Td 2c]
Mahu2021: checks 
Chopin111: checks 
*** TURN *** [Jh Td 2c] [6h]
Mahu2021: checks 
Chopin111: checks 
*** RIVER *** [Jh Td 2c 6h] [4h]
Mahu2021: bets 20
Chopin111: raises 90 to 110
Mahu2021: folds 
Uncalled bet (90) returned to Chopin111
Chopin111 collected 90 from pot
*** SUMMARY ***
Total pot 90 | Rake 0 
Board [Jh Td 2c 6h 4h]
Seat 1: camina77 (small blind) folded before Flop
Seat 2: Mahu2021 (big blind) folded on the River
Seat 3: Chopin111 (button) collected (90)



PokerStars Hand #247013613395: Tournament #3670443570, $1.84+$0.16 USD Hold'em No Limit - Level I (10/20) - 2023/11/09 19:56:56 CET [2023/11/09 13:56:56 ET]
Table '3670443570 1' 3-max Seat #1 is the button
Seat 1: camina77 (470 in chips) 
Seat 2: Mahu2021 (420 in chips) 
Seat 3: Chopin111 (610 in chips) 
Mahu2021: posts small blind 10
Chopin111: posts big blind 20
*** HOLE CARDS ***
Dealt to Mahu2021 [Qh 6s]
camina77: raises 20 to 40
Mahu2021: folds 
Chopin111: calls 20
*** FLOP *** [Tc 7c 3c]
Chopin111: checks 
camina77: checks 
*** TURN *** [Tc 7c 3c] [4d]
Chopin111: checks 
camina77: checks 
*** RIVER *** [Tc 7c 3c 4d] [7d]
Chopin111: bets 45
camina77: folds 
Uncalled bet (45) returned to Chopin111
Chopin111 collected 90 from pot
*** SUMMARY ***
Total pot 90 | Rake 0 
Board [Tc 7c 3c 4d 7d]
Seat 1: camina77 (button) folded on the River
Seat 2: Mahu2021 (small blind) folded before Flop
Seat 3: Chopin111 (big blind) collected (90)



PokerStars Hand #247013618823: Tournament #3670443570, $1.84+$0.16 USD Hold'em No Limit - Level I (10/20) - 2023/11/09 19:57:17 CET [2023/11/09 13:57:17 ET]
Table '3670443570 1' 3-max Seat #2 is the button
Seat 1: camina77 (430 in chips) 
Seat 2: Mahu2021 (410 in chips) 
Seat 3: Chopin111 (660 in chips) 
Chopin111: posts small blind 10
camina77: posts big blind 20
*** HOLE CARDS ***
Dealt to Mahu2021 [8h Tc]
Mahu2021: folds 
Chopin111: calls 10
camina77: checks 
*** FLOP *** [9c 6s 2d]
Chopin111: checks 
camina77: bets 20
Chopin111: folds 
Uncalled bet (20) returned to camina77
camina77 collected 40 from pot
camina77: doesn't show hand 
*** SUMMARY ***
Total pot 40 | Rake 0 
Board [9c 6s 2d]
Seat 1: camina77 (big blind) collected (40)
Seat 2: Mahu2021 (button) folded before Flop (didn't bet)
Seat 3: Chopin111 (small blind) folded on the Flop



PokerStars Hand #247013622703: Tournament #3670443570, $1.84+$0.16 USD Hold'em No Limit - Level I (10/20) - 2023/11/09 19:57:31 CET [2023/11/09 13:57:31 ET]
Table '3670443570 1' 3-max Seat #3 is the button
Seat 1: camina77 (450 in chips) 
Seat 2: Mahu2021 (410 in chips) 
Seat 3: Chopin111 (640 in chips) 
camina77: posts small blind 10
Mahu2021: posts big blind 20
*** HOLE CARDS ***
Dealt to Mahu2021 [5d 8d]
Chopin111: calls 20
camina77: folds 
Mahu2021: checks 
*** FLOP *** [3c 7d 5c]
Mahu2021: checks 
Chopin111: checks 
*** TURN *** [3c 7d 5c] [Qs]
Mahu2021: checks 
Chopin111: bets 50
Mahu2021: calls 50
*** RIVER *** [3c 7d 5c Qs] [Js]
Mahu2021: checks 
Chopin111: bets 150
Mahu2021: folds 
Uncalled bet (150) returned to Chopin111
Chopin111 collected 150 from pot
*** SUMMARY ***
Total pot 150 | Rake 0 
Board [3c 7d 5c Qs Js]
Seat 1: camina77 (small blind) folded before Flop
Seat 2: Mahu2021 (big blind) folded on the River
Seat 3: Chopin111 (button) collected (150)



PokerStars Hand #247013627415: Tournament #3670443570, $1.84+$0.16 USD Hold'em No Limit - Level I (10/20) - 2023/11/09 19:57:49 CET [2023/11/09 13:57:49 ET]
Table '3670443570 1' 3-max Seat #1 is the button
Seat 1: camina77 (440 in chips) 
Seat 2: Mahu2021 (340 in chips) 
Seat 3: Chopin111 (720 in chips) 
Mahu2021: posts small blind 10
Chopin111: posts big blind 20
*** HOLE CARDS ***
Dealt to Mahu2021 [6h 7d]
camina77: folds 
Mahu2021: folds 
Uncalled bet (10) returned to Chopin111
Chopin111 collected 20 from pot
*** SUMMARY ***
Total pot 20 | Rake 0 
Seat 1: camina77 (button) folded before Flop (didn't bet)
Seat 2: Mahu2021 (small blind) folded before Flop
Seat 3: Chopin111 (big blind) collected (20)



PokerStars Hand #247013628619: Tournament #3670443570, $1.84+$0.16 USD Hold'em No Limit - Level I (10/20) - 2023/11/09 19:57:54 CET [2023/11/09 13:57:54 ET]
Table '3670443570 1' 3-max Seat #2 is the button
Seat 1: camina77 (440 in chips) 
Seat 2: Mahu2021 (330 in chips) 
Seat 3: Chopin111 (730 in chips) 
Chopin111: posts small blind 10
camina77: posts big blind 20
*** HOLE CARDS ***
Dealt to Mahu2021 [Jd 2s]
Mahu2021: folds 
Chopin111: calls 10
camina77: checks 
*** FLOP *** [Ad 7s Js]
Chopin111: checks 
camina77: bets 20
Chopin111: calls 20
*** TURN *** [Ad 7s Js] [5s]
Chopin111: checks 
camina77: bets 20
Chopin111: folds 
Uncalled bet (20) returned to camina77
camina77 collected 80 from pot
camina77: doesn't show hand 
*** SUMMARY ***
Total pot 80 | Rake 0 
Board [Ad 7s Js 5s]
Seat 1: camina77 (big blind) collected (80)
Seat 2: Mahu2021 (button) folded before Flop (didn't bet)
Seat 3: Chopin111 (small blind) folded on the Turn



PokerStars Hand #247013633644: Tournament #3670443570, $1.84+$0.16 USD Hold'em No Limit - Level I (10/20) - 2023/11/09 19:58:13 CET [2023/11/09 13:58:13 ET]
Table '3670443570 1' 3-max Seat #3 is the button
Seat 1: camina77 (480 in chips) 
Seat 2: Mahu2021 (330 in chips) 
Seat 3: Chopin111 (690 in chips) 
camina77: posts small blind 10
Mahu2021: posts big blind 20
*** HOLE CARDS ***
Dealt to Mahu2021 [5c 9d]
Chopin111: calls 20
camina77: calls 10
Mahu2021: checks 
*** FLOP *** [6s 5s Jc]
camina77: checks 
Mahu2021: checks 
Chopin111: bets 30
camina77: folds 
Mahu2021: folds 
Uncalled bet (30) returned to Chopin111
Chopin111 collected 60 from pot
*** SUMMARY ***
Total pot 60 | Rake 0 
Board [6s 5s Jc]
Seat 1: camina77 (small blind) folded on the Flop
Seat 2: Mahu2021 (big blind) folded on the Flop
Seat 3: Chopin111 (button) collected (60)



PokerStars Hand #247013638363: Tournament #3670443570, $1.84+$0.16 USD Hold'em No Limit - Level I (10/20) - 2023/11/09 19:58:31 CET [2023/11/09 13:58:31 ET]
Table '3670443570 1' 3-max Seat #1 is the button
Seat 1: camina77 (460 in chips) 
Seat 2: Mahu2021 (310 in chips) 
Seat 3: Chopin111 (730 in chips) 
Mahu2021: posts small blind 10
Chopin111: posts big blind 20
*** HOLE CARDS ***
Dealt to Mahu2021 [6s Kc]
camina77: folds 
Mahu2021: raises 20 to 40
Chopin111: calls 20
*** FLOP *** [4c Js 3c]
Mahu2021: checks 
Chopin111: bets 80
Mahu2021: folds 
Uncalled bet (80) returned to Chopin111
Chopin111 collected 80 from pot
*** SUMMARY ***
Total pot 80 | Rake 0 
Board [4c Js 3c]
Seat 1: camina77 (button) folded before Flop (didn't bet)
Seat 2: Mahu2021 (small blind) folded on the Flop
Seat 3: Chopin111 (big blind) collected (80)



PokerStars Hand #247013642197: Tournament #3670443570, $1.84+$0.16 USD Hold'em No Limit - Level I (10/20) - 2023/11/09 19:58:46 CET [2023/11/09 13:58:46 ET]
Table '3670443570 1' 3-max Seat #2 is the button
Seat 1: camina77 (460 in chips) 
Seat 2: Mahu2021 (270 in chips) 
Seat 3: Chopin111 (770 in chips) 
Chopin111: posts small blind 10
camina77: posts big blind 20
*** HOLE CARDS ***
Dealt to Mahu2021 [Qd 2d]
Mahu2021: calls 20
Chopin111: calls 10
camina77: checks 
*** FLOP *** [6s Qs 4h]
Chopin111: bets 30
camina77: calls 30
Mahu2021: raises 220 to 250 and is all-in
Chopin111: folds 
camina77: folds 
Uncalled bet (220) returned to Mahu2021
Mahu2021 collected 150 from pot
Mahu2021: doesn't show hand 
*** SUMMARY ***
Total pot 150 | Rake 0 
Board [6s Qs 4h]
Seat 1: camina77 (big blind) folded on the Flop
Seat 2: Mahu2021 (button) collected (150)
Seat 3: Chopin111 (small blind) folded on the Flop



PokerStars Hand #247013646616: Tournament #3670443570, $1.84+$0.16 USD Hold'em No Limit - Level I (10/20) - 2023/11/09 19:59:03 CET [2023/11/09 13:59:03 ET]
Table '3670443570 1' 3-max Seat #3 is the button
Seat 1: camina77 (410 in chips) 
Seat 2: Mahu2021 (370 in chips) 
Seat 3: Chopin111 (720 in chips) 
camina77: posts small blind 10
Mahu2021: posts big blind 20
*** HOLE CARDS ***
Dealt to Mahu2021 [6d Ks]
Chopin111: calls 20
camina77: folds 
Mahu2021: checks 
*** FLOP *** [9c 3s 7d]
Mahu2021: checks 
Chopin111: checks 
*** TURN *** [9c 3s 7d] [8h]
Mahu2021: checks 
Chopin111: checks 
*** RIVER *** [9c 3s 7d 8h] [3c]
Mahu2021: checks 
Chopin111: bets 25
Mahu2021: folds 
Uncalled bet (25) returned to Chopin111
Chopin111 collected 50 from pot
*** SUMMARY ***
Total pot 50 | Rake 0 
Board [9c 3s 7d 8h 3c]
Seat 1: camina77 (small blind) folded before Flop
Seat 2: Mahu2021 (big blind) folded on the River
Seat 3: Chopin111 (button) collected (50)



PokerStars Hand #247013652633: Tournament #3670443570, $1.84+$0.16 USD Hold'em No Limit - Level II (15/30) - 2023/11/09 19:59:26 CET [2023/11/09 13:59:26 ET]
Table '3670443570 1' 3-max Seat #1 is the button
Seat 1: camina77 (400 in chips) 
Seat 2: Mahu2021 (350 in chips) 
Seat 3: Chopin111 (750 in chips) 
Mahu2021: posts small blind 15
Chopin111: posts big blind 30
*** HOLE CARDS ***
Dealt to Mahu2021 [9h 2d]
camina77: calls 30
Mahu2021: folds 
Chopin111: raises 75 to 105
camina77: calls 75
*** FLOP *** [Jd Ad 3h]
Chopin111: bets 113
camina77: folds 
Uncalled bet (113) returned to Chopin111
Chopin111 collected 225 from pot
*** SUMMARY ***
Total pot 225 | Rake 0 
Board [Jd Ad 3h]
Seat 1: camina77 (button) folded on the Flop
Seat 2: Mahu2021 (small blind) folded before Flop
Seat 3: Chopin111 (big blind) collected (225)



PokerStars Hand #247013655727: Tournament #3670443570, $1.84+$0.16 USD Hold'em No Limit - Level II (15/30) - 2023/11/09 19:59:38 CET [2023/11/09 13:59:38 ET]
Table '3670443570 1' 3-max Seat #2 is the button
Seat 1: camina77 (295 in chips) 
Seat 2: Mahu2021 (335 in chips) 
Seat 3: Chopin111 (870 in chips) 
Chopin111: posts small blind 15
camina77: posts big blind 30
*** HOLE CARDS ***
Dealt to Mahu2021 [4d 5c]
Mahu2021: folds 
Chopin111: calls 15
camina77: raises 265 to 295 and is all-in
Chopin111: folds 
Uncalled bet (265) returned to camina77
camina77 collected 60 from pot
camina77: doesn't show hand 
*** SUMMARY ***
Total pot 60 | Rake 0 
Seat 1: camina77 (big blind) collected (60)
Seat 2: Mahu2021 (button) folded before Flop (didn't bet)
Seat 3: Chopin111 (small blind) folded before Flop



PokerStars Hand #247013658131: Tournament #3670443570, $1.84+$0.16 USD Hold'em No Limit - Level II (15/30) - 2023/11/09 19:59:47 CET [2023/11/09 13:59:47 ET]
Table '3670443570 1' 3-max Seat #3 is the button
Seat 1: camina77 (325 in chips) 
Seat 2: Mahu2021 (335 in chips) 
Seat 3: Chopin111 (840 in chips) 
camina77: posts small blind 15
Mahu2021: posts big blind 30
*** HOLE CARDS ***
Dealt to Mahu2021 [7d 8s]
Chopin111: folds 
camina77: folds 
Uncalled bet (15) returned to Mahu2021
Mahu2021 collected 30 from pot
Mahu2021: doesn't show hand 
*** SUMMARY ***
Total pot 30 | Rake 0 
Seat 1: camina77 (small blind) folded before Flop
Seat 2: Mahu2021 (big blind) collected (30)
Seat 3: Chopin111 (button) folded before Flop (didn't bet)



PokerStars Hand #247013659471: Tournament #3670443570, $1.84+$0.16 USD Hold'em No Limit - Level II (15/30) - 2023/11/09 19:59:52 CET [2023/11/09 13:59:52 ET]
Table '3670443570 1' 3-max Seat #1 is the button
Seat 1: camina77 (310 in chips) 
Seat 2: Mahu2021 (350 in chips) 
Seat 3: Chopin111 (840 in chips) 
Mahu2021: posts small blind 15
Chopin111: posts big blind 30
*** HOLE CARDS ***
Dealt to Mahu2021 [3h 2c]
camina77: folds 
Mahu2021: folds 
Uncalled bet (15) returned to Chopin111
Chopin111 collected 30 from pot
*** SUMMARY ***
Total pot 30 | Rake 0 
Seat 1: camina77 (button) folded before Flop (didn't bet)
Seat 2: Mahu2021 (small blind) folded before Flop
Seat 3: Chopin111 (big blind) collected (30)



PokerStars Hand #247013660619: Tournament #3670443570, $1.84+$0.16 USD Hold'em No Limit - Level II (15/30) - 2023/11/09 19:59:56 CET [2023/11/09 13:59:56 ET]
Table '3670443570 1' 3-max Seat #2 is the button
Seat 1: camina77 (310 in chips) 
Seat 2: Mahu2021 (335 in chips) 
Seat 3: Chopin111 (855 in chips) 
Chopin111: posts small blind 15
camina77: posts big blind 30
*** HOLE CARDS ***
Dealt to Mahu2021 [Jd Jh]
Mahu2021: raises 60 to 90
Chopin111: folds 
camina77: raises 220 to 310 and is all-in
Mahu2021: calls 220
*** FLOP *** [Ah Qs Qh]
*** TURN *** [Ah Qs Qh] [8d]
*** RIVER *** [Ah Qs Qh 8d] [9s]
*** SHOW DOWN ***
camina77: shows [3s 3c] (two pair, Queens and Threes)
Mahu2021: shows [Jd Jh] (two pair, Queens and Jacks)
Mahu2021 collected 635 from pot
camina77 finished the tournament in 3rd place
*** SUMMARY ***
Total pot 635 | Rake 0 
Board [Ah Qs Qh 8d 9s]
Seat 1: camina77 (big blind) showed [3s 3c] and lost with two pair, Queens and Threes
Seat 2: Mahu2021 (button) showed [Jd Jh] and won (635) with two pair, Queens and Jacks
Seat 3: Chopin111 (small blind) folded before Flop



PokerStars Hand #247013666327: Tournament #3670443570, $1.84+$0.16 USD Hold'em No Limit - Level II (15/30) - 2023/11/09 20:00:16 CET [2023/11/09 14:00:16 ET]
Table '3670443570 1' 3-max Seat #3 is the button
Seat 2: Mahu2021 (660 in chips) 
Seat 3: Chopin111 (840 in chips) 
Chopin111: posts small blind 15
Mahu2021: posts big blind 30
*** HOLE CARDS ***
Dealt to Mahu2021 [Ts 8s]
Chopin111: calls 15
Mahu2021: checks 
*** FLOP *** [3s 6c 4d]
Mahu2021: checks 
Chopin111: bets 30
Mahu2021: folds 
Uncalled bet (30) returned to Chopin111
Chopin111 collected 60 from pot
*** SUMMARY ***
Total pot 60 | Rake 0 
Board [3s 6c 4d]
Seat 2: Mahu2021 (big blind) folded on the Flop
Seat 3: Chopin111 (button) (small blind) collected (60)



PokerStars Hand #247013668995: Tournament #3670443570, $1.84+$0.16 USD Hold'em No Limit - Level II (15/30) - 2023/11/09 20:00:26 CET [2023/11/09 14:00:26 ET]
Table '3670443570 1' 3-max Seat #2 is the button
Seat 2: Mahu2021 (630 in chips) 
Seat 3: Chopin111 (870 in chips) 
Mahu2021: posts small blind 15
Chopin111: posts big blind 30
*** HOLE CARDS ***
Dealt to Mahu2021 [9h Qd]
Mahu2021: raises 30 to 60
Chopin111: calls 30
*** FLOP *** [6d Ks 2c]
Chopin111: checks 
Mahu2021: checks 
*** TURN *** [6d Ks 2c] [Kd]
Chopin111: bets 30
Mahu2021: folds 
Uncalled bet (30) returned to Chopin111
Chopin111 collected 120 from pot
*** SUMMARY ***
Total pot 120 | Rake 0 
Board [6d Ks 2c Kd]
Seat 2: Mahu2021 (button) (small blind) folded on the Turn
Seat 3: Chopin111 (big blind) collected (120)



PokerStars Hand #247013672912: Tournament #3670443570, $1.84+$0.16 USD Hold'em No Limit - Level II (15/30) - 2023/11/09 20:00:40 CET [2023/11/09 14:00:40 ET]
Table '3670443570 1' 3-max Seat #3 is the button
Seat 2: Mahu2021 (570 in chips) 
Seat 3: Chopin111 (930 in chips) 
Chopin111: posts small blind 15
Mahu2021: posts big blind 30
*** HOLE CARDS ***
Dealt to Mahu2021 [Ah 8c]
Chopin111: calls 15
Mahu2021: raises 60 to 90
Chopin111: calls 60
*** FLOP *** [6c 8d 5c]
Mahu2021: bets 480 and is all-in
Chopin111: calls 480
*** TURN *** [6c 8d 5c] [Jc]
*** RIVER *** [6c 8d 5c Jc] [7c]
*** SHOW DOWN ***
Mahu2021: shows [Ah 8c] (a flush, Jack high)
Chopin111: shows [Jd 6s] (two pair, Jacks and Sixes)
Mahu2021 collected 1140 from pot
*** SUMMARY ***
Total pot 1140 | Rake 0 
Board [6c 8d 5c Jc 7c]
Seat 2: Mahu2021 (big blind) showed [Ah 8c] and won (1140) with a flush, Jack high
Seat 3: Chopin111 (button) (small blind) showed [Jd 6s] and lost with two pair, Jacks and Sixes



PokerStars Hand #247013678246: Tournament #3670443570, $1.84+$0.16 USD Hold'em No Limit - Level II (15/30) - 2023/11/09 20:00:59 CET [2023/11/09 14:00:59 ET]
Table '3670443570 1' 3-max Seat #2 is the button
Seat 2: Mahu2021 (1140 in chips) 
Seat 3: Chopin111 (360 in chips) 
Mahu2021: posts small blind 15
Chopin111: posts big blind 30
*** HOLE CARDS ***
Dealt to Mahu2021 [7d Kh]
Mahu2021: calls 15
Chopin111: raises 30 to 60
Mahu2021: calls 30
*** FLOP *** [4h 2s 7s]
Chopin111: bets 30
Mahu2021: raises 1050 to 1080 and is all-in
Chopin111: folds 
Uncalled bet (1050) returned to Mahu2021
Mahu2021 collected 180 from pot
Mahu2021: doesn't show hand 
*** SUMMARY ***
Total pot 180 | Rake 0 
Board [4h 2s 7s]
Seat 2: Mahu2021 (button) (small blind) collected (180)
Seat 3: Chopin111 (big blind) folded on the Flop



PokerStars Hand #247013681899: Tournament #3670443570, $1.84+$0.16 USD Hold'em No Limit - Level II (15/30) - 2023/11/09 20:01:11 CET [2023/11/09 14:01:11 ET]
Table '3670443570 1' 3-max Seat #3 is the button
Seat 2: Mahu2021 (1230 in chips) 
Seat 3: Chopin111 (270 in chips) 
Chopin111: posts small blind 15
Mahu2021: posts big blind 30
*** HOLE CARDS ***
Dealt to Mahu2021 [5c 3c]
Chopin111: calls 15
Mahu2021: checks 
*** FLOP *** [2d 8d 4d]
Mahu2021: checks 
Chopin111: checks 
*** TURN *** [2d 8d 4d] [9d]
Mahu2021: checks 
Chopin111: checks 
*** RIVER *** [2d 8d 4d 9d] [As]
Mahu2021: bets 90
Chopin111: raises 90 to 180
Mahu2021: calls 90
*** SHOW DOWN ***
Chopin111: shows [Qd Ad] (a flush, Ace high)
Mahu2021: mucks hand 
Chopin111 collected 420 from pot
*** SUMMARY ***
Total pot 420 | Rake 0 
Board [2d 8d 4d 9d As]
Seat 2: Mahu2021 (big blind) mucked [5c 3c]
Seat 3: Chopin111 (button) (small blind) showed [Qd Ad] and won (420) with a flush, Ace high



PokerStars Hand #247013688209: Tournament #3670443570, $1.84+$0.16 USD Hold'em No Limit - Level II (15/30) - 2023/11/09 20:01:31 CET [2023/11/09 14:01:31 ET]
Table '3670443570 1' 3-max Seat #2 is the button
Seat 2: Mahu2021 (1020 in chips) 
Seat 3: Chopin111 (480 in chips) 
Mahu2021: posts small blind 15
Chopin111: posts big blind 30
*** HOLE CARDS ***
Dealt to Mahu2021 [Tc Ad]
Mahu2021: raises 30 to 60
Chopin111: calls 30
*** FLOP *** [6h 3d 7c]
Chopin111: checks 
Mahu2021: checks 
*** TURN *** [6h 3d 7c] [5s]
Chopin111: bets 30
Mahu2021: folds 
Uncalled bet (30) returned to Chopin111
Chopin111 collected 120 from pot
*** SUMMARY ***
Total pot 120 | Rake 0 
Board [6h 3d 7c 5s]
Seat 2: Mahu2021 (button) (small blind) folded on the Turn
Seat 3: Chopin111 (big blind) collected (120)



PokerStars Hand #247013692667: Tournament #3670443570, $1.84+$0.16 USD Hold'em No Limit - Level II (15/30) - 2023/11/09 20:01:46 CET [2023/11/09 14:01:46 ET]
Table '3670443570 1' 3-max Seat #3 is the button
Seat 2: Mahu2021 (960 in chips) 
Seat 3: Chopin111 (540 in chips) 
Chopin111: posts small blind 15
Mahu2021: posts big blind 30
*** HOLE CARDS ***
Dealt to Mahu2021 [3h Ts]
Chopin111: calls 15
Mahu2021: checks 
*** FLOP *** [9h Kc 8s]
Mahu2021: checks 
Chopin111: checks 
*** TURN *** [9h Kc 8s] [2c]
Mahu2021: checks 
Chopin111: bets 30
Mahu2021: folds 
Uncalled bet (30) returned to Chopin111
Chopin111 collected 60 from pot
*** SUMMARY ***
Total pot 60 | Rake 0 
Board [9h Kc 8s 2c]
Seat 2: Mahu2021 (big blind) folded on the Turn
Seat 3: Chopin111 (button) (small blind) collected (60)



PokerStars Hand #247013696647: Tournament #3670443570, $1.84+$0.16 USD Hold'em No Limit - Level II (15/30) - 2023/11/09 20:01:58 CET [2023/11/09 14:01:58 ET]
Table '3670443570 1' 3-max Seat #2 is the button
Seat 2: Mahu2021 (930 in chips) 
Seat 3: Chopin111 (570 in chips) 
Mahu2021: posts small blind 15
Chopin111: posts big blind 30
*** HOLE CARDS ***
Dealt to Mahu2021 [5s 9c]
Mahu2021: folds 
Uncalled bet (15) returned to Chopin111
Chopin111 collected 30 from pot
*** SUMMARY ***
Total pot 30 | Rake 0 
Seat 2: Mahu2021 (button) (small blind) folded before Flop
Seat 3: Chopin111 (big blind) collected (30)



PokerStars Hand #247013699722: Tournament #3670443570, $1.84+$0.16 USD Hold'em No Limit - Level II (15/30) - 2023/11/09 20:02:08 CET [2023/11/09 14:02:08 ET]
Table '3670443570 1' 3-max Seat #3 is the button
Seat 2: Mahu2021 (915 in chips) 
Seat 3: Chopin111 (585 in chips) 
Chopin111: posts small blind 15
Mahu2021: posts big blind 30
*** HOLE CARDS ***
Dealt to Mahu2021 [8c 5h]
Chopin111: folds 
Uncalled bet (15) returned to Mahu2021
Mahu2021 collected 30 from pot
Mahu2021: doesn't show hand 
*** SUMMARY ***
Total pot 30 | Rake 0 
Seat 2: Mahu2021 (big blind) collected (30)
Seat 3: Chopin111 (button) (small blind) folded before Flop



PokerStars Hand #247013702191: Tournament #3670443570, $1.84+$0.16 USD Hold'em No Limit - Level III (20/40) - 2023/11/09 20:02:15 CET [2023/11/09 14:02:15 ET]
Table '3670443570 1' 3-max Seat #2 is the button
Seat 2: Mahu2021 (930 in chips) 
Seat 3: Chopin111 (570 in chips) 
Mahu2021: posts small blind 20
Chopin111: posts big blind 40
*** HOLE CARDS ***
Dealt to Mahu2021 [4s 5h]
Mahu2021: calls 20
Chopin111: checks 
*** FLOP *** [Th 4c Jh]
Chopin111: checks 
Mahu2021: bets 40
Chopin111: folds 
Uncalled bet (40) returned to Mahu2021
Mahu2021 collected 80 from pot
Mahu2021: doesn't show hand 
*** SUMMARY ***
Total pot 80 | Rake 0 
Board [Th 4c Jh]
Seat 2: Mahu2021 (button) (small blind) collected (80)
Seat 3: Chopin111 (big blind) folded on the Flop



PokerStars Hand #247013705813: Tournament #3670443570, $1.84+$0.16 USD Hold'em No Limit - Level III (20/40) - 2023/11/09 20:02:26 CET [2023/11/09 14:02:26 ET]
Table '3670443570 1' 3-max Seat #3 is the button
Seat 2: Mahu2021 (970 in chips) 
Seat 3: Chopin111 (530 in chips) 
Chopin111: posts small blind 20
Mahu2021: posts big blind 40
*** HOLE CARDS ***
Dealt to Mahu2021 [Qh 8c]
Chopin111: calls 20
Mahu2021: checks 
*** FLOP *** [9d 6h Js]
Mahu2021: checks 
Chopin111: bets 40
Mahu2021: calls 40
*** TURN *** [9d 6h Js] [Qc]
Mahu2021: checks 
Chopin111: bets 40
Mahu2021: raises 160 to 200
Chopin111: folds 
Uncalled bet (160) returned to Mahu2021
Mahu2021 collected 240 from pot
Mahu2021: doesn't show hand 
*** SUMMARY ***
Total pot 240 | Rake 0 
Board [9d 6h Js Qc]
Seat 2: Mahu2021 (big blind) collected (240)
Seat 3: Chopin111 (button) (small blind) folded on the Turn



PokerStars Hand #247013711383: Tournament #3670443570, $1.84+$0.16 USD Hold'em No Limit - Level III (20/40) - 2023/11/09 20:02:43 CET [2023/11/09 14:02:43 ET]
Table '3670443570 1' 3-max Seat #2 is the button
Seat 2: Mahu2021 (1090 in chips) 
Seat 3: Chopin111 (410 in chips) 
Mahu2021: posts small blind 20
Chopin111: posts big blind 40
*** HOLE CARDS ***
Dealt to Mahu2021 [Jc 2s]
Mahu2021: calls 20
Chopin111: raises 40 to 80
Mahu2021: calls 40
*** FLOP *** [Ac 2c 9c]
Chopin111: checks 
Mahu2021: bets 1010 and is all-in
Chopin111: calls 330 and is all-in
Uncalled bet (680) returned to Mahu2021
*** TURN *** [Ac 2c 9c] [Kh]
*** RIVER *** [Ac 2c 9c Kh] [6h]
*** SHOW DOWN ***
Chopin111: shows [7c 4c] (a flush, Ace high)
Mahu2021: shows [Jc 2s] (a pair of Deuces)
Chopin111 collected 820 from pot
*** SUMMARY ***
Total pot 820 | Rake 0 
Board [Ac 2c 9c Kh 6h]
Seat 2: Mahu2021 (button) (small blind) showed [Jc 2s] and lost with a pair of Deuces
Seat 3: Chopin111 (big blind) showed [7c 4c] and won (820) with a flush, Ace high



PokerStars Hand #247013717806: Tournament #3670443570, $1.84+$0.16 USD Hold'em No Limit - Level III (20/40) - 2023/11/09 20:03:02 CET [2023/11/09 14:03:02 ET]
Table '3670443570 1' 3-max Seat #3 is the button
Seat 2: Mahu2021 (680 in chips) 
Seat 3: Chopin111 (820 in chips) 
Chopin111: posts small blind 20
Mahu2021: posts big blind 40
*** HOLE CARDS ***
Dealt to Mahu2021 [Ad 7c]
Chopin111: calls 20
Mahu2021: checks 
*** FLOP *** [9d Ah 5h]
Mahu2021: bets 80
Chopin111: raises 80 to 160
Mahu2021: raises 480 to 640 and is all-in
Chopin111: calls 480
*** TURN *** [9d Ah 5h] [Js]
*** RIVER *** [9d Ah 5h Js] [4c]
*** SHOW DOWN ***
Mahu2021: shows [Ad 7c] (a pair of Aces)
Chopin111: shows [Ac 8c] (a pair of Aces - Jack+Nine+Eight kicker)
Chopin111 collected 1360 from pot
Mahu2021 finished the tournament in 2nd place
Chopin111 wins the tournament and receives $6.00 - congratulations!
*** SUMMARY ***
Total pot 1360 | Rake 0 
Board [9d Ah 5h Js 4c]
Seat 2: Mahu2021 (big blind) showed [Ad 7c] and lost with a pair of Aces
Seat 3: Chopin111 (button) (small blind) showed [Ac 8c] and won (1360) with a pair of Aces



