PokerStars Hand #255825171512: Tournament #3881417401, $0.46+$0.04 USD Hold'em No Limit - Level I (10/20) - 2025/04/21 9:04:13 CET [2025/04/21 3:04:13 ET]
Table '3881417401 1' 3-max Seat #1 is the button
Seat 1: Trinity2oo8 (500 in chips) 
Seat 2: p0tSuck3r (500 in chips) 
Seat 3: Mahu2021 (500 in chips) 
p0tSuck3r: posts small blind 10
Mahu2021: posts big blind 20
*** HOLE CARDS ***
Dealt to Mahu2021 [Kc 6d]
Trinity2oo8: folds 
p0tSuck3r: folds 
Uncalled bet (10) returned to Mahu2021
Mahu2021 collected 20 from pot
Mahu2021: doesn't show hand 
*** SUMMARY ***
Total pot 20 | Rake 0 
Seat 1: Trinity2oo8 (button) folded before Flop (didn't bet)
Seat 2: p0tSuck3r (small blind) folded before Flop
Seat 3: Mahu2021 (big blind) collected (20)



PokerStars Hand #255825172869: Tournament #3881417401, $0.46+$0.04 USD Hold'em No Limit - Level I (10/20) - 2025/04/21 9:04:32 CET [2025/04/21 3:04:32 ET]
Table '3881417401 1' 3-max Seat #2 is the button
Seat 1: Trinity2oo8 (500 in chips) 
Seat 2: p0tSuck3r (490 in chips) 
Seat 3: Mahu2021 (510 in chips) 
Mahu2021: posts small blind 10
Trinity2oo8: posts big blind 20
*** HOLE CARDS ***
Dealt to Mahu2021 [Qc 9c]
p0tSuck3r: folds 
Mahu2021: raises 20 to 40
Trinity2oo8: calls 20
*** FLOP *** [Ah 7d 5d]
Mahu2021: bets 40
Trinity2oo8: folds 
Uncalled bet (40) returned to Mahu2021
Mahu2021 collected 80 from pot
Mahu2021: doesn't show hand 
*** SUMMARY ***
Total pot 80 | Rake 0 
Board [Ah 7d 5d]
Seat 1: Trinity2oo8 (big blind) folded on the Flop
Seat 2: p0tSuck3r (button) folded before Flop (didn't bet)
Seat 3: Mahu2021 (small blind) collected (80)



PokerStars Hand #255825173797: Tournament #3881417401, $0.46+$0.04 USD Hold'em No Limit - Level I (10/20) - 2025/04/21 9:04:44 CET [2025/04/21 3:04:44 ET]
Table '3881417401 1' 3-max Seat #3 is the button
Seat 1: Trinity2oo8 (460 in chips) 
Seat 2: p0tSuck3r (490 in chips) 
Seat 3: Mahu2021 (550 in chips) 
Trinity2oo8: posts small blind 10
p0tSuck3r: posts big blind 20
*** HOLE CARDS ***
Dealt to Mahu2021 [Qs 2s]
Mahu2021: folds 
Trinity2oo8: folds 
Uncalled bet (10) returned to p0tSuck3r
p0tSuck3r collected 20 from pot
p0tSuck3r: doesn't show hand 
*** SUMMARY ***
Total pot 20 | Rake 0 
Seat 1: Trinity2oo8 (small blind) folded before Flop
Seat 2: p0tSuck3r (big blind) collected (20)
Seat 3: Mahu2021 (button) folded before Flop (didn't bet)



PokerStars Hand #255825174188: Tournament #3881417401, $0.46+$0.04 USD Hold'em No Limit - Level I (10/20) - 2025/04/21 9:04:49 CET [2025/04/21 3:04:49 ET]
Table '3881417401 1' 3-max Seat #1 is the button
Seat 1: Trinity2oo8 (450 in chips) 
Seat 2: p0tSuck3r (500 in chips) 
Seat 3: Mahu2021 (550 in chips) 
p0tSuck3r: posts small blind 10
Mahu2021: posts big blind 20
*** HOLE CARDS ***
Dealt to Mahu2021 [Jc 5c]
Trinity2oo8: calls 20
p0tSuck3r: calls 10
Mahu2021: checks 
*** FLOP *** [5s 7h 3d]
p0tSuck3r: checks 
Mahu2021: checks 
Trinity2oo8: checks 
*** TURN *** [5s 7h 3d] [8d]
p0tSuck3r: checks 
Mahu2021: bets 40
Trinity2oo8: calls 40
p0tSuck3r: folds 
*** RIVER *** [5s 7h 3d 8d] [Ad]
Mahu2021: checks 
Trinity2oo8: bets 60
Mahu2021: folds 
Uncalled bet (60) returned to Trinity2oo8
Trinity2oo8 collected 140 from pot
*** SUMMARY ***
Total pot 140 | Rake 0 
Board [5s 7h 3d 8d Ad]
Seat 1: Trinity2oo8 (button) collected (140)
Seat 2: p0tSuck3r (small blind) folded on the Turn
Seat 3: Mahu2021 (big blind) folded on the River



PokerStars Hand #255825176619: Tournament #3881417401, $0.46+$0.04 USD Hold'em No Limit - Level I (10/20) - 2025/04/21 9:05:23 CET [2025/04/21 3:05:23 ET]
Table '3881417401 1' 3-max Seat #2 is the button
Seat 1: Trinity2oo8 (530 in chips) 
Seat 2: p0tSuck3r (480 in chips) 
Seat 3: Mahu2021 (490 in chips) 
Mahu2021: posts small blind 10
Trinity2oo8: posts big blind 20
*** HOLE CARDS ***
Dealt to Mahu2021 [2h 6h]
p0tSuck3r: folds 
Mahu2021: folds 
Uncalled bet (10) returned to Trinity2oo8
Trinity2oo8 collected 20 from pot
*** SUMMARY ***
Total pot 20 | Rake 0 
Seat 1: Trinity2oo8 (big blind) collected (20)
Seat 2: p0tSuck3r (button) folded before Flop (didn't bet)
Seat 3: Mahu2021 (small blind) folded before Flop



PokerStars Hand #255825177005: Tournament #3881417401, $0.46+$0.04 USD Hold'em No Limit - Level I (10/20) - 2025/04/21 9:05:29 CET [2025/04/21 3:05:29 ET]
Table '3881417401 1' 3-max Seat #3 is the button
Seat 1: Trinity2oo8 (540 in chips) 
Seat 2: p0tSuck3r (480 in chips) 
Seat 3: Mahu2021 (480 in chips) 
Trinity2oo8: posts small blind 10
p0tSuck3r: posts big blind 20
*** HOLE CARDS ***
Dealt to Mahu2021 [4d 7d]
Mahu2021: folds 
Trinity2oo8: calls 10
p0tSuck3r: checks 
*** FLOP *** [2d 4c Js]
Trinity2oo8: checks 
p0tSuck3r: bets 40
Trinity2oo8: calls 40
*** TURN *** [2d 4c Js] [Kc]
Trinity2oo8: checks 
p0tSuck3r: checks 
*** RIVER *** [2d 4c Js Kc] [5s]
Trinity2oo8: checks 
p0tSuck3r: bets 66
Trinity2oo8: folds 
Uncalled bet (66) returned to p0tSuck3r
p0tSuck3r collected 120 from pot
p0tSuck3r: doesn't show hand 
*** SUMMARY ***
Total pot 120 | Rake 0 
Board [2d 4c Js Kc 5s]
Seat 1: Trinity2oo8 (small blind) folded on the River
Seat 2: p0tSuck3r (big blind) collected (120)
Seat 3: Mahu2021 (button) folded before Flop (didn't bet)



PokerStars Hand #255825178631: Tournament #3881417401, $0.46+$0.04 USD Hold'em No Limit - Level I (10/20) - 2025/04/21 9:05:51 CET [2025/04/21 3:05:51 ET]
Table '3881417401 1' 3-max Seat #1 is the button
Seat 1: Trinity2oo8 (480 in chips) 
Seat 2: p0tSuck3r (540 in chips) 
Seat 3: Mahu2021 (480 in chips) 
p0tSuck3r: posts small blind 10
Mahu2021: posts big blind 20
*** HOLE CARDS ***
Dealt to Mahu2021 [Qs 4s]
Trinity2oo8: raises 60 to 80
p0tSuck3r: folds 
Mahu2021: folds 
Uncalled bet (60) returned to Trinity2oo8
Trinity2oo8 collected 50 from pot
*** SUMMARY ***
Total pot 50 | Rake 0 
Seat 1: Trinity2oo8 (button) collected (50)
Seat 2: p0tSuck3r (small blind) folded before Flop
Seat 3: Mahu2021 (big blind) folded before Flop



PokerStars Hand #255825179495: Tournament #3881417401, $0.46+$0.04 USD Hold'em No Limit - Level I (10/20) - 2025/04/21 9:06:03 CET [2025/04/21 3:06:03 ET]
Table '3881417401 1' 3-max Seat #2 is the button
Seat 1: Trinity2oo8 (510 in chips) 
Seat 2: p0tSuck3r (530 in chips) 
Seat 3: Mahu2021 (460 in chips) 
Mahu2021: posts small blind 10
Trinity2oo8: posts big blind 20
*** HOLE CARDS ***
Dealt to Mahu2021 [Js 8c]
p0tSuck3r: calls 20
Mahu2021: calls 10
Trinity2oo8: checks 
*** FLOP *** [Qc 7s 3h]
Mahu2021: checks 
Trinity2oo8: checks 
p0tSuck3r: checks 
*** TURN *** [Qc 7s 3h] [5h]
Mahu2021: checks 
Trinity2oo8: checks 
p0tSuck3r: checks 
*** RIVER *** [Qc 7s 3h 5h] [Ad]
Mahu2021: checks 
Trinity2oo8: checks 
p0tSuck3r: checks 
*** SHOW DOWN ***
Mahu2021: shows [Js 8c] (high card Ace)
Trinity2oo8: mucks hand 
p0tSuck3r: shows [4d 5d] (a pair of Fives)
p0tSuck3r collected 60 from pot
*** SUMMARY ***
Total pot 60 | Rake 0 
Board [Qc 7s 3h 5h Ad]
Seat 1: Trinity2oo8 (big blind) mucked [8s 9s]
Seat 2: p0tSuck3r (button) showed [4d 5d] and won (60) with a pair of Fives
Seat 3: Mahu2021 (small blind) showed [Js 8c] and lost with high card Ace



PokerStars Hand #255825181245: Tournament #3881417401, $0.46+$0.04 USD Hold'em No Limit - Level I (10/20) - 2025/04/21 9:06:26 CET [2025/04/21 3:06:26 ET]
Table '3881417401 1' 3-max Seat #3 is the button
Seat 1: Trinity2oo8 (490 in chips) 
Seat 2: p0tSuck3r (570 in chips) 
Seat 3: Mahu2021 (440 in chips) 
Trinity2oo8: posts small blind 10
p0tSuck3r: posts big blind 20
*** HOLE CARDS ***
Dealt to Mahu2021 [Ac 9s]
Mahu2021: raises 20 to 40
Trinity2oo8: folds 
p0tSuck3r: folds 
Uncalled bet (20) returned to Mahu2021
Mahu2021 collected 50 from pot
Mahu2021: doesn't show hand 
*** SUMMARY ***
Total pot 50 | Rake 0 
Seat 1: Trinity2oo8 (small blind) folded before Flop
Seat 2: p0tSuck3r (big blind) folded before Flop
Seat 3: Mahu2021 (button) collected (50)



PokerStars Hand #255825181964: Tournament #3881417401, $0.46+$0.04 USD Hold'em No Limit - Level I (10/20) - 2025/04/21 9:06:36 CET [2025/04/21 3:06:36 ET]
Table '3881417401 1' 3-max Seat #1 is the button
Seat 1: Trinity2oo8 (480 in chips) 
Seat 2: p0tSuck3r (550 in chips) 
Seat 3: Mahu2021 (470 in chips) 
p0tSuck3r: posts small blind 10
Mahu2021: posts big blind 20
*** HOLE CARDS ***
Dealt to Mahu2021 [8c 6h]
Trinity2oo8: folds 
p0tSuck3r: folds 
Uncalled bet (10) returned to Mahu2021
Mahu2021 collected 20 from pot
Mahu2021: doesn't show hand 
*** SUMMARY ***
Total pot 20 | Rake 0 
Seat 1: Trinity2oo8 (button) folded before Flop (didn't bet)
Seat 2: p0tSuck3r (small blind) folded before Flop
Seat 3: Mahu2021 (big blind) collected (20)



PokerStars Hand #255825183153: Tournament #3881417401, $0.46+$0.04 USD Hold'em No Limit - Level I (10/20) - 2025/04/21 9:06:52 CET [2025/04/21 3:06:52 ET]
Table '3881417401 1' 3-max Seat #2 is the button
Seat 1: Trinity2oo8 (480 in chips) 
Seat 2: p0tSuck3r (540 in chips) 
Seat 3: Mahu2021 (480 in chips) 
Mahu2021: posts small blind 10
Trinity2oo8: posts big blind 20
*** HOLE CARDS ***
Dealt to Mahu2021 [Kc Qh]
p0tSuck3r: calls 20
Mahu2021: calls 10
Trinity2oo8: checks 
*** FLOP *** [5h Qs Qd]
Mahu2021: checks 
Trinity2oo8: checks 
p0tSuck3r: bets 60
Mahu2021: raises 180 to 240
Trinity2oo8: folds 
p0tSuck3r: folds 
Uncalled bet (180) returned to Mahu2021
Mahu2021 collected 180 from pot
Mahu2021: doesn't show hand 
*** SUMMARY ***
Total pot 180 | Rake 0 
Board [5h Qs Qd]
Seat 1: Trinity2oo8 (big blind) folded on the Flop
Seat 2: p0tSuck3r (button) folded on the Flop
Seat 3: Mahu2021 (small blind) collected (180)



PokerStars Hand #255825185144: Tournament #3881417401, $0.46+$0.04 USD Hold'em No Limit - Level II (15/30) - 2025/04/21 9:07:19 CET [2025/04/21 3:07:19 ET]
Table '3881417401 1' 3-max Seat #3 is the button
Seat 1: Trinity2oo8 (460 in chips) 
Seat 2: p0tSuck3r (460 in chips) 
Seat 3: Mahu2021 (580 in chips) 
Trinity2oo8: posts small blind 15
p0tSuck3r: posts big blind 30
*** HOLE CARDS ***
Dealt to Mahu2021 [6d 6c]
Mahu2021: raises 30 to 60
Trinity2oo8: folds 
p0tSuck3r: folds 
Uncalled bet (30) returned to Mahu2021
Mahu2021 collected 75 from pot
Mahu2021: doesn't show hand 
*** SUMMARY ***
Total pot 75 | Rake 0 
Seat 1: Trinity2oo8 (small blind) folded before Flop
Seat 2: p0tSuck3r (big blind) folded before Flop
Seat 3: Mahu2021 (button) collected (75)



PokerStars Hand #255825185801: Tournament #3881417401, $0.46+$0.04 USD Hold'em No Limit - Level II (15/30) - 2025/04/21 9:07:27 CET [2025/04/21 3:07:27 ET]
Table '3881417401 1' 3-max Seat #1 is the button
Seat 1: Trinity2oo8 (445 in chips) 
Seat 2: p0tSuck3r (430 in chips) 
Seat 3: Mahu2021 (625 in chips) 
p0tSuck3r: posts small blind 15
Mahu2021: posts big blind 30
*** HOLE CARDS ***
Dealt to Mahu2021 [Qh Kc]
Trinity2oo8: calls 30
p0tSuck3r: folds 
Mahu2021: checks 
*** FLOP *** [5c 5s 8c]
Mahu2021: checks 
Trinity2oo8: checks 
*** TURN *** [5c 5s 8c] [Jc]
Mahu2021: checks 
Trinity2oo8: checks 
*** RIVER *** [5c 5s 8c Jc] [Jh]
Mahu2021: checks 
Trinity2oo8: checks 
*** SHOW DOWN ***
Mahu2021: shows [Qh Kc] (two pair, Jacks and Fives)
Trinity2oo8: mucks hand 
Mahu2021 collected 75 from pot
*** SUMMARY ***
Total pot 75 | Rake 0 
Board [5c 5s 8c Jc Jh]
Seat 1: Trinity2oo8 (button) mucked [4h Qc]
Seat 2: p0tSuck3r (small blind) folded before Flop
Seat 3: Mahu2021 (big blind) showed [Qh Kc] and won (75) with two pair, Jacks and Fives



PokerStars Hand #255825187264: Tournament #3881417401, $0.46+$0.04 USD Hold'em No Limit - Level II (15/30) - 2025/04/21 9:07:47 CET [2025/04/21 3:07:47 ET]
Table '3881417401 1' 3-max Seat #2 is the button
Seat 1: Trinity2oo8 (415 in chips) 
Seat 2: p0tSuck3r (415 in chips) 
Seat 3: Mahu2021 (670 in chips) 
Mahu2021: posts small blind 15
Trinity2oo8: posts big blind 30
*** HOLE CARDS ***
Dealt to Mahu2021 [As 3d]
p0tSuck3r: folds 
Mahu2021: raises 30 to 60
Trinity2oo8: folds 
Uncalled bet (30) returned to Mahu2021
Mahu2021 collected 60 from pot
Mahu2021: doesn't show hand 
*** SUMMARY ***
Total pot 60 | Rake 0 
Seat 1: Trinity2oo8 (big blind) folded before Flop
Seat 2: p0tSuck3r (button) folded before Flop (didn't bet)
Seat 3: Mahu2021 (small blind) collected (60)



PokerStars Hand #255825188234: Tournament #3881417401, $0.46+$0.04 USD Hold'em No Limit - Level II (15/30) - 2025/04/21 9:07:59 CET [2025/04/21 3:07:59 ET]
Table '3881417401 1' 3-max Seat #3 is the button
Seat 1: Trinity2oo8 (385 in chips) 
Seat 2: p0tSuck3r (415 in chips) 
Seat 3: Mahu2021 (700 in chips) 
Trinity2oo8: posts small blind 15
p0tSuck3r: posts big blind 30
*** HOLE CARDS ***
Dealt to Mahu2021 [9c 6s]
Mahu2021: folds 
Trinity2oo8: calls 15
p0tSuck3r: checks 
*** FLOP *** [8d 7d 5c]
Trinity2oo8: checks 
p0tSuck3r: checks 
*** TURN *** [8d 7d 5c] [As]
Trinity2oo8: checks 
p0tSuck3r: bets 33
Trinity2oo8: calls 33
*** RIVER *** [8d 7d 5c As] [7s]
Trinity2oo8: checks 
p0tSuck3r: checks 
*** SHOW DOWN ***
Trinity2oo8: shows [6c Jc] (a pair of Sevens)
p0tSuck3r: shows [Kd Ts] (a pair of Sevens - Ace+King kicker)
p0tSuck3r collected 126 from pot
*** SUMMARY ***
Total pot 126 | Rake 0 
Board [8d 7d 5c As 7s]
Seat 1: Trinity2oo8 (small blind) showed [6c Jc] and lost with a pair of Sevens
Seat 2: p0tSuck3r (big blind) showed [Kd Ts] and won (126) with a pair of Sevens
Seat 3: Mahu2021 (button) folded before Flop (didn't bet)



PokerStars Hand #255825189680: Tournament #3881417401, $0.46+$0.04 USD Hold'em No Limit - Level II (15/30) - 2025/04/21 9:08:19 CET [2025/04/21 3:08:19 ET]
Table '3881417401 1' 3-max Seat #1 is the button
Seat 1: Trinity2oo8 (322 in chips) 
Seat 2: p0tSuck3r (478 in chips) 
Seat 3: Mahu2021 (700 in chips) 
p0tSuck3r: posts small blind 15
Mahu2021: posts big blind 30
*** HOLE CARDS ***
Dealt to Mahu2021 [8d 9h]
Trinity2oo8: raises 90 to 120
p0tSuck3r: folds 
Mahu2021: folds 
Uncalled bet (90) returned to Trinity2oo8
Trinity2oo8 collected 75 from pot
*** SUMMARY ***
Total pot 75 | Rake 0 
Seat 1: Trinity2oo8 (button) collected (75)
Seat 2: p0tSuck3r (small blind) folded before Flop
Seat 3: Mahu2021 (big blind) folded before Flop



PokerStars Hand #255825191014: Tournament #3881417401, $0.46+$0.04 USD Hold'em No Limit - Level II (15/30) - 2025/04/21 9:08:37 CET [2025/04/21 3:08:37 ET]
Table '3881417401 1' 3-max Seat #2 is the button
Seat 1: Trinity2oo8 (367 in chips) 
Seat 2: p0tSuck3r (463 in chips) 
Seat 3: Mahu2021 (670 in chips) 
Mahu2021: posts small blind 15
Trinity2oo8: posts big blind 30
*** HOLE CARDS ***
Dealt to Mahu2021 [Qd 3d]
p0tSuck3r: folds 
Mahu2021: raises 30 to 60
Trinity2oo8: calls 30
*** FLOP *** [As Kc 4c]
Mahu2021: bets 60
Trinity2oo8: calls 60
*** TURN *** [As Kc 4c] [6c]
Mahu2021: checks 
Trinity2oo8: checks 
*** RIVER *** [As Kc 4c 6c] [6d]
Mahu2021: checks 
Trinity2oo8: checks 
*** SHOW DOWN ***
Mahu2021: shows [Qd 3d] (a pair of Sixes)
Trinity2oo8: shows [4h 8h] (two pair, Sixes and Fours)
Trinity2oo8 collected 240 from pot
*** SUMMARY ***
Total pot 240 | Rake 0 
Board [As Kc 4c 6c 6d]
Seat 1: Trinity2oo8 (big blind) showed [4h 8h] and won (240) with two pair, Sixes and Fours
Seat 2: p0tSuck3r (button) folded before Flop (didn't bet)
Seat 3: Mahu2021 (small blind) showed [Qd 3d] and lost with a pair of Sixes



PokerStars Hand #255825192295: Tournament #3881417401, $0.46+$0.04 USD Hold'em No Limit - Level II (15/30) - 2025/04/21 9:08:54 CET [2025/04/21 3:08:54 ET]
Table '3881417401 1' 3-max Seat #3 is the button
Seat 1: Trinity2oo8 (487 in chips) 
Seat 2: p0tSuck3r (463 in chips) 
Seat 3: Mahu2021 (550 in chips) 
Trinity2oo8: posts small blind 15
p0tSuck3r: posts big blind 30
*** HOLE CARDS ***
Dealt to Mahu2021 [5s 3h]
Mahu2021: folds 
Trinity2oo8: calls 15
p0tSuck3r: checks 
*** FLOP *** [2d 6h As]
Trinity2oo8: checks 
p0tSuck3r: checks 
*** TURN *** [2d 6h As] [2s]
Trinity2oo8: checks 
p0tSuck3r: checks 
*** RIVER *** [2d 6h As 2s] [3d]
Trinity2oo8: checks 
p0tSuck3r: checks 
*** SHOW DOWN ***
Trinity2oo8: shows [9c 3c] (two pair, Threes and Deuces)
p0tSuck3r: mucks hand 
Trinity2oo8 collected 60 from pot
*** SUMMARY ***
Total pot 60 | Rake 0 
Board [2d 6h As 2s 3d]
Seat 1: Trinity2oo8 (small blind) showed [9c 3c] and won (60) with two pair, Threes and Deuces
Seat 2: p0tSuck3r (big blind) mucked [Qs Td]
Seat 3: Mahu2021 (button) folded before Flop (didn't bet)



PokerStars Hand #255825196500: Tournament #3881417401, $0.46+$0.04 USD Hold'em No Limit - Level II (15/30) - 2025/04/21 9:09:51 CET [2025/04/21 3:09:51 ET]
Table '3881417401 1' 3-max Seat #1 is the button
Seat 1: Trinity2oo8 (517 in chips) 
Seat 2: p0tSuck3r (433 in chips) 
Seat 3: Mahu2021 (550 in chips) 
p0tSuck3r: posts small blind 15
Mahu2021: posts big blind 30
*** HOLE CARDS ***
Dealt to Mahu2021 [4s 7h]
Trinity2oo8: calls 30
p0tSuck3r: folds 
Mahu2021: checks 
*** FLOP *** [Kd 4h 9s]
Mahu2021: checks 
Trinity2oo8: checks 
*** TURN *** [Kd 4h 9s] [Ad]
Mahu2021: checks 
Trinity2oo8: checks 
*** RIVER *** [Kd 4h 9s Ad] [As]
Mahu2021: checks 
Trinity2oo8: checks 
*** SHOW DOWN ***
Mahu2021: shows [4s 7h] (two pair, Aces and Fours)
Trinity2oo8: shows [4c Qc] (two pair, Aces and Fours)
Mahu2021 collected 38 from pot
Trinity2oo8 collected 37 from pot
*** SUMMARY ***
Total pot 75 | Rake 0 
Board [Kd 4h 9s Ad As]
Seat 1: Trinity2oo8 (button) showed [4c Qc] and won (37) with two pair, Aces and Fours
Seat 2: p0tSuck3r (small blind) folded before Flop
Seat 3: Mahu2021 (big blind) showed [4s 7h] and won (38) with two pair, Aces and Fours



PokerStars Hand #255825198830: Tournament #3881417401, $0.46+$0.04 USD Hold'em No Limit - Level III (20/40) - 2025/04/21 9:10:21 CET [2025/04/21 3:10:21 ET]
Table '3881417401 1' 3-max Seat #2 is the button
Seat 1: Trinity2oo8 (524 in chips) 
Seat 2: p0tSuck3r (418 in chips) 
Seat 3: Mahu2021 (558 in chips) 
Mahu2021: posts small blind 20
Trinity2oo8: posts big blind 40
*** HOLE CARDS ***
Dealt to Mahu2021 [Kh Jh]
p0tSuck3r: folds 
Mahu2021: raises 80 to 120
Trinity2oo8: folds 
Uncalled bet (80) returned to Mahu2021
Mahu2021 collected 80 from pot
Mahu2021: doesn't show hand 
*** SUMMARY ***
Total pot 80 | Rake 0 
Seat 1: Trinity2oo8 (big blind) folded before Flop
Seat 2: p0tSuck3r (button) folded before Flop (didn't bet)
Seat 3: Mahu2021 (small blind) collected (80)



PokerStars Hand #255825199628: Tournament #3881417401, $0.46+$0.04 USD Hold'em No Limit - Level III (20/40) - 2025/04/21 9:10:32 CET [2025/04/21 3:10:32 ET]
Table '3881417401 1' 3-max Seat #3 is the button
Seat 1: Trinity2oo8 (484 in chips) 
Seat 2: p0tSuck3r (418 in chips) 
Seat 3: Mahu2021 (598 in chips) 
Trinity2oo8: posts small blind 20
p0tSuck3r: posts big blind 40
*** HOLE CARDS ***
Dealt to Mahu2021 [Qc Tc]
Mahu2021: raises 40 to 80
Trinity2oo8: calls 60
p0tSuck3r: folds 
*** FLOP *** [4s 5d Jd]
Trinity2oo8: checks 
Mahu2021: checks 
*** TURN *** [4s 5d Jd] [3s]
Trinity2oo8: bets 120
Mahu2021: folds 
Uncalled bet (120) returned to Trinity2oo8
Trinity2oo8 collected 200 from pot
*** SUMMARY ***
Total pot 200 | Rake 0 
Board [4s 5d Jd 3s]
Seat 1: Trinity2oo8 (small blind) collected (200)
Seat 2: p0tSuck3r (big blind) folded before Flop
Seat 3: Mahu2021 (button) folded on the Turn



PokerStars Hand #255825201009: Tournament #3881417401, $0.46+$0.04 USD Hold'em No Limit - Level III (20/40) - 2025/04/21 9:10:50 CET [2025/04/21 3:10:50 ET]
Table '3881417401 1' 3-max Seat #1 is the button
Seat 1: Trinity2oo8 (604 in chips) 
Seat 2: p0tSuck3r (378 in chips) 
Seat 3: Mahu2021 (518 in chips) 
p0tSuck3r: posts small blind 20
Mahu2021: posts big blind 40
*** HOLE CARDS ***
Dealt to Mahu2021 [2h 9s]
Trinity2oo8: raises 80 to 120
p0tSuck3r: folds 
Mahu2021: folds 
Uncalled bet (80) returned to Trinity2oo8
Trinity2oo8 collected 100 from pot
*** SUMMARY ***
Total pot 100 | Rake 0 
Seat 1: Trinity2oo8 (button) collected (100)
Seat 2: p0tSuck3r (small blind) folded before Flop
Seat 3: Mahu2021 (big blind) folded before Flop



PokerStars Hand #255825201679: Tournament #3881417401, $0.46+$0.04 USD Hold'em No Limit - Level III (20/40) - 2025/04/21 9:10:59 CET [2025/04/21 3:10:59 ET]
Table '3881417401 1' 3-max Seat #2 is the button
Seat 1: Trinity2oo8 (664 in chips) 
Seat 2: p0tSuck3r (358 in chips) 
Seat 3: Mahu2021 (478 in chips) 
Mahu2021: posts small blind 20
Trinity2oo8: posts big blind 40
*** HOLE CARDS ***
Dealt to Mahu2021 [Ad 2h]
p0tSuck3r: folds 
Mahu2021: raises 40 to 80
Trinity2oo8: raises 120 to 200
Mahu2021: folds 
Uncalled bet (120) returned to Trinity2oo8
Trinity2oo8 collected 160 from pot
*** SUMMARY ***
Total pot 160 | Rake 0 
Seat 1: Trinity2oo8 (big blind) collected (160)
Seat 2: p0tSuck3r (button) folded before Flop (didn't bet)
Seat 3: Mahu2021 (small blind) folded before Flop



PokerStars Hand #255825203521: Tournament #3881417401, $0.46+$0.04 USD Hold'em No Limit - Level III (20/40) - 2025/04/21 9:11:23 CET [2025/04/21 3:11:23 ET]
Table '3881417401 1' 3-max Seat #3 is the button
Seat 1: Trinity2oo8 (744 in chips) 
Seat 2: p0tSuck3r (358 in chips) 
Seat 3: Mahu2021 (398 in chips) 
Trinity2oo8: posts small blind 20
p0tSuck3r: posts big blind 40
*** HOLE CARDS ***
Dealt to Mahu2021 [6h 5c]
Mahu2021: folds 
Trinity2oo8: raises 200 to 240
p0tSuck3r: folds 
Uncalled bet (200) returned to Trinity2oo8
Trinity2oo8 collected 80 from pot
*** SUMMARY ***
Total pot 80 | Rake 0 
Seat 1: Trinity2oo8 (small blind) collected (80)
Seat 2: p0tSuck3r (big blind) folded before Flop
Seat 3: Mahu2021 (button) folded before Flop (didn't bet)



PokerStars Hand #255825206036: Tournament #3881417401, $0.46+$0.04 USD Hold'em No Limit - Level III (20/40) - 2025/04/21 9:11:56 CET [2025/04/21 3:11:56 ET]
Table '3881417401 1' 3-max Seat #1 is the button
Seat 1: Trinity2oo8 (784 in chips) 
Seat 2: p0tSuck3r (318 in chips) 
Seat 3: Mahu2021 (398 in chips) 
p0tSuck3r: posts small blind 20
Mahu2021: posts big blind 40
*** HOLE CARDS ***
Dealt to Mahu2021 [Ac 3d]
Trinity2oo8: folds 
p0tSuck3r has timed out
p0tSuck3r: folds 
p0tSuck3r is sitting out
Uncalled bet (20) returned to Mahu2021
Mahu2021 collected 40 from pot
Mahu2021: doesn't show hand 
*** SUMMARY ***
Total pot 40 | Rake 0 
Seat 1: Trinity2oo8 (button) folded before Flop (didn't bet)
Seat 2: p0tSuck3r (small blind) folded before Flop
Seat 3: Mahu2021 (big blind) collected (40)



PokerStars Hand #255825208132: Tournament #3881417401, $0.46+$0.04 USD Hold'em No Limit - Level III (20/40) - 2025/04/21 9:12:23 CET [2025/04/21 3:12:23 ET]
Table '3881417401 1' 3-max Seat #2 is the button
Seat 1: Trinity2oo8 (784 in chips) 
Seat 2: p0tSuck3r (298 in chips) is sitting out
Seat 3: Mahu2021 (418 in chips) 
Mahu2021: posts small blind 20
Trinity2oo8: posts big blind 40
*** HOLE CARDS ***
Dealt to Mahu2021 [9s Jc]
p0tSuck3r: folds 
p0tSuck3r is disconnected 
Mahu2021: calls 20
Trinity2oo8: checks 
*** FLOP *** [6s Qc Tc]
Mahu2021: bets 40
Trinity2oo8: folds 
Uncalled bet (40) returned to Mahu2021
Mahu2021 collected 80 from pot
Mahu2021: doesn't show hand 
*** SUMMARY ***
Total pot 80 | Rake 0 
Board [6s Qc Tc]
Seat 1: Trinity2oo8 (big blind) folded on the Flop
Seat 2: p0tSuck3r (button) folded before Flop (didn't bet)
Seat 3: Mahu2021 (small blind) collected (80)



PokerStars Hand #255825208951: Tournament #3881417401, $0.46+$0.04 USD Hold'em No Limit - Level III (20/40) - 2025/04/21 9:12:33 CET [2025/04/21 3:12:33 ET]
Table '3881417401 1' 3-max Seat #3 is the button
Seat 1: Trinity2oo8 (744 in chips) 
Seat 2: p0tSuck3r (298 in chips) is sitting out
Seat 3: Mahu2021 (458 in chips) 
Trinity2oo8: posts small blind 20
p0tSuck3r: posts big blind 40
*** HOLE CARDS ***
Dealt to Mahu2021 [5c Jh]
Mahu2021: folds 
Trinity2oo8: calls 20
p0tSuck3r: folds 
Trinity2oo8 collected 80 from pot
*** SUMMARY ***
Total pot 80 | Rake 0 
Seat 1: Trinity2oo8 (small blind) collected (80)
Seat 2: p0tSuck3r (big blind) folded before Flop
Seat 3: Mahu2021 (button) folded before Flop (didn't bet)



PokerStars Hand #255825209533: Tournament #3881417401, $0.46+$0.04 USD Hold'em No Limit - Level III (20/40) - 2025/04/21 9:12:41 CET [2025/04/21 3:12:41 ET]
Table '3881417401 1' 3-max Seat #1 is the button
Seat 1: Trinity2oo8 (784 in chips) 
Seat 2: p0tSuck3r (258 in chips) is sitting out
Seat 3: Mahu2021 (458 in chips) 
p0tSuck3r: posts small blind 20
Mahu2021: posts big blind 40
*** HOLE CARDS ***
Dealt to Mahu2021 [9h 8c]
Trinity2oo8: calls 40
p0tSuck3r: folds 
Mahu2021: checks 
*** FLOP *** [Th Ks Kc]
Mahu2021: checks 
Trinity2oo8: bets 160
Mahu2021: folds 
Uncalled bet (160) returned to Trinity2oo8
Trinity2oo8 collected 100 from pot
*** SUMMARY ***
Total pot 100 | Rake 0 
Board [Th Ks Kc]
Seat 1: Trinity2oo8 (button) collected (100)
Seat 2: p0tSuck3r (small blind) folded before Flop
Seat 3: Mahu2021 (big blind) folded on the Flop



PokerStars Hand #255825210499: Tournament #3881417401, $0.46+$0.04 USD Hold'em No Limit - Level III (20/40) - 2025/04/21 9:12:54 CET [2025/04/21 3:12:54 ET]
Table '3881417401 1' 3-max Seat #2 is the button
Seat 1: Trinity2oo8 (844 in chips) 
Seat 2: p0tSuck3r (238 in chips) is sitting out
Seat 3: Mahu2021 (418 in chips) 
Mahu2021: posts small blind 20
Trinity2oo8: posts big blind 40
*** HOLE CARDS ***
Dealt to Mahu2021 [Ad 4c]
p0tSuck3r: folds 
Mahu2021: raises 40 to 80
Trinity2oo8: calls 40
*** FLOP *** [Qs 4d Kh]
Mahu2021: bets 40
p0tSuck3r has returned
Trinity2oo8: raises 724 to 764 and is all-in
Mahu2021: folds 
Uncalled bet (724) returned to Trinity2oo8
Trinity2oo8 collected 240 from pot
*** SUMMARY ***
Total pot 240 | Rake 0 
Board [Qs 4d Kh]
Seat 1: Trinity2oo8 (big blind) collected (240)
Seat 2: p0tSuck3r (button) folded before Flop (didn't bet)
Seat 3: Mahu2021 (small blind) folded on the Flop



PokerStars Hand #255825211425: Tournament #3881417401, $0.46+$0.04 USD Hold'em No Limit - Level III (20/40) - 2025/04/21 9:13:06 CET [2025/04/21 3:13:06 ET]
Table '3881417401 1' 3-max Seat #3 is the button
Seat 1: Trinity2oo8 (964 in chips) 
Seat 2: p0tSuck3r (238 in chips) 
Seat 3: Mahu2021 (298 in chips) 
Trinity2oo8: posts small blind 20
p0tSuck3r: posts big blind 40
*** HOLE CARDS ***
Dealt to Mahu2021 [5c 9h]
Mahu2021: folds 
Trinity2oo8: raises 40 to 80
p0tSuck3r: raises 158 to 238 and is all-in
Trinity2oo8: calls 158
*** FLOP *** [2d Kc 8d]
*** TURN *** [2d Kc 8d] [Td]
*** RIVER *** [2d Kc 8d Td] [4c]
*** SHOW DOWN ***
Trinity2oo8: shows [Tc Ks] (two pair, Kings and Tens)
p0tSuck3r: shows [Js Kh] (a pair of Kings)
Trinity2oo8 collected 476 from pot
p0tSuck3r finished the tournament in 3rd place
*** SUMMARY ***
Total pot 476 | Rake 0 
Board [2d Kc 8d Td 4c]
Seat 1: Trinity2oo8 (small blind) showed [Tc Ks] and won (476) with two pair, Kings and Tens
Seat 2: p0tSuck3r (big blind) showed [Js Kh] and lost with a pair of Kings
Seat 3: Mahu2021 (button) folded before Flop (didn't bet)



PokerStars Hand #255825212791: Tournament #3881417401, $0.46+$0.04 USD Hold'em No Limit - Level IV (30/60) - 2025/04/21 9:13:23 CET [2025/04/21 3:13:23 ET]
Table '3881417401 1' 3-max Seat #1 is the button
Seat 1: Trinity2oo8 (1202 in chips) 
Seat 3: Mahu2021 (298 in chips) 
Trinity2oo8: posts small blind 30
Mahu2021: posts big blind 60
*** HOLE CARDS ***
Dealt to Mahu2021 [Th 3c]
Trinity2oo8: raises 1142 to 1202 and is all-in
Mahu2021: folds 
Uncalled bet (1142) returned to Trinity2oo8
Trinity2oo8 collected 120 from pot
*** SUMMARY ***
Total pot 120 | Rake 0 
Seat 1: Trinity2oo8 (button) (small blind) collected (120)
Seat 3: Mahu2021 (big blind) folded before Flop



PokerStars Hand #255825213262: Tournament #3881417401, $0.46+$0.04 USD Hold'em No Limit - Level IV (30/60) - 2025/04/21 9:13:29 CET [2025/04/21 3:13:29 ET]
Table '3881417401 1' 3-max Seat #3 is the button
Seat 1: Trinity2oo8 (1262 in chips) 
Seat 3: Mahu2021 (238 in chips) 
Mahu2021: posts small blind 30
Trinity2oo8: posts big blind 60
*** HOLE CARDS ***
Dealt to Mahu2021 [5d Jd]
Mahu2021: folds 
Uncalled bet (30) returned to Trinity2oo8
Trinity2oo8 collected 60 from pot
*** SUMMARY ***
Total pot 60 | Rake 0 
Seat 1: Trinity2oo8 (big blind) collected (60)
Seat 3: Mahu2021 (button) (small blind) folded before Flop



PokerStars Hand #255825213666: Tournament #3881417401, $0.46+$0.04 USD Hold'em No Limit - Level IV (30/60) - 2025/04/21 9:13:34 CET [2025/04/21 3:13:34 ET]
Table '3881417401 1' 3-max Seat #1 is the button
Seat 1: Trinity2oo8 (1292 in chips) 
Seat 3: Mahu2021 (208 in chips) 
Trinity2oo8: posts small blind 30
Mahu2021: posts big blind 60
*** HOLE CARDS ***
Dealt to Mahu2021 [3s 7d]
Trinity2oo8: folds 
Uncalled bet (30) returned to Mahu2021
Mahu2021 collected 60 from pot
Mahu2021: doesn't show hand 
*** SUMMARY ***
Total pot 60 | Rake 0 
Seat 1: Trinity2oo8 (button) (small blind) folded before Flop
Seat 3: Mahu2021 (big blind) collected (60)



PokerStars Hand #255825214023: Tournament #3881417401, $0.46+$0.04 USD Hold'em No Limit - Level IV (30/60) - 2025/04/21 9:13:39 CET [2025/04/21 3:13:39 ET]
Table '3881417401 1' 3-max Seat #3 is the button
Seat 1: Trinity2oo8 (1262 in chips) 
Seat 3: Mahu2021 (238 in chips) 
Mahu2021: posts small blind 30
Trinity2oo8: posts big blind 60
*** HOLE CARDS ***
Dealt to Mahu2021 [Ah Qc]
Mahu2021: raises 60 to 120
Trinity2oo8: calls 60
*** FLOP *** [8c 8s Jd]
Trinity2oo8: checks 
Mahu2021: bets 118 and is all-in
Trinity2oo8: folds 
Uncalled bet (118) returned to Mahu2021
Mahu2021 collected 240 from pot
Mahu2021: doesn't show hand 
*** SUMMARY ***
Total pot 240 | Rake 0 
Board [8c 8s Jd]
Seat 1: Trinity2oo8 (big blind) folded on the Flop
Seat 3: Mahu2021 (button) (small blind) collected (240)



PokerStars Hand #255825214932: Tournament #3881417401, $0.46+$0.04 USD Hold'em No Limit - Level IV (30/60) - 2025/04/21 9:13:51 CET [2025/04/21 3:13:51 ET]
Table '3881417401 1' 3-max Seat #1 is the button
Seat 1: Trinity2oo8 (1142 in chips) 
Seat 3: Mahu2021 (358 in chips) 
Trinity2oo8: posts small blind 30
Mahu2021: posts big blind 60
*** HOLE CARDS ***
Dealt to Mahu2021 [Jc Js]
Trinity2oo8: raises 120 to 180
Mahu2021: raises 178 to 358 and is all-in
Trinity2oo8: calls 178
*** FLOP *** [Tc Jh 3d]
*** TURN *** [Tc Jh 3d] [6d]
*** RIVER *** [Tc Jh 3d 6d] [Qh]
*** SHOW DOWN ***
Mahu2021: shows [Jc Js] (three of a kind, Jacks)
Trinity2oo8: shows [Td Kc] (a pair of Tens)
Mahu2021 collected 716 from pot
*** SUMMARY ***
Total pot 716 | Rake 0 
Board [Tc Jh 3d 6d Qh]
Seat 1: Trinity2oo8 (button) (small blind) showed [Td Kc] and lost with a pair of Tens
Seat 3: Mahu2021 (big blind) showed [Jc Js] and won (716) with three of a kind, Jacks



PokerStars Hand #255825215932: Tournament #3881417401, $0.46+$0.04 USD Hold'em No Limit - Level IV (30/60) - 2025/04/21 9:14:04 CET [2025/04/21 3:14:04 ET]
Table '3881417401 1' 3-max Seat #3 is the button
Seat 1: Trinity2oo8 (784 in chips) 
Seat 3: Mahu2021 (716 in chips) 
Mahu2021: posts small blind 30
Trinity2oo8: posts big blind 60
*** HOLE CARDS ***
Dealt to Mahu2021 [8h 5d]
Mahu2021: folds 
Uncalled bet (30) returned to Trinity2oo8
Trinity2oo8 collected 60 from pot
*** SUMMARY ***
Total pot 60 | Rake 0 
Seat 1: Trinity2oo8 (big blind) collected (60)
Seat 3: Mahu2021 (button) (small blind) folded before Flop



PokerStars Hand #255825216453: Tournament #3881417401, $0.46+$0.04 USD Hold'em No Limit - Level IV (30/60) - 2025/04/21 9:14:11 CET [2025/04/21 3:14:11 ET]
Table '3881417401 1' 3-max Seat #1 is the button
Seat 1: Trinity2oo8 (814 in chips) 
Seat 3: Mahu2021 (686 in chips) 
Trinity2oo8: posts small blind 30
Mahu2021: posts big blind 60
*** HOLE CARDS ***
Dealt to Mahu2021 [6s Kd]
Trinity2oo8: folds 
Uncalled bet (30) returned to Mahu2021
Mahu2021 collected 60 from pot
Mahu2021: doesn't show hand 
*** SUMMARY ***
Total pot 60 | Rake 0 
Seat 1: Trinity2oo8 (button) (small blind) folded before Flop
Seat 3: Mahu2021 (big blind) collected (60)



PokerStars Hand #255825216775: Tournament #3881417401, $0.46+$0.04 USD Hold'em No Limit - Level IV (30/60) - 2025/04/21 9:14:15 CET [2025/04/21 3:14:15 ET]
Table '3881417401 1' 3-max Seat #3 is the button
Seat 1: Trinity2oo8 (784 in chips) 
Seat 3: Mahu2021 (716 in chips) 
Mahu2021: posts small blind 30
Trinity2oo8: posts big blind 60
*** HOLE CARDS ***
Dealt to Mahu2021 [Qd Jh]
Mahu2021: raises 60 to 120
Trinity2oo8: calls 60
*** FLOP *** [4c Th 8c]
Trinity2oo8: checks 
Mahu2021: checks 
*** TURN *** [4c Th 8c] [Qh]
Trinity2oo8: bets 664 and is all-in
Mahu2021: calls 596 and is all-in
Uncalled bet (68) returned to Trinity2oo8
*** RIVER *** [4c Th 8c Qh] [6s]
*** SHOW DOWN ***
Trinity2oo8: shows [Jd 4s] (a pair of Fours)
Mahu2021: shows [Qd Jh] (a pair of Queens)
Mahu2021 collected 1432 from pot
*** SUMMARY ***
Total pot 1432 | Rake 0 
Board [4c Th 8c Qh 6s]
Seat 1: Trinity2oo8 (big blind) showed [Jd 4s] and lost with a pair of Fours
Seat 3: Mahu2021 (button) (small blind) showed [Qd Jh] and won (1432) with a pair of Queens



PokerStars Hand #255825217928: Tournament #3881417401, $0.46+$0.04 USD Hold'em No Limit - Level IV (30/60) - 2025/04/21 9:14:31 CET [2025/04/21 3:14:31 ET]
Table '3881417401 1' 3-max Seat #1 is the button
Seat 1: Trinity2oo8 (68 in chips) 
Seat 3: Mahu2021 (1432 in chips) 
Trinity2oo8: posts small blind 30
Mahu2021: posts big blind 60
*** HOLE CARDS ***
Dealt to Mahu2021 [Jd Ks]
Trinity2oo8: raises 8 to 68 and is all-in
Mahu2021: calls 8
*** FLOP *** [Qc 5c 4d]
*** TURN *** [Qc 5c 4d] [9d]
*** RIVER *** [Qc 5c 4d 9d] [Td]
*** SHOW DOWN ***
Mahu2021: shows [Jd Ks] (a straight, Nine to King)
Trinity2oo8: shows [3c 6c] (high card Queen)
Mahu2021 collected 136 from pot
Trinity2oo8 finished the tournament in 2nd place
Mahu2021 wins the tournament - congratulations!
Mahu2021 wins a '$11 Power Path Step 3' ticket
*** SUMMARY ***
Total pot 136 | Rake 0 
Board [Qc 5c 4d 9d Td]
Seat 1: Trinity2oo8 (button) (small blind) showed [3c 6c] and lost with high card Queen
Seat 3: Mahu2021 (big blind) showed [Jd Ks] and won (136) with a straight, Nine to King



