PokerStars Hand #252856279595: Tournament #3810281971, $1.84+$0.16 USD Hold'em No Limit - Level I (10/20) - 2024/10/10 12:21:18 CET [2024/10/10 6:21:18 ET]
Table '3810281971 1' 3-max Seat #1 is the button
Seat 1: EasyKn0wn (500 in chips) 
Seat 2: Mahu2021 (500 in chips) 
Seat 3: pokeman340 (500 in chips) 
Mahu2021: posts small blind 10
pokeman340: posts big blind 20
*** HOLE CARDS ***
Dealt to Mahu2021 [Td 3h]
EasyKn0wn: raises 20 to 40
Mahu2021: folds 
pokeman340: folds 
Uncalled bet (20) returned to EasyKn0wn
EasyKn0wn collected 50 from pot
EasyKn0wn: doesn't show hand 
*** SUMMARY ***
Total pot 50 | Rake 0 
Seat 1: EasyKn0wn (button) collected (50)
Seat 2: Mahu2021 (small blind) folded before Flop
Seat 3: pokeman340 (big blind) folded before Flop



PokerStars Hand #252856281955: Tournament #3810281971, $1.84+$0.16 USD Hold'em No Limit - Level I (10/20) - 2024/10/10 12:21:37 CET [2024/10/10 6:21:37 ET]
Table '3810281971 1' 3-max Seat #2 is the button
Seat 1: EasyKn0wn (530 in chips) 
Seat 2: Mahu2021 (490 in chips) 
Seat 3: pokeman340 (480 in chips) 
pokeman340: posts small blind 10
EasyKn0wn: posts big blind 20
*** HOLE CARDS ***
Dealt to Mahu2021 [Jc 7d]
Mahu2021: folds 
pokeman340: folds 
Uncalled bet (10) returned to EasyKn0wn
EasyKn0wn collected 20 from pot
EasyKn0wn: doesn't show hand 
*** SUMMARY ***
Total pot 20 | Rake 0 
Seat 1: EasyKn0wn (big blind) collected (20)
Seat 2: Mahu2021 (button) folded before Flop (didn't bet)
Seat 3: pokeman340 (small blind) folded before Flop



PokerStars Hand #252856282685: Tournament #3810281971, $1.84+$0.16 USD Hold'em No Limit - Level I (10/20) - 2024/10/10 12:21:43 CET [2024/10/10 6:21:43 ET]
Table '3810281971 1' 3-max Seat #3 is the button
Seat 1: EasyKn0wn (540 in chips) 
Seat 2: Mahu2021 (490 in chips) 
Seat 3: pokeman340 (470 in chips) 
EasyKn0wn: posts small blind 10
Mahu2021: posts big blind 20
*** HOLE CARDS ***
Dealt to Mahu2021 [Qc 2h]
pokeman340: raises 20 to 40
EasyKn0wn: folds 
Mahu2021: calls 20
*** FLOP *** [7c 6c Kc]
Mahu2021: checks 
pokeman340: bets 40
Mahu2021: calls 40
*** TURN *** [7c 6c Kc] [9h]
Mahu2021: checks 
pokeman340: bets 120
Mahu2021: calls 120
*** RIVER *** [7c 6c Kc 9h] [Js]
Mahu2021: bets 290 and is all-in
pokeman340: calls 270 and is all-in
Uncalled bet (20) returned to Mahu2021
*** SHOW DOWN ***
Mahu2021: shows [Qc 2h] (high card King)
pokeman340: shows [Kh 6h] (two pair, Kings and Sixes)
pokeman340 collected 950 from pot
*** SUMMARY ***
Total pot 950 | Rake 0 
Board [7c 6c Kc 9h Js]
Seat 1: EasyKn0wn (small blind) folded before Flop
Seat 2: Mahu2021 (big blind) showed [Qc 2h] and lost with high card King
Seat 3: pokeman340 (button) showed [Kh 6h] and won (950) with two pair, Kings and Sixes



PokerStars Hand #252856286507: Tournament #3810281971, $1.84+$0.16 USD Hold'em No Limit - Level I (10/20) - 2024/10/10 12:22:14 CET [2024/10/10 6:22:14 ET]
Table '3810281971 1' 3-max Seat #1 is the button
Seat 1: EasyKn0wn (530 in chips) 
Seat 2: Mahu2021 (20 in chips) 
Seat 3: pokeman340 (950 in chips) 
Mahu2021: posts small blind 10
pokeman340: posts big blind 20
*** HOLE CARDS ***
Dealt to Mahu2021 [8s 4h]
EasyKn0wn: folds 
Mahu2021: calls 10 and is all-in
*** FLOP *** [2s 2h Td]
*** TURN *** [2s 2h Td] [Qs]
*** RIVER *** [2s 2h Td Qs] [2c]
*** SHOW DOWN ***
Mahu2021: shows [8s 4h] (three of a kind, Deuces)
pokeman340: shows [Kh 6d] (three of a kind, Deuces - King kicker)
pokeman340 collected 40 from pot
Mahu2021 finished the tournament in 3rd place
*** SUMMARY ***
Total pot 40 | Rake 0 
Board [2s 2h Td Qs 2c]
Seat 1: EasyKn0wn (button) folded before Flop (didn't bet)
Seat 2: Mahu2021 (small blind) showed [8s 4h] and lost with three of a kind, Deuces
Seat 3: pokeman340 (big blind) showed [Kh 6d] and won (40) with three of a kind, Deuces



