PokerStars Hand #253355900921: Tournament #3822413990, $1.84+$0.16 USD Hold'em No Limit - Level I (10/20) - 2024/11/11 12:25:54 CET [2024/11/11 6:25:54 ET]
Table '3822413990 1' 3-max Seat #1 is the button
Seat 1: maki1985 (500 in chips) 
Seat 2: IsleOfMan500 (500 in chips) 
Seat 3: Mahu2021 (500 in chips) 
IsleOfMan500: posts small blind 10
Mahu2021: posts big blind 20
*** HOLE CARDS ***
Dealt to Mahu2021 [Tc 6d]
maki1985: folds 
IsleOfMan500: calls 10
Mahu2021: checks 
*** FLOP *** [Qs Th 2c]
IsleOfMan500: checks 
Mahu2021: bets 20
IsleOfMan500: folds 
Uncalled bet (20) returned to Mahu2021
Mahu2021 collected 40 from pot
Mahu2021: doesn't show hand 
*** SUMMARY ***
Total pot 40 | Rake 0 
Board [Qs Th 2c]
Seat 1: maki1985 (button) folded before Flop (didn't bet)
Seat 2: IsleOfMan500 (small blind) folded on the Flop
Seat 3: Mahu2021 (big blind) collected (40)



PokerStars Hand #253355903413: Tournament #3822413990, $1.84+$0.16 USD Hold'em No Limit - Level I (10/20) - 2024/11/11 12:26:15 CET [2024/11/11 6:26:15 ET]
Table '3822413990 1' 3-max Seat #2 is the button
Seat 1: maki1985 (500 in chips) 
Seat 2: IsleOfMan500 (480 in chips) 
Seat 3: Mahu2021 (520 in chips) 
Mahu2021: posts small blind 10
maki1985: posts big blind 20
*** HOLE CARDS ***
Dealt to Mahu2021 [Jc Ah]
IsleOfMan500: folds 
Mahu2021: raises 40 to 60
maki1985: folds 
Uncalled bet (40) returned to Mahu2021
Mahu2021 collected 40 from pot
Mahu2021: doesn't show hand 
*** SUMMARY ***
Total pot 40 | Rake 0 
Seat 1: maki1985 (big blind) folded before Flop
Seat 2: IsleOfMan500 (button) folded before Flop (didn't bet)
Seat 3: Mahu2021 (small blind) collected (40)



PokerStars Hand #253355904870: Tournament #3822413990, $1.84+$0.16 USD Hold'em No Limit - Level I (10/20) - 2024/11/11 12:26:27 CET [2024/11/11 6:26:27 ET]
Table '3822413990 1' 3-max Seat #3 is the button
Seat 1: maki1985 (480 in chips) 
Seat 2: IsleOfMan500 (480 in chips) 
Seat 3: Mahu2021 (540 in chips) 
maki1985: posts small blind 10
IsleOfMan500: posts big blind 20
*** HOLE CARDS ***
Dealt to Mahu2021 [Qc Jh]
Mahu2021: raises 20 to 40
maki1985: folds 
IsleOfMan500: calls 20
*** FLOP *** [Ac 5d 6c]
IsleOfMan500: checks 
Mahu2021: bets 40
IsleOfMan500: folds 
Uncalled bet (40) returned to Mahu2021
Mahu2021 collected 90 from pot
Mahu2021: doesn't show hand 
*** SUMMARY ***
Total pot 90 | Rake 0 
Board [Ac 5d 6c]
Seat 1: maki1985 (small blind) folded before Flop
Seat 2: IsleOfMan500 (big blind) folded on the Flop
Seat 3: Mahu2021 (button) collected (90)



PokerStars Hand #253355907366: Tournament #3822413990, $1.84+$0.16 USD Hold'em No Limit - Level I (10/20) - 2024/11/11 12:26:47 CET [2024/11/11 6:26:47 ET]
Table '3822413990 1' 3-max Seat #1 is the button
Seat 1: maki1985 (470 in chips) 
Seat 2: IsleOfMan500 (440 in chips) 
Seat 3: Mahu2021 (590 in chips) 
IsleOfMan500: posts small blind 10
Mahu2021: posts big blind 20
*** HOLE CARDS ***
Dealt to Mahu2021 [Ah 2d]
maki1985: folds 
IsleOfMan500: calls 10
Mahu2021: checks 
*** FLOP *** [7d 4h 9d]
IsleOfMan500: checks 
Mahu2021: checks 
*** TURN *** [7d 4h 9d] [8c]
IsleOfMan500: checks 
Mahu2021: checks 
*** RIVER *** [7d 4h 9d 8c] [Js]
IsleOfMan500: bets 420 and is all-in
Mahu2021: folds 
Uncalled bet (420) returned to IsleOfMan500
IsleOfMan500 collected 40 from pot
IsleOfMan500: doesn't show hand 
*** SUMMARY ***
Total pot 40 | Rake 0 
Board [7d 4h 9d 8c Js]
Seat 1: maki1985 (button) folded before Flop (didn't bet)
Seat 2: IsleOfMan500 (small blind) collected (40)
Seat 3: Mahu2021 (big blind) folded on the River



PokerStars Hand #253355909787: Tournament #3822413990, $1.84+$0.16 USD Hold'em No Limit - Level I (10/20) - 2024/11/11 12:27:07 CET [2024/11/11 6:27:07 ET]
Table '3822413990 1' 3-max Seat #2 is the button
Seat 1: maki1985 (470 in chips) 
Seat 2: IsleOfMan500 (460 in chips) 
Seat 3: Mahu2021 (570 in chips) 
Mahu2021: posts small blind 10
maki1985: posts big blind 20
*** HOLE CARDS ***
Dealt to Mahu2021 [5d Kd]
IsleOfMan500: folds 
Mahu2021: raises 20 to 40
maki1985: folds 
Uncalled bet (20) returned to Mahu2021
Mahu2021 collected 40 from pot
Mahu2021: doesn't show hand 
*** SUMMARY ***
Total pot 40 | Rake 0 
Seat 1: maki1985 (big blind) folded before Flop
Seat 2: IsleOfMan500 (button) folded before Flop (didn't bet)
Seat 3: Mahu2021 (small blind) collected (40)



PokerStars Hand #253355910756: Tournament #3822413990, $1.84+$0.16 USD Hold'em No Limit - Level I (10/20) - 2024/11/11 12:27:15 CET [2024/11/11 6:27:15 ET]
Table '3822413990 1' 3-max Seat #3 is the button
Seat 1: maki1985 (450 in chips) 
Seat 2: IsleOfMan500 (460 in chips) 
Seat 3: Mahu2021 (590 in chips) 
maki1985: posts small blind 10
IsleOfMan500: posts big blind 20
*** HOLE CARDS ***
Dealt to Mahu2021 [Qs 6d]
Mahu2021: raises 20 to 40
maki1985: raises 410 to 450 and is all-in
IsleOfMan500: calls 430
Mahu2021: folds 
*** FLOP *** [Kc Tc Th]
*** TURN *** [Kc Tc Th] [Ac]
*** RIVER *** [Kc Tc Th Ac] [7c]
*** SHOW DOWN ***
maki1985: shows [Qd Qh] (two pair, Queens and Tens)
IsleOfMan500: shows [Jh Ah] (two pair, Aces and Tens)
IsleOfMan500 collected 940 from pot
maki1985 finished the tournament in 3rd place
*** SUMMARY ***
Total pot 940 | Rake 0 
Board [Kc Tc Th Ac 7c]
Seat 1: maki1985 (small blind) showed [Qd Qh] and lost with two pair, Queens and Tens
Seat 2: IsleOfMan500 (big blind) showed [Jh Ah] and won (940) with two pair, Aces and Tens
Seat 3: Mahu2021 (button) folded before Flop



PokerStars Hand #253355913143: Tournament #3822413990, $1.84+$0.16 USD Hold'em No Limit - Level I (10/20) - 2024/11/11 12:27:33 CET [2024/11/11 6:27:33 ET]
Table '3822413990 1' 3-max Seat #2 is the button
Seat 2: IsleOfMan500 (950 in chips) 
Seat 3: Mahu2021 (550 in chips) 
IsleOfMan500: posts small blind 10
Mahu2021: posts big blind 20
*** HOLE CARDS ***
Dealt to Mahu2021 [6c 5c]
IsleOfMan500: calls 10
Mahu2021: checks 
*** FLOP *** [3c 6s 2s]
Mahu2021: bets 20
IsleOfMan500: calls 20
*** TURN *** [3c 6s 2s] [5d]
Mahu2021: bets 20
IsleOfMan500: calls 20
*** RIVER *** [3c 6s 2s 5d] [Ks]
Mahu2021: bets 20
IsleOfMan500: calls 20
*** SHOW DOWN ***
Mahu2021: shows [6c 5c] (two pair, Sixes and Fives)
IsleOfMan500: mucks hand 
Mahu2021 collected 160 from pot
*** SUMMARY ***
Total pot 160 | Rake 0 
Board [3c 6s 2s 5d Ks]
Seat 2: IsleOfMan500 (button) (small blind) mucked [Ah 5s]
Seat 3: Mahu2021 (big blind) showed [6c 5c] and won (160) with two pair, Sixes and Fives



PokerStars Hand #253355915259: Tournament #3822413990, $1.84+$0.16 USD Hold'em No Limit - Level I (10/20) - 2024/11/11 12:27:51 CET [2024/11/11 6:27:51 ET]
Table '3822413990 1' 3-max Seat #3 is the button
Seat 2: IsleOfMan500 (870 in chips) 
Seat 3: Mahu2021 (630 in chips) 
Mahu2021: posts small blind 10
IsleOfMan500: posts big blind 20
*** HOLE CARDS ***
Dealt to Mahu2021 [2c 2s]
Mahu2021: raises 20 to 40
IsleOfMan500: calls 20
*** FLOP *** [Kd Ah 4h]
IsleOfMan500: checks 
Mahu2021: bets 40
IsleOfMan500: calls 40
*** TURN *** [Kd Ah 4h] [2h]
IsleOfMan500: bets 20
Mahu2021: raises 530 to 550 and is all-in
IsleOfMan500: calls 530
*** RIVER *** [Kd Ah 4h 2h] [Ad]
*** SHOW DOWN ***
IsleOfMan500: shows [5d 3s] (a straight, Ace to Five)
Mahu2021: shows [2c 2s] (a full house, Deuces full of Aces)
Mahu2021 collected 1260 from pot
*** SUMMARY ***
Total pot 1260 | Rake 0 
Board [Kd Ah 4h 2h Ad]
Seat 2: IsleOfMan500 (big blind) showed [5d 3s] and lost with a straight, Ace to Five
Seat 3: Mahu2021 (button) (small blind) showed [2c 2s] and won (1260) with a full house, Deuces full of Aces



PokerStars Hand #253355918209: Tournament #3822413990, $1.84+$0.16 USD Hold'em No Limit - Level II (15/30) - 2024/11/11 12:28:15 CET [2024/11/11 6:28:15 ET]
Table '3822413990 1' 3-max Seat #2 is the button
Seat 2: IsleOfMan500 (240 in chips) 
Seat 3: Mahu2021 (1260 in chips) 
IsleOfMan500: posts small blind 15
Mahu2021: posts big blind 30
*** HOLE CARDS ***
Dealt to Mahu2021 [9d 3c]
IsleOfMan500: raises 210 to 240 and is all-in
Mahu2021: folds 
Uncalled bet (210) returned to IsleOfMan500
IsleOfMan500 collected 60 from pot
IsleOfMan500: doesn't show hand 
*** SUMMARY ***
Total pot 60 | Rake 0 
Seat 2: IsleOfMan500 (button) (small blind) collected (60)
Seat 3: Mahu2021 (big blind) folded before Flop



PokerStars Hand #253355918892: Tournament #3822413990, $1.84+$0.16 USD Hold'em No Limit - Level II (15/30) - 2024/11/11 12:28:21 CET [2024/11/11 6:28:21 ET]
Table '3822413990 1' 3-max Seat #3 is the button
Seat 2: IsleOfMan500 (270 in chips) 
Seat 3: Mahu2021 (1230 in chips) 
Mahu2021: posts small blind 15
IsleOfMan500: posts big blind 30
*** HOLE CARDS ***
Dealt to Mahu2021 [5h 8s]
Mahu2021: folds 
Uncalled bet (15) returned to IsleOfMan500
IsleOfMan500 collected 30 from pot
IsleOfMan500: doesn't show hand 
*** SUMMARY ***
Total pot 30 | Rake 0 
Seat 2: IsleOfMan500 (big blind) collected (30)
Seat 3: Mahu2021 (button) (small blind) folded before Flop



PokerStars Hand #253355919386: Tournament #3822413990, $1.84+$0.16 USD Hold'em No Limit - Level II (15/30) - 2024/11/11 12:28:25 CET [2024/11/11 6:28:25 ET]
Table '3822413990 1' 3-max Seat #2 is the button
Seat 2: IsleOfMan500 (285 in chips) 
Seat 3: Mahu2021 (1215 in chips) 
IsleOfMan500: posts small blind 15
Mahu2021: posts big blind 30
*** HOLE CARDS ***
Dealt to Mahu2021 [Ad 6s]
IsleOfMan500: raises 255 to 285 and is all-in
Mahu2021: calls 255
*** FLOP *** [5d 5h 5c]
*** TURN *** [5d 5h 5c] [2h]
*** RIVER *** [5d 5h 5c 2h] [Qh]
*** SHOW DOWN ***
Mahu2021: shows [Ad 6s] (three of a kind, Fives)
IsleOfMan500: shows [Ac Kc] (three of a kind, Fives - Ace+King kicker)
IsleOfMan500 collected 570 from pot
*** SUMMARY ***
Total pot 570 | Rake 0 
Board [5d 5h 5c 2h Qh]
Seat 2: IsleOfMan500 (button) (small blind) showed [Ac Kc] and won (570) with three of a kind, Fives
Seat 3: Mahu2021 (big blind) showed [Ad 6s] and lost with three of a kind, Fives



PokerStars Hand #253355920966: Tournament #3822413990, $1.84+$0.16 USD Hold'em No Limit - Level II (15/30) - 2024/11/11 12:28:38 CET [2024/11/11 6:28:38 ET]
Table '3822413990 1' 3-max Seat #3 is the button
Seat 2: IsleOfMan500 (570 in chips) 
Seat 3: Mahu2021 (930 in chips) 
Mahu2021: posts small blind 15
IsleOfMan500: posts big blind 30
*** HOLE CARDS ***
Dealt to Mahu2021 [Ac 9d]
Mahu2021: raises 900 to 930 and is all-in
IsleOfMan500: calls 540 and is all-in
Uncalled bet (360) returned to Mahu2021
*** FLOP *** [As Ad 2h]
*** TURN *** [As Ad 2h] [5s]
*** RIVER *** [As Ad 2h 5s] [Qc]
*** SHOW DOWN ***
IsleOfMan500: shows [6s Ah] (three of a kind, Aces)
Mahu2021: shows [Ac 9d] (three of a kind, Aces - Queen+Nine kicker)
Mahu2021 collected 1140 from pot
IsleOfMan500 finished the tournament in 2nd place
Mahu2021 wins the tournament and receives $4.00 - congratulations!
*** SUMMARY ***
Total pot 1140 | Rake 0 
Board [As Ad 2h 5s Qc]
Seat 2: IsleOfMan500 (big blind) showed [6s Ah] and lost with three of a kind, Aces
Seat 3: Mahu2021 (button) (small blind) showed [Ac 9d] and won (1140) with three of a kind, Aces



