PokerStars Hand #248820082236: Tournament #3714363488, $1.84+$0.16 USD Hold'em No Limit - Level I (10/20) - 2024/02/11 17:33:17 CET [2024/02/11 11:33:17 ET]
Table '3714363488 1' 3-max Seat #1 is the button
Seat 1: takssist (500 in chips) 
Seat 2: Ms_Tod (500 in chips) 
Seat 3: Mahu2021 (500 in chips) 
Ms_Tod: posts small blind 10
Mahu2021: posts big blind 20
*** HOLE CARDS ***
Dealt to Mahu2021 [4s 9c]
takssist: raises 50 to 70
Ms_Tod: raises 50 to 120
Mahu2021: folds 
takssist: calls 50
*** FLOP *** [2c 7c 5d]
Ms_Tod: bets 20
takssist: raises 360 to 380 and is all-in
Ms_Tod: folds 
Uncalled bet (360) returned to takssist
takssist collected 300 from pot
*** SUMMARY ***
Total pot 300 | Rake 0 
Board [2c 7c 5d]
Seat 1: takssist (button) collected (300)
Seat 2: Ms_Tod (small blind) folded on the Flop
Seat 3: Mahu2021 (big blind) folded before Flop



PokerStars Hand #248820088519: Tournament #3714363488, $1.84+$0.16 USD Hold'em No Limit - Level I (10/20) - 2024/02/11 17:33:36 CET [2024/02/11 11:33:36 ET]
Table '3714363488 1' 3-max Seat #2 is the button
Seat 1: takssist (660 in chips) 
Seat 2: Ms_Tod (360 in chips) 
Seat 3: Mahu2021 (480 in chips) 
Mahu2021: posts small blind 10
takssist: posts big blind 20
*** HOLE CARDS ***
Dealt to Mahu2021 [5c Td]
Ms_Tod: folds 
Mahu2021: folds 
Uncalled bet (10) returned to takssist
takssist collected 20 from pot
*** SUMMARY ***
Total pot 20 | Rake 0 
Seat 1: takssist (big blind) collected (20)
Seat 2: Ms_Tod (button) folded before Flop (didn't bet)
Seat 3: Mahu2021 (small blind) folded before Flop



PokerStars Hand #248820090879: Tournament #3714363488, $1.84+$0.16 USD Hold'em No Limit - Level I (10/20) - 2024/02/11 17:33:43 CET [2024/02/11 11:33:43 ET]
Table '3714363488 1' 3-max Seat #3 is the button
Seat 1: takssist (670 in chips) 
Seat 2: Ms_Tod (360 in chips) 
Seat 3: Mahu2021 (470 in chips) 
takssist: posts small blind 10
Ms_Tod: posts big blind 20
*** HOLE CARDS ***
Dealt to Mahu2021 [Ks Tc]
Mahu2021: raises 20 to 40
takssist: raises 100 to 140
Ms_Tod: folds 
Mahu2021: calls 100
*** FLOP *** [6c 8d 8s]
takssist: bets 530 and is all-in
Mahu2021: calls 330 and is all-in
Uncalled bet (200) returned to takssist
*** TURN *** [6c 8d 8s] [5h]
*** RIVER *** [6c 8d 8s 5h] [9d]
*** SHOW DOWN ***
takssist: shows [Kd 5s] (two pair, Eights and Fives)
Mahu2021: shows [Ks Tc] (a pair of Eights)
takssist collected 960 from pot
Mahu2021 finished the tournament in 3rd place
*** SUMMARY ***
Total pot 960 | Rake 0 
Board [6c 8d 8s 5h 9d]
Seat 1: takssist (small blind) showed [Kd 5s] and won (960) with two pair, Eights and Fives
Seat 2: Ms_Tod (big blind) folded before Flop
Seat 3: Mahu2021 (button) showed [Ks Tc] and lost with a pair of Eights



