PokerStars Hand #255368540901: Tournament #3870786658, $0.46+$0.04 USD Hold'em No Limit - Level I (10/20) - 2025/03/20 11:31:30 CET [2025/03/20 6:31:30 ET]
Table '3870786658 1' 3-max Seat #1 is the button
Seat 1: gallochapin (500 in chips) 
Seat 2: Navixus (500 in chips) 
Seat 3: Mahu2021 (500 in chips) 
Navixus: posts small blind 10
Mahu2021: posts big blind 20
*** HOLE CARDS ***
Dealt to Mahu2021 [9c As]
gallochapin: calls 20
Navixus: folds 
Mahu2021: raises 480 to 500 and is all-in
gallochapin: folds 
Uncalled bet (480) returned to Mahu2021
Mahu2021 collected 50 from pot
Mahu2021: doesn't show hand 
*** SUMMARY ***
Total pot 50 | Rake 0 
Seat 1: gallochapin (button) folded before Flop
Seat 2: Navixus (small blind) folded before Flop
Seat 3: Mahu2021 (big blind) collected (50)



PokerStars Hand #255368542596: Tournament #3870786658, $0.46+$0.04 USD Hold'em No Limit - Level I (10/20) - 2025/03/20 11:31:47 CET [2025/03/20 6:31:47 ET]
Table '3870786658 1' 3-max Seat #2 is the button
Seat 1: gallochapin (480 in chips) 
Seat 2: Navixus (490 in chips) 
Seat 3: Mahu2021 (530 in chips) 
Mahu2021: posts small blind 10
gallochapin: posts big blind 20
*** HOLE CARDS ***
Dealt to Mahu2021 [8s Tc]
Navixus: raises 40 to 60
Mahu2021: folds 
gallochapin: folds 
Uncalled bet (40) returned to Navixus
Navixus collected 50 from pot
Navixus: doesn't show hand 
*** SUMMARY ***
Total pot 50 | Rake 0 
Seat 1: gallochapin (big blind) folded before Flop
Seat 2: Navixus (button) collected (50)
Seat 3: Mahu2021 (small blind) folded before Flop



PokerStars Hand #255368543360: Tournament #3870786658, $0.46+$0.04 USD Hold'em No Limit - Level I (10/20) - 2025/03/20 11:31:54 CET [2025/03/20 6:31:54 ET]
Table '3870786658 1' 3-max Seat #3 is the button
Seat 1: gallochapin (460 in chips) 
Seat 2: Navixus (520 in chips) 
Seat 3: Mahu2021 (520 in chips) 
gallochapin: posts small blind 10
Navixus: posts big blind 20
*** HOLE CARDS ***
Dealt to Mahu2021 [8s Kh]
Mahu2021: folds 
gallochapin: raises 20 to 40
Navixus: calls 20
*** FLOP *** [3c 7d Td]
gallochapin: bets 60
Navixus: calls 60
*** TURN *** [3c 7d Td] [6d]
gallochapin: bets 200
Navixus: calls 200
*** RIVER *** [3c 7d Td 6d] [Qd]
gallochapin: checks 
Navixus: bets 220 and is all-in
gallochapin: calls 160 and is all-in
Uncalled bet (60) returned to Navixus
*** SHOW DOWN ***
Navixus: shows [8d Jc] (a flush, Queen high)
gallochapin: shows [7h 7c] (three of a kind, Sevens)
Navixus collected 920 from pot
gallochapin finished the tournament in 3rd place
*** SUMMARY ***
Total pot 920 | Rake 0 
Board [3c 7d Td 6d Qd]
Seat 1: gallochapin (small blind) showed [7h 7c] and lost with three of a kind, Sevens
Seat 2: Navixus (big blind) showed [8d Jc] and won (920) with a flush, Queen high
Seat 3: Mahu2021 (button) folded before Flop (didn't bet)



PokerStars Hand #255368546861: Tournament #3870786658, $0.46+$0.04 USD Hold'em No Limit - Level I (10/20) - 2025/03/20 11:32:29 CET [2025/03/20 6:32:29 ET]
Table '3870786658 1' 3-max Seat #2 is the button
Seat 2: Navixus (980 in chips) 
Seat 3: Mahu2021 (520 in chips) 
Navixus: posts small blind 10
Mahu2021: posts big blind 20
*** HOLE CARDS ***
Dealt to Mahu2021 [Kd 5c]
Navixus: folds 
Uncalled bet (10) returned to Mahu2021
Mahu2021 collected 20 from pot
Mahu2021: doesn't show hand 
*** SUMMARY ***
Total pot 20 | Rake 0 
Seat 2: Navixus (button) (small blind) folded before Flop
Seat 3: Mahu2021 (big blind) collected (20)



PokerStars Hand #255368547397: Tournament #3870786658, $0.46+$0.04 USD Hold'em No Limit - Level I (10/20) - 2025/03/20 11:32:34 CET [2025/03/20 6:32:34 ET]
Table '3870786658 1' 3-max Seat #3 is the button
Seat 2: Navixus (970 in chips) 
Seat 3: Mahu2021 (530 in chips) 
Mahu2021: posts small blind 10
Navixus: posts big blind 20
*** HOLE CARDS ***
Dealt to Mahu2021 [5d 9c]
Mahu2021: folds 
Uncalled bet (10) returned to Navixus
Navixus collected 20 from pot
Navixus: doesn't show hand 
*** SUMMARY ***
Total pot 20 | Rake 0 
Seat 2: Navixus (big blind) collected (20)
Seat 3: Mahu2021 (button) (small blind) folded before Flop



PokerStars Hand #255368547890: Tournament #3870786658, $0.46+$0.04 USD Hold'em No Limit - Level I (10/20) - 2025/03/20 11:32:39 CET [2025/03/20 6:32:39 ET]
Table '3870786658 1' 3-max Seat #2 is the button
Seat 2: Navixus (980 in chips) 
Seat 3: Mahu2021 (520 in chips) 
Navixus: posts small blind 10
Mahu2021: posts big blind 20
*** HOLE CARDS ***
Dealt to Mahu2021 [4c 9c]
Navixus: raises 40 to 60
Mahu2021: calls 40
*** FLOP *** [5d 3h 4h]
Mahu2021: checks 
Navixus: bets 60
Mahu2021: calls 60
*** TURN *** [5d 3h 4h] [9d]
Mahu2021: checks 
Navixus: checks 
*** RIVER *** [5d 3h 4h 9d] [2c]
Mahu2021: bets 240
Navixus: folds 
Uncalled bet (240) returned to Mahu2021
Mahu2021 collected 240 from pot
Mahu2021: doesn't show hand 
*** SUMMARY ***
Total pot 240 | Rake 0 
Board [5d 3h 4h 9d 2c]
Seat 2: Navixus (button) (small blind) folded on the River
Seat 3: Mahu2021 (big blind) collected (240)



PokerStars Hand #255368550465: Tournament #3870786658, $0.46+$0.04 USD Hold'em No Limit - Level I (10/20) - 2025/03/20 11:33:03 CET [2025/03/20 6:33:03 ET]
Table '3870786658 1' 3-max Seat #3 is the button
Seat 2: Navixus (860 in chips) 
Seat 3: Mahu2021 (640 in chips) 
Mahu2021: posts small blind 10
Navixus: posts big blind 20
*** HOLE CARDS ***
Dealt to Mahu2021 [3c 3d]
Mahu2021: raises 620 to 640 and is all-in
Navixus: folds 
Uncalled bet (620) returned to Mahu2021
Mahu2021 collected 40 from pot
Mahu2021: doesn't show hand 
*** SUMMARY ***
Total pot 40 | Rake 0 
Seat 2: Navixus (big blind) folded before Flop
Seat 3: Mahu2021 (button) (small blind) collected (40)



PokerStars Hand #255368551119: Tournament #3870786658, $0.46+$0.04 USD Hold'em No Limit - Level I (10/20) - 2025/03/20 11:33:10 CET [2025/03/20 6:33:10 ET]
Table '3870786658 1' 3-max Seat #2 is the button
Seat 2: Navixus (840 in chips) 
Seat 3: Mahu2021 (660 in chips) 
Navixus: posts small blind 10
Mahu2021: posts big blind 20
*** HOLE CARDS ***
Dealt to Mahu2021 [Jc 5d]
Navixus: folds 
Uncalled bet (10) returned to Mahu2021
Mahu2021 collected 20 from pot
Mahu2021: doesn't show hand 
*** SUMMARY ***
Total pot 20 | Rake 0 
Seat 2: Navixus (button) (small blind) folded before Flop
Seat 3: Mahu2021 (big blind) collected (20)



PokerStars Hand #255368551615: Tournament #3870786658, $0.46+$0.04 USD Hold'em No Limit - Level I (10/20) - 2025/03/20 11:33:15 CET [2025/03/20 6:33:15 ET]
Table '3870786658 1' 3-max Seat #3 is the button
Seat 2: Navixus (830 in chips) 
Seat 3: Mahu2021 (670 in chips) 
Mahu2021: posts small blind 10
Navixus: posts big blind 20
*** HOLE CARDS ***
Dealt to Mahu2021 [Jh Ts]
Mahu2021: raises 20 to 40
Navixus: calls 20
*** FLOP *** [3h 9d 2h]
Navixus: checks 
Mahu2021: checks 
*** TURN *** [3h 9d 2h] [5c]
Navixus: bets 40
Mahu2021: folds 
Uncalled bet (40) returned to Navixus
Navixus collected 80 from pot
Navixus: doesn't show hand 
*** SUMMARY ***
Total pot 80 | Rake 0 
Board [3h 9d 2h 5c]
Seat 2: Navixus (big blind) collected (80)
Seat 3: Mahu2021 (button) (small blind) folded on the Turn



PokerStars Hand #255368552923: Tournament #3870786658, $0.46+$0.04 USD Hold'em No Limit - Level I (10/20) - 2025/03/20 11:33:27 CET [2025/03/20 6:33:27 ET]
Table '3870786658 1' 3-max Seat #2 is the button
Seat 2: Navixus (870 in chips) 
Seat 3: Mahu2021 (630 in chips) 
Navixus: posts small blind 10
Mahu2021: posts big blind 20
*** HOLE CARDS ***
Dealt to Mahu2021 [As 9d]
Navixus: folds 
Uncalled bet (10) returned to Mahu2021
Mahu2021 collected 20 from pot
Mahu2021: doesn't show hand 
*** SUMMARY ***
Total pot 20 | Rake 0 
Seat 2: Navixus (button) (small blind) folded before Flop
Seat 3: Mahu2021 (big blind) collected (20)



PokerStars Hand #255368553792: Tournament #3870786658, $0.46+$0.04 USD Hold'em No Limit - Level II (15/30) - 2025/03/20 11:33:36 CET [2025/03/20 6:33:36 ET]
Table '3870786658 1' 3-max Seat #3 is the button
Seat 2: Navixus (860 in chips) 
Seat 3: Mahu2021 (640 in chips) 
Mahu2021: posts small blind 15
Navixus: posts big blind 30
*** HOLE CARDS ***
Dealt to Mahu2021 [7s Ts]
Mahu2021: raises 30 to 60
Navixus: folds 
Uncalled bet (30) returned to Mahu2021
Mahu2021 collected 60 from pot
Mahu2021: doesn't show hand 
*** SUMMARY ***
Total pot 60 | Rake 0 
Seat 2: Navixus (big blind) folded before Flop
Seat 3: Mahu2021 (button) (small blind) collected (60)



PokerStars Hand #255368554381: Tournament #3870786658, $0.46+$0.04 USD Hold'em No Limit - Level II (15/30) - 2025/03/20 11:33:42 CET [2025/03/20 6:33:42 ET]
Table '3870786658 1' 3-max Seat #2 is the button
Seat 2: Navixus (830 in chips) 
Seat 3: Mahu2021 (670 in chips) 
Navixus: posts small blind 15
Mahu2021: posts big blind 30
*** HOLE CARDS ***
Dealt to Mahu2021 [Jd 7c]
Navixus: folds 
Uncalled bet (15) returned to Mahu2021
Mahu2021 collected 30 from pot
Mahu2021: doesn't show hand 
*** SUMMARY ***
Total pot 30 | Rake 0 
Seat 2: Navixus (button) (small blind) folded before Flop
Seat 3: Mahu2021 (big blind) collected (30)



PokerStars Hand #255368554819: Tournament #3870786658, $0.46+$0.04 USD Hold'em No Limit - Level II (15/30) - 2025/03/20 11:33:46 CET [2025/03/20 6:33:46 ET]
Table '3870786658 1' 3-max Seat #3 is the button
Seat 2: Navixus (815 in chips) 
Seat 3: Mahu2021 (685 in chips) 
Mahu2021: posts small blind 15
Navixus: posts big blind 30
*** HOLE CARDS ***
Dealt to Mahu2021 [Js Ad]
Mahu2021: raises 30 to 60
Navixus: folds 
Uncalled bet (30) returned to Mahu2021
Mahu2021 collected 60 from pot
Mahu2021: doesn't show hand 
*** SUMMARY ***
Total pot 60 | Rake 0 
Seat 2: Navixus (big blind) folded before Flop
Seat 3: Mahu2021 (button) (small blind) collected (60)



PokerStars Hand #255368555517: Tournament #3870786658, $0.46+$0.04 USD Hold'em No Limit - Level II (15/30) - 2025/03/20 11:33:52 CET [2025/03/20 6:33:52 ET]
Table '3870786658 1' 3-max Seat #2 is the button
Seat 2: Navixus (785 in chips) 
Seat 3: Mahu2021 (715 in chips) 
Navixus: posts small blind 15
Mahu2021: posts big blind 30
*** HOLE CARDS ***
Dealt to Mahu2021 [6c Js]
Navixus: folds 
Uncalled bet (15) returned to Mahu2021
Mahu2021 collected 30 from pot
Mahu2021: doesn't show hand 
*** SUMMARY ***
Total pot 30 | Rake 0 
Seat 2: Navixus (button) (small blind) folded before Flop
Seat 3: Mahu2021 (big blind) collected (30)



PokerStars Hand #255368556022: Tournament #3870786658, $0.46+$0.04 USD Hold'em No Limit - Level II (15/30) - 2025/03/20 11:33:57 CET [2025/03/20 6:33:57 ET]
Table '3870786658 1' 3-max Seat #3 is the button
Seat 2: Navixus (770 in chips) 
Seat 3: Mahu2021 (730 in chips) 
Mahu2021: posts small blind 15
Navixus: posts big blind 30
*** HOLE CARDS ***
Dealt to Mahu2021 [2c 9c]
Mahu2021: folds 
Uncalled bet (15) returned to Navixus
Navixus collected 30 from pot
Navixus: doesn't show hand 
*** SUMMARY ***
Total pot 30 | Rake 0 
Seat 2: Navixus (big blind) collected (30)
Seat 3: Mahu2021 (button) (small blind) folded before Flop



PokerStars Hand #255368556497: Tournament #3870786658, $0.46+$0.04 USD Hold'em No Limit - Level II (15/30) - 2025/03/20 11:34:02 CET [2025/03/20 6:34:02 ET]
Table '3870786658 1' 3-max Seat #2 is the button
Seat 2: Navixus (785 in chips) 
Seat 3: Mahu2021 (715 in chips) 
Navixus: posts small blind 15
Mahu2021: posts big blind 30
*** HOLE CARDS ***
Dealt to Mahu2021 [Ac 7c]
Navixus: raises 60 to 90
Mahu2021: raises 625 to 715 and is all-in
Navixus: calls 625
*** FLOP *** [5d 3d 6h]
*** TURN *** [5d 3d 6h] [Js]
*** RIVER *** [5d 3d 6h Js] [2s]
*** SHOW DOWN ***
Mahu2021: shows [Ac 7c] (high card Ace)
Navixus: shows [Qs Jc] (a pair of Jacks)
Navixus collected 1430 from pot
Mahu2021 finished the tournament in 2nd place
Navixus wins the tournament - congratulations!
Navixus wins a '$1.00 Power Path Step 2 Ticket' ticket
*** SUMMARY ***
Total pot 1430 | Rake 0 
Board [5d 3d 6h Js 2s]
Seat 2: Navixus (button) (small blind) showed [Qs Jc] and won (1430) with a pair of Jacks
Seat 3: Mahu2021 (big blind) showed [Ac 7c] and lost with high card Ace



