PokerStars Hand #254967885927: Tournament #3861331406, $4.60+$0.40 USD Hold'em No Limit - Level I (10/20) - 2025/02/21 10:56:46 CET [2025/02/21 4:56:46 ET]
Table '3861331406 1' 3-max Seat #1 is the button
Seat 1: tileshort (500 in chips) 
Seat 2: MBQuality (500 in chips) 
Seat 3: Mahu2021 (500 in chips) 
MBQuality: posts small blind 10
Mahu2021: posts big blind 20
*** HOLE CARDS ***
Dealt to Mahu2021 [8d 2c]
tileshort: folds 
MBQuality: calls 10
Mahu2021: checks 
*** FLOP *** [As 7c Kd]
MBQuality: checks 
Mahu2021: checks 
*** TURN *** [As 7c Kd] [9d]
MBQuality: bets 20
Mahu2021: folds 
Uncalled bet (20) returned to MBQuality
MBQuality collected 40 from pot
*** SUMMARY ***
Total pot 40 | Rake 0 
Board [As 7c Kd 9d]
Seat 1: tileshort (button) folded before Flop (didn't bet)
Seat 2: MBQuality (small blind) collected (40)
Seat 3: Mahu2021 (big blind) folded on the Turn



PokerStars Hand #254967887205: Tournament #3861331406, $4.60+$0.40 USD Hold'em No Limit - Level I (10/20) - 2025/02/21 10:57:01 CET [2025/02/21 4:57:01 ET]
Table '3861331406 1' 3-max Seat #2 is the button
Seat 1: tileshort (500 in chips) 
Seat 2: MBQuality (520 in chips) 
Seat 3: Mahu2021 (480 in chips) 
Mahu2021: posts small blind 10
tileshort: posts big blind 20
*** HOLE CARDS ***
Dealt to Mahu2021 [2d Qd]
MBQuality: raises 50 to 70
Mahu2021: folds 
tileshort: folds 
Uncalled bet (50) returned to MBQuality
MBQuality collected 50 from pot
*** SUMMARY ***
Total pot 50 | Rake 0 
Seat 1: tileshort (big blind) folded before Flop
Seat 2: MBQuality (button) collected (50)
Seat 3: Mahu2021 (small blind) folded before Flop



PokerStars Hand #254967887871: Tournament #3861331406, $4.60+$0.40 USD Hold'em No Limit - Level I (10/20) - 2025/02/21 10:57:09 CET [2025/02/21 4:57:09 ET]
Table '3861331406 1' 3-max Seat #3 is the button
Seat 1: tileshort (480 in chips) 
Seat 2: MBQuality (550 in chips) 
Seat 3: Mahu2021 (470 in chips) 
tileshort: posts small blind 10
MBQuality: posts big blind 20
*** HOLE CARDS ***
Dealt to Mahu2021 [9s 4c]
Mahu2021: folds 
tileshort: raises 20 to 40
MBQuality: folds 
Uncalled bet (20) returned to tileshort
tileshort collected 40 from pot
tileshort: doesn't show hand 
*** SUMMARY ***
Total pot 40 | Rake 0 
Seat 1: tileshort (small blind) collected (40)
Seat 2: MBQuality (big blind) folded before Flop
Seat 3: Mahu2021 (button) folded before Flop (didn't bet)



PokerStars Hand #254967888549: Tournament #3861331406, $4.60+$0.40 USD Hold'em No Limit - Level I (10/20) - 2025/02/21 10:57:17 CET [2025/02/21 4:57:17 ET]
Table '3861331406 1' 3-max Seat #1 is the button
Seat 1: tileshort (500 in chips) 
Seat 2: MBQuality (530 in chips) 
Seat 3: Mahu2021 (470 in chips) 
MBQuality: posts small blind 10
Mahu2021: posts big blind 20
*** HOLE CARDS ***
Dealt to Mahu2021 [Qh Jd]
tileshort: raises 20 to 40
MBQuality: folds 
Mahu2021: calls 20
*** FLOP *** [Td Ts 3s]
Mahu2021: checks 
tileshort: bets 60
Mahu2021: folds 
Uncalled bet (60) returned to tileshort
tileshort collected 90 from pot
tileshort: doesn't show hand 
*** SUMMARY ***
Total pot 90 | Rake 0 
Board [Td Ts 3s]
Seat 1: tileshort (button) collected (90)
Seat 2: MBQuality (small blind) folded before Flop
Seat 3: Mahu2021 (big blind) folded on the Flop



PokerStars Hand #254967889675: Tournament #3861331406, $4.60+$0.40 USD Hold'em No Limit - Level I (10/20) - 2025/02/21 10:57:30 CET [2025/02/21 4:57:30 ET]
Table '3861331406 1' 3-max Seat #2 is the button
Seat 1: tileshort (550 in chips) 
Seat 2: MBQuality (520 in chips) 
Seat 3: Mahu2021 (430 in chips) 
Mahu2021: posts small blind 10
tileshort: posts big blind 20
*** HOLE CARDS ***
Dealt to Mahu2021 [Kc Qd]
MBQuality: folds 
Mahu2021: raises 40 to 60
tileshort: folds 
Uncalled bet (40) returned to Mahu2021
Mahu2021 collected 40 from pot
Mahu2021: doesn't show hand 
*** SUMMARY ***
Total pot 40 | Rake 0 
Seat 1: tileshort (big blind) folded before Flop
Seat 2: MBQuality (button) folded before Flop (didn't bet)
Seat 3: Mahu2021 (small blind) collected (40)



PokerStars Hand #254967890342: Tournament #3861331406, $4.60+$0.40 USD Hold'em No Limit - Level I (10/20) - 2025/02/21 10:57:38 CET [2025/02/21 4:57:38 ET]
Table '3861331406 1' 3-max Seat #3 is the button
Seat 1: tileshort (530 in chips) 
Seat 2: MBQuality (520 in chips) 
Seat 3: Mahu2021 (450 in chips) 
tileshort: posts small blind 10
MBQuality: posts big blind 20
*** HOLE CARDS ***
Dealt to Mahu2021 [4c 8c]
Mahu2021: folds 
tileshort: raises 60 to 80
MBQuality: calls 60
*** FLOP *** [Ah 6h 7h]
tileshort: checks 
MBQuality: bets 20
tileshort: calls 20
*** TURN *** [Ah 6h 7h] [Qs]
tileshort: checks 
MBQuality: checks 
*** RIVER *** [Ah 6h 7h Qs] [7s]
tileshort: bets 100
MBQuality: calls 100
*** SHOW DOWN ***
tileshort: shows [Th Tc] (two pair, Tens and Sevens)
MBQuality: shows [5c Qd] (two pair, Queens and Sevens)
MBQuality collected 400 from pot
*** SUMMARY ***
Total pot 400 | Rake 0 
Board [Ah 6h 7h Qs 7s]
Seat 1: tileshort (small blind) showed [Th Tc] and lost with two pair, Tens and Sevens
Seat 2: MBQuality (big blind) showed [5c Qd] and won (400) with two pair, Queens and Sevens
Seat 3: Mahu2021 (button) folded before Flop (didn't bet)



PokerStars Hand #254967892789: Tournament #3861331406, $4.60+$0.40 USD Hold'em No Limit - Level I (10/20) - 2025/02/21 10:58:06 CET [2025/02/21 4:58:06 ET]
Table '3861331406 1' 3-max Seat #1 is the button
Seat 1: tileshort (330 in chips) 
Seat 2: MBQuality (720 in chips) 
Seat 3: Mahu2021 (450 in chips) 
MBQuality: posts small blind 10
Mahu2021: posts big blind 20
*** HOLE CARDS ***
Dealt to Mahu2021 [3d 2s]
tileshort: raises 60 to 80
MBQuality: folds 
Mahu2021: folds 
Uncalled bet (60) returned to tileshort
tileshort collected 50 from pot
tileshort: doesn't show hand 
*** SUMMARY ***
Total pot 50 | Rake 0 
Seat 1: tileshort (button) collected (50)
Seat 2: MBQuality (small blind) folded before Flop
Seat 3: Mahu2021 (big blind) folded before Flop



PokerStars Hand #254967893817: Tournament #3861331406, $4.60+$0.40 USD Hold'em No Limit - Level I (10/20) - 2025/02/21 10:58:17 CET [2025/02/21 4:58:17 ET]
Table '3861331406 1' 3-max Seat #2 is the button
Seat 1: tileshort (360 in chips) 
Seat 2: MBQuality (710 in chips) 
Seat 3: Mahu2021 (430 in chips) 
Mahu2021: posts small blind 10
tileshort: posts big blind 20
*** HOLE CARDS ***
Dealt to Mahu2021 [Ac 6c]
MBQuality: calls 20
Mahu2021: calls 10
tileshort: checks 
*** FLOP *** [2c Qd Ks]
Mahu2021: checks 
tileshort: bets 20
MBQuality: folds 
Mahu2021: folds 
Uncalled bet (20) returned to tileshort
tileshort collected 60 from pot
tileshort: doesn't show hand 
*** SUMMARY ***
Total pot 60 | Rake 0 
Board [2c Qd Ks]
Seat 1: tileshort (big blind) collected (60)
Seat 2: MBQuality (button) folded on the Flop
Seat 3: Mahu2021 (small blind) folded on the Flop



PokerStars Hand #254967895147: Tournament #3861331406, $4.60+$0.40 USD Hold'em No Limit - Level I (10/20) - 2025/02/21 10:58:33 CET [2025/02/21 4:58:33 ET]
Table '3861331406 1' 3-max Seat #3 is the button
Seat 1: tileshort (400 in chips) 
Seat 2: MBQuality (690 in chips) 
Seat 3: Mahu2021 (410 in chips) 
tileshort: posts small blind 10
MBQuality: posts big blind 20
*** HOLE CARDS ***
Dealt to Mahu2021 [Jd 5h]
Mahu2021: folds 
tileshort: raises 20 to 40
MBQuality: raises 650 to 690 and is all-in
tileshort: folds 
Uncalled bet (650) returned to MBQuality
MBQuality collected 80 from pot
*** SUMMARY ***
Total pot 80 | Rake 0 
Seat 1: tileshort (small blind) folded before Flop
Seat 2: MBQuality (big blind) collected (80)
Seat 3: Mahu2021 (button) folded before Flop (didn't bet)



PokerStars Hand #254967896001: Tournament #3861331406, $4.60+$0.40 USD Hold'em No Limit - Level I (10/20) - 2025/02/21 10:58:43 CET [2025/02/21 4:58:43 ET]
Table '3861331406 1' 3-max Seat #1 is the button
Seat 1: tileshort (360 in chips) 
Seat 2: MBQuality (730 in chips) 
Seat 3: Mahu2021 (410 in chips) 
MBQuality: posts small blind 10
Mahu2021: posts big blind 20
*** HOLE CARDS ***
Dealt to Mahu2021 [3s 7d]
tileshort: folds 
MBQuality: calls 10
Mahu2021: checks 
*** FLOP *** [Th Ah 3c]
MBQuality: bets 20
Mahu2021: calls 20
*** TURN *** [Th Ah 3c] [5s]
MBQuality: bets 20
Mahu2021: calls 20
*** RIVER *** [Th Ah 3c 5s] [7h]
MBQuality: bets 20
Mahu2021: calls 20
*** SHOW DOWN ***
MBQuality: shows [8d As] (a pair of Aces)
Mahu2021: shows [3s 7d] (two pair, Sevens and Threes)
Mahu2021 collected 160 from pot
*** SUMMARY ***
Total pot 160 | Rake 0 
Board [Th Ah 3c 5s 7h]
Seat 1: tileshort (button) folded before Flop (didn't bet)
Seat 2: MBQuality (small blind) showed [8d As] and lost with a pair of Aces
Seat 3: Mahu2021 (big blind) showed [3s 7d] and won (160) with two pair, Sevens and Threes



PokerStars Hand #254967897632: Tournament #3861331406, $4.60+$0.40 USD Hold'em No Limit - Level II (15/30) - 2025/02/21 10:59:01 CET [2025/02/21 4:59:01 ET]
Table '3861331406 1' 3-max Seat #2 is the button
Seat 1: tileshort (360 in chips) 
Seat 2: MBQuality (650 in chips) 
Seat 3: Mahu2021 (490 in chips) 
Mahu2021: posts small blind 15
tileshort: posts big blind 30
*** HOLE CARDS ***
Dealt to Mahu2021 [9d 2h]
MBQuality: folds 
Mahu2021: folds 
Uncalled bet (15) returned to tileshort
tileshort collected 30 from pot
tileshort: doesn't show hand 
*** SUMMARY ***
Total pot 30 | Rake 0 
Seat 1: tileshort (big blind) collected (30)
Seat 2: MBQuality (button) folded before Flop (didn't bet)
Seat 3: Mahu2021 (small blind) folded before Flop



PokerStars Hand #254967898123: Tournament #3861331406, $4.60+$0.40 USD Hold'em No Limit - Level II (15/30) - 2025/02/21 10:59:07 CET [2025/02/21 4:59:07 ET]
Table '3861331406 1' 3-max Seat #3 is the button
Seat 1: tileshort (375 in chips) 
Seat 2: MBQuality (650 in chips) 
Seat 3: Mahu2021 (475 in chips) 
tileshort: posts small blind 15
MBQuality: posts big blind 30
*** HOLE CARDS ***
Dealt to Mahu2021 [2d 6d]
Mahu2021: folds 
tileshort: raises 90 to 120
MBQuality: folds 
Uncalled bet (90) returned to tileshort
tileshort collected 60 from pot
tileshort: doesn't show hand 
*** SUMMARY ***
Total pot 60 | Rake 0 
Seat 1: tileshort (small blind) collected (60)
Seat 2: MBQuality (big blind) folded before Flop
Seat 3: Mahu2021 (button) folded before Flop (didn't bet)



PokerStars Hand #254967898948: Tournament #3861331406, $4.60+$0.40 USD Hold'em No Limit - Level II (15/30) - 2025/02/21 10:59:16 CET [2025/02/21 4:59:16 ET]
Table '3861331406 1' 3-max Seat #1 is the button
Seat 1: tileshort (405 in chips) 
Seat 2: MBQuality (620 in chips) 
Seat 3: Mahu2021 (475 in chips) 
MBQuality: posts small blind 15
Mahu2021: posts big blind 30
*** HOLE CARDS ***
Dealt to Mahu2021 [3h Qc]
tileshort: folds 
MBQuality: calls 15
Mahu2021: checks 
*** FLOP *** [4d 5h 8c]
MBQuality: bets 30
Mahu2021: folds 
Uncalled bet (30) returned to MBQuality
MBQuality collected 60 from pot
*** SUMMARY ***
Total pot 60 | Rake 0 
Board [4d 5h 8c]
Seat 1: tileshort (button) folded before Flop (didn't bet)
Seat 2: MBQuality (small blind) collected (60)
Seat 3: Mahu2021 (big blind) folded on the Flop



PokerStars Hand #254967899952: Tournament #3861331406, $4.60+$0.40 USD Hold'em No Limit - Level II (15/30) - 2025/02/21 10:59:28 CET [2025/02/21 4:59:28 ET]
Table '3861331406 1' 3-max Seat #2 is the button
Seat 1: tileshort (405 in chips) 
Seat 2: MBQuality (650 in chips) 
Seat 3: Mahu2021 (445 in chips) 
Mahu2021: posts small blind 15
tileshort: posts big blind 30
*** HOLE CARDS ***
Dealt to Mahu2021 [Qd Kc]
MBQuality: raises 75 to 105
Mahu2021: calls 90
tileshort: folds 
*** FLOP *** [9s 9d Jc]
Mahu2021: checks 
MBQuality: checks 
*** TURN *** [9s 9d Jc] [7s]
Mahu2021: checks 
MBQuality: bets 30
Mahu2021: calls 30
*** RIVER *** [9s 9d Jc 7s] [8s]
Mahu2021: checks 
MBQuality: bets 515 and is all-in
Mahu2021: folds 
Uncalled bet (515) returned to MBQuality
MBQuality collected 300 from pot
*** SUMMARY ***
Total pot 300 | Rake 0 
Board [9s 9d Jc 7s 8s]
Seat 1: tileshort (big blind) folded before Flop
Seat 2: MBQuality (button) collected (300)
Seat 3: Mahu2021 (small blind) folded on the River



PokerStars Hand #254967901688: Tournament #3861331406, $4.60+$0.40 USD Hold'em No Limit - Level II (15/30) - 2025/02/21 10:59:48 CET [2025/02/21 4:59:48 ET]
Table '3861331406 1' 3-max Seat #3 is the button
Seat 1: tileshort (375 in chips) 
Seat 2: MBQuality (815 in chips) 
Seat 3: Mahu2021 (310 in chips) 
tileshort: posts small blind 15
MBQuality: posts big blind 30
*** HOLE CARDS ***
Dealt to Mahu2021 [8h 7s]
Mahu2021: folds 
tileshort: calls 15
MBQuality: checks 
*** FLOP *** [As Kd 6c]
tileshort: checks 
MBQuality: checks 
*** TURN *** [As Kd 6c] [9c]
tileshort: checks 
MBQuality: checks 
*** RIVER *** [As Kd 6c 9c] [Td]
tileshort: bets 150
MBQuality: folds 
Uncalled bet (150) returned to tileshort
tileshort collected 60 from pot
tileshort: doesn't show hand 
*** SUMMARY ***
Total pot 60 | Rake 0 
Board [As Kd 6c 9c Td]
Seat 1: tileshort (small blind) collected (60)
Seat 2: MBQuality (big blind) folded on the River
Seat 3: Mahu2021 (button) folded before Flop (didn't bet)



PokerStars Hand #254967903522: Tournament #3861331406, $4.60+$0.40 USD Hold'em No Limit - Level II (15/30) - 2025/02/21 11:00:09 CET [2025/02/21 5:00:09 ET]
Table '3861331406 1' 3-max Seat #1 is the button
Seat 1: tileshort (405 in chips) 
Seat 2: MBQuality (785 in chips) 
Seat 3: Mahu2021 (310 in chips) 
MBQuality: posts small blind 15
Mahu2021: posts big blind 30
*** HOLE CARDS ***
Dealt to Mahu2021 [Jd 3s]
tileshort: folds 
MBQuality: folds 
Uncalled bet (15) returned to Mahu2021
Mahu2021 collected 30 from pot
Mahu2021: doesn't show hand 
*** SUMMARY ***
Total pot 30 | Rake 0 
Seat 1: tileshort (button) folded before Flop (didn't bet)
Seat 2: MBQuality (small blind) folded before Flop
Seat 3: Mahu2021 (big blind) collected (30)



PokerStars Hand #254967904112: Tournament #3861331406, $4.60+$0.40 USD Hold'em No Limit - Level II (15/30) - 2025/02/21 11:00:16 CET [2025/02/21 5:00:16 ET]
Table '3861331406 1' 3-max Seat #2 is the button
Seat 1: tileshort (405 in chips) 
Seat 2: MBQuality (770 in chips) 
Seat 3: Mahu2021 (325 in chips) 
Mahu2021: posts small blind 15
tileshort: posts big blind 30
*** HOLE CARDS ***
Dealt to Mahu2021 [Qh Ah]
MBQuality: folds 
Mahu2021: raises 90 to 120
tileshort: raises 90 to 210
Mahu2021: raises 115 to 325 and is all-in
tileshort: calls 115
*** FLOP *** [4h 6h 9c]
*** TURN *** [4h 6h 9c] [2h]
*** RIVER *** [4h 6h 9c 2h] [Jh]
*** SHOW DOWN ***
Mahu2021: shows [Qh Ah] (a flush, Ace high)
tileshort: shows [Qs Ad] (high card Ace)
Mahu2021 collected 650 from pot
*** SUMMARY ***
Total pot 650 | Rake 0 
Board [4h 6h 9c 2h Jh]
Seat 1: tileshort (big blind) showed [Qs Ad] and lost with high card Ace
Seat 2: MBQuality (button) folded before Flop (didn't bet)
Seat 3: Mahu2021 (small blind) showed [Qh Ah] and won (650) with a flush, Ace high



PokerStars Hand #254967905846: Tournament #3861331406, $4.60+$0.40 USD Hold'em No Limit - Level II (15/30) - 2025/02/21 11:00:35 CET [2025/02/21 5:00:35 ET]
Table '3861331406 1' 3-max Seat #3 is the button
Seat 1: tileshort (80 in chips) 
Seat 2: MBQuality (770 in chips) 
Seat 3: Mahu2021 (650 in chips) 
tileshort: posts small blind 15
MBQuality: posts big blind 30
*** HOLE CARDS ***
Dealt to Mahu2021 [Qs 5s]
Mahu2021: folds 
tileshort: raises 50 to 80 and is all-in
MBQuality: calls 50
*** FLOP *** [7c 5h 8h]
*** TURN *** [7c 5h 8h] [8s]
*** RIVER *** [7c 5h 8h 8s] [Jh]
*** SHOW DOWN ***
tileshort: shows [9s Qc] (a pair of Eights)
MBQuality: shows [Ad Kd] (a pair of Eights - Ace kicker)
MBQuality collected 160 from pot
tileshort finished the tournament in 3rd place
*** SUMMARY ***
Total pot 160 | Rake 0 
Board [7c 5h 8h 8s Jh]
Seat 1: tileshort (small blind) showed [9s Qc] and lost with a pair of Eights
Seat 2: MBQuality (big blind) showed [Ad Kd] and won (160) with a pair of Eights
Seat 3: Mahu2021 (button) folded before Flop (didn't bet)



PokerStars Hand #254967907703: Tournament #3861331406, $4.60+$0.40 USD Hold'em No Limit - Level III (20/40) - 2025/02/21 11:00:54 CET [2025/02/21 5:00:54 ET]
Table '3861331406 1' 3-max Seat #2 is the button
Seat 2: MBQuality (850 in chips) 
Seat 3: Mahu2021 (650 in chips) 
MBQuality: posts small blind 20
Mahu2021: posts big blind 40
*** HOLE CARDS ***
Dealt to Mahu2021 [Qh 3s]
MBQuality: calls 20
Mahu2021: checks 
*** FLOP *** [Kd 4s As]
Mahu2021: checks 
MBQuality: checks 
*** TURN *** [Kd 4s As] [Qs]
Mahu2021: checks 
MBQuality: checks 
*** RIVER *** [Kd 4s As Qs] [2c]
Mahu2021: bets 40
MBQuality: calls 40
*** SHOW DOWN ***
Mahu2021: shows [Qh 3s] (a pair of Queens)
MBQuality: shows [2d Kc] (two pair, Kings and Deuces)
MBQuality collected 160 from pot
*** SUMMARY ***
Total pot 160 | Rake 0 
Board [Kd 4s As Qs 2c]
Seat 2: MBQuality (button) (small blind) showed [2d Kc] and won (160) with two pair, Kings and Deuces
Seat 3: Mahu2021 (big blind) showed [Qh 3s] and lost with a pair of Queens



PokerStars Hand #254967909073: Tournament #3861331406, $4.60+$0.40 USD Hold'em No Limit - Level III (20/40) - 2025/02/21 11:01:08 CET [2025/02/21 5:01:08 ET]
Table '3861331406 1' 3-max Seat #3 is the button
Seat 2: MBQuality (930 in chips) 
Seat 3: Mahu2021 (570 in chips) 
Mahu2021: posts small blind 20
MBQuality: posts big blind 40
*** HOLE CARDS ***
Dealt to Mahu2021 [As 5s]
Mahu2021: raises 40 to 80
MBQuality: calls 40
*** FLOP *** [9d Jh 9h]
MBQuality: checks 
Mahu2021: checks 
*** TURN *** [9d Jh 9h] [Ah]
MBQuality: bets 40
Mahu2021: calls 40
*** RIVER *** [9d Jh 9h Ah] [Kc]
MBQuality: checks 
Mahu2021: checks 
*** SHOW DOWN ***
MBQuality: shows [Ac 2s] (two pair, Aces and Nines)
Mahu2021: shows [As 5s] (two pair, Aces and Nines)
MBQuality collected 120 from pot
Mahu2021 collected 120 from pot
*** SUMMARY ***
Total pot 240 | Rake 0 
Board [9d Jh 9h Ah Kc]
Seat 2: MBQuality (big blind) showed [Ac 2s] and won (120) with two pair, Aces and Nines
Seat 3: Mahu2021 (button) (small blind) showed [As 5s] and won (120) with two pair, Aces and Nines



PokerStars Hand #254967910578: Tournament #3861331406, $4.60+$0.40 USD Hold'em No Limit - Level III (20/40) - 2025/02/21 11:01:23 CET [2025/02/21 5:01:23 ET]
Table '3861331406 1' 3-max Seat #2 is the button
Seat 2: MBQuality (930 in chips) 
Seat 3: Mahu2021 (570 in chips) 
MBQuality: posts small blind 20
Mahu2021: posts big blind 40
*** HOLE CARDS ***
Dealt to Mahu2021 [5s 3d]
MBQuality: folds 
Uncalled bet (20) returned to Mahu2021
Mahu2021 collected 40 from pot
Mahu2021: doesn't show hand 
*** SUMMARY ***
Total pot 40 | Rake 0 
Seat 2: MBQuality (button) (small blind) folded before Flop
Seat 3: Mahu2021 (big blind) collected (40)



PokerStars Hand #254967911218: Tournament #3861331406, $4.60+$0.40 USD Hold'em No Limit - Level III (20/40) - 2025/02/21 11:01:30 CET [2025/02/21 5:01:30 ET]
Table '3861331406 1' 3-max Seat #3 is the button
Seat 2: MBQuality (910 in chips) 
Seat 3: Mahu2021 (590 in chips) 
Mahu2021: posts small blind 20
MBQuality: posts big blind 40
*** HOLE CARDS ***
Dealt to Mahu2021 [2s Jh]
Mahu2021: calls 20
MBQuality: checks 
*** FLOP *** [2c 2d 4s]
MBQuality: checks 
Mahu2021: bets 40
MBQuality: folds 
Uncalled bet (40) returned to Mahu2021
Mahu2021 collected 80 from pot
Mahu2021: doesn't show hand 
*** SUMMARY ***
Total pot 80 | Rake 0 
Board [2c 2d 4s]
Seat 2: MBQuality (big blind) folded on the Flop
Seat 3: Mahu2021 (button) (small blind) collected (80)



PokerStars Hand #254967912228: Tournament #3861331406, $4.60+$0.40 USD Hold'em No Limit - Level III (20/40) - 2025/02/21 11:01:40 CET [2025/02/21 5:01:40 ET]
Table '3861331406 1' 3-max Seat #2 is the button
Seat 2: MBQuality (870 in chips) 
Seat 3: Mahu2021 (630 in chips) 
MBQuality: posts small blind 20
Mahu2021: posts big blind 40
*** HOLE CARDS ***
Dealt to Mahu2021 [3s Ah]
MBQuality: raises 40 to 80
Mahu2021: calls 40
*** FLOP *** [2d 5d 3c]
Mahu2021: checks 
MBQuality: bets 40
Mahu2021: calls 40
*** TURN *** [2d 5d 3c] [Kd]
Mahu2021: checks 
MBQuality: bets 40
Mahu2021: calls 40
*** RIVER *** [2d 5d 3c Kd] [6d]
Mahu2021: checks 
MBQuality: checks 
*** SHOW DOWN ***
Mahu2021: shows [3s Ah] (a pair of Threes)
MBQuality: shows [Js Kc] (a pair of Kings)
MBQuality collected 320 from pot
*** SUMMARY ***
Total pot 320 | Rake 0 
Board [2d 5d 3c Kd 6d]
Seat 2: MBQuality (button) (small blind) showed [Js Kc] and won (320) with a pair of Kings
Seat 3: Mahu2021 (big blind) showed [3s Ah] and lost with a pair of Threes



PokerStars Hand #254967913738: Tournament #3861331406, $4.60+$0.40 USD Hold'em No Limit - Level III (20/40) - 2025/02/21 11:01:55 CET [2025/02/21 5:01:55 ET]
Table '3861331406 1' 3-max Seat #3 is the button
Seat 2: MBQuality (1030 in chips) 
Seat 3: Mahu2021 (470 in chips) 
Mahu2021: posts small blind 20
MBQuality: posts big blind 40
*** HOLE CARDS ***
Dealt to Mahu2021 [5h Ah]
Mahu2021: raises 40 to 80
MBQuality: calls 40
*** FLOP *** [Jc 9d Jh]
MBQuality: checks 
Mahu2021: checks 
*** TURN *** [Jc 9d Jh] [3d]
MBQuality: bets 40
Mahu2021: calls 40
*** RIVER *** [Jc 9d Jh 3d] [2h]
MBQuality: checks 
Mahu2021: bets 80
MBQuality: folds 
Uncalled bet (80) returned to Mahu2021
Mahu2021 collected 240 from pot
Mahu2021: doesn't show hand 
*** SUMMARY ***
Total pot 240 | Rake 0 
Board [Jc 9d Jh 3d 2h]
Seat 2: MBQuality (big blind) folded on the River
Seat 3: Mahu2021 (button) (small blind) collected (240)



PokerStars Hand #254967915761: Tournament #3861331406, $4.60+$0.40 USD Hold'em No Limit - Level III (20/40) - 2025/02/21 11:02:15 CET [2025/02/21 5:02:15 ET]
Table '3861331406 1' 3-max Seat #2 is the button
Seat 2: MBQuality (910 in chips) 
Seat 3: Mahu2021 (590 in chips) 
MBQuality: posts small blind 20
Mahu2021: posts big blind 40
*** HOLE CARDS ***
Dealt to Mahu2021 [2c 5c]
MBQuality: folds 
Uncalled bet (20) returned to Mahu2021
Mahu2021 collected 40 from pot
Mahu2021: doesn't show hand 
*** SUMMARY ***
Total pot 40 | Rake 0 
Seat 2: MBQuality (button) (small blind) folded before Flop
Seat 3: Mahu2021 (big blind) collected (40)



PokerStars Hand #254967916232: Tournament #3861331406, $4.60+$0.40 USD Hold'em No Limit - Level III (20/40) - 2025/02/21 11:02:20 CET [2025/02/21 5:02:20 ET]
Table '3861331406 1' 3-max Seat #3 is the button
Seat 2: MBQuality (890 in chips) 
Seat 3: Mahu2021 (610 in chips) 
Mahu2021: posts small blind 20
MBQuality: posts big blind 40
*** HOLE CARDS ***
Dealt to Mahu2021 [4d 8s]
Mahu2021: folds 
Uncalled bet (20) returned to MBQuality
MBQuality collected 40 from pot
*** SUMMARY ***
Total pot 40 | Rake 0 
Seat 2: MBQuality (big blind) collected (40)
Seat 3: Mahu2021 (button) (small blind) folded before Flop



PokerStars Hand #254967916664: Tournament #3861331406, $4.60+$0.40 USD Hold'em No Limit - Level III (20/40) - 2025/02/21 11:02:24 CET [2025/02/21 5:02:24 ET]
Table '3861331406 1' 3-max Seat #2 is the button
Seat 2: MBQuality (910 in chips) 
Seat 3: Mahu2021 (590 in chips) 
MBQuality: posts small blind 20
Mahu2021: posts big blind 40
*** HOLE CARDS ***
Dealt to Mahu2021 [6d Ac]
MBQuality: folds 
Uncalled bet (20) returned to Mahu2021
Mahu2021 collected 40 from pot
Mahu2021: doesn't show hand 
*** SUMMARY ***
Total pot 40 | Rake 0 
Seat 2: MBQuality (button) (small blind) folded before Flop
Seat 3: Mahu2021 (big blind) collected (40)



PokerStars Hand #254967917149: Tournament #3861331406, $4.60+$0.40 USD Hold'em No Limit - Level III (20/40) - 2025/02/21 11:02:29 CET [2025/02/21 5:02:29 ET]
Table '3861331406 1' 3-max Seat #3 is the button
Seat 2: MBQuality (890 in chips) 
Seat 3: Mahu2021 (610 in chips) 
Mahu2021: posts small blind 20
MBQuality: posts big blind 40
*** HOLE CARDS ***
Dealt to Mahu2021 [Qd 5s]
Mahu2021: calls 20
MBQuality: checks 
*** FLOP *** [7h Ks Ac]
MBQuality: checks 
Mahu2021: checks 
*** TURN *** [7h Ks Ac] [4c]
MBQuality: checks 
Mahu2021: checks 
*** RIVER *** [7h Ks Ac 4c] [5d]
MBQuality: checks 
Mahu2021: checks 
*** SHOW DOWN ***
MBQuality: shows [2s Ts] (high card Ace)
Mahu2021: shows [Qd 5s] (a pair of Fives)
Mahu2021 collected 80 from pot
*** SUMMARY ***
Total pot 80 | Rake 0 
Board [7h Ks Ac 4c 5d]
Seat 2: MBQuality (big blind) showed [2s Ts] and lost with high card Ace
Seat 3: Mahu2021 (button) (small blind) showed [Qd 5s] and won (80) with a pair of Fives



PokerStars Hand #254967918415: Tournament #3861331406, $4.60+$0.40 USD Hold'em No Limit - Level III (20/40) - 2025/02/21 11:02:42 CET [2025/02/21 5:02:42 ET]
Table '3861331406 1' 3-max Seat #2 is the button
Seat 2: MBQuality (850 in chips) 
Seat 3: Mahu2021 (650 in chips) 
MBQuality: posts small blind 20
Mahu2021: posts big blind 40
*** HOLE CARDS ***
Dealt to Mahu2021 [7h 8h]
MBQuality: raises 40 to 80
Mahu2021: calls 40
*** FLOP *** [Ad 6d Js]
Mahu2021: checks 
MBQuality: bets 40
Mahu2021: folds 
Uncalled bet (40) returned to MBQuality
MBQuality collected 160 from pot
*** SUMMARY ***
Total pot 160 | Rake 0 
Board [Ad 6d Js]
Seat 2: MBQuality (button) (small blind) collected (160)
Seat 3: Mahu2021 (big blind) folded on the Flop



PokerStars Hand #254967919799: Tournament #3861331406, $4.60+$0.40 USD Hold'em No Limit - Level IV (30/60) - 2025/02/21 11:02:56 CET [2025/02/21 5:02:56 ET]
Table '3861331406 1' 3-max Seat #3 is the button
Seat 2: MBQuality (930 in chips) 
Seat 3: Mahu2021 (570 in chips) 
Mahu2021: posts small blind 30
MBQuality: posts big blind 60
*** HOLE CARDS ***
Dealt to Mahu2021 [5h Kd]
Mahu2021: calls 30
MBQuality: checks 
*** FLOP *** [6s 7h 7s]
MBQuality: bets 60
Mahu2021: folds 
Uncalled bet (60) returned to MBQuality
MBQuality collected 120 from pot
*** SUMMARY ***
Total pot 120 | Rake 0 
Board [6s 7h 7s]
Seat 2: MBQuality (big blind) collected (120)
Seat 3: Mahu2021 (button) (small blind) folded on the Flop



PokerStars Hand #254967920724: Tournament #3861331406, $4.60+$0.40 USD Hold'em No Limit - Level IV (30/60) - 2025/02/21 11:03:05 CET [2025/02/21 5:03:05 ET]
Table '3861331406 1' 3-max Seat #2 is the button
Seat 2: MBQuality (990 in chips) 
Seat 3: Mahu2021 (510 in chips) 
MBQuality: posts small blind 30
Mahu2021: posts big blind 60
*** HOLE CARDS ***
Dealt to Mahu2021 [2c 5d]
MBQuality: raises 60 to 120
Mahu2021: folds 
Uncalled bet (60) returned to MBQuality
MBQuality collected 120 from pot
*** SUMMARY ***
Total pot 120 | Rake 0 
Seat 2: MBQuality (button) (small blind) collected (120)
Seat 3: Mahu2021 (big blind) folded before Flop



PokerStars Hand #254967921354: Tournament #3861331406, $4.60+$0.40 USD Hold'em No Limit - Level IV (30/60) - 2025/02/21 11:03:11 CET [2025/02/21 5:03:11 ET]
Table '3861331406 1' 3-max Seat #3 is the button
Seat 2: MBQuality (1050 in chips) 
Seat 3: Mahu2021 (450 in chips) 
Mahu2021: posts small blind 30
MBQuality: posts big blind 60
*** HOLE CARDS ***
Dealt to Mahu2021 [Kh Kc]
Mahu2021: raises 60 to 120
MBQuality: folds 
Uncalled bet (60) returned to Mahu2021
Mahu2021 collected 120 from pot
Mahu2021: doesn't show hand 
*** SUMMARY ***
Total pot 120 | Rake 0 
Seat 2: MBQuality (big blind) folded before Flop
Seat 3: Mahu2021 (button) (small blind) collected (120)



PokerStars Hand #254967922011: Tournament #3861331406, $4.60+$0.40 USD Hold'em No Limit - Level IV (30/60) - 2025/02/21 11:03:18 CET [2025/02/21 5:03:18 ET]
Table '3861331406 1' 3-max Seat #2 is the button
Seat 2: MBQuality (990 in chips) 
Seat 3: Mahu2021 (510 in chips) 
MBQuality: posts small blind 30
Mahu2021: posts big blind 60
*** HOLE CARDS ***
Dealt to Mahu2021 [4h Jh]
MBQuality: folds 
Uncalled bet (30) returned to Mahu2021
Mahu2021 collected 60 from pot
Mahu2021: doesn't show hand 
*** SUMMARY ***
Total pot 60 | Rake 0 
Seat 2: MBQuality (button) (small blind) folded before Flop
Seat 3: Mahu2021 (big blind) collected (60)



PokerStars Hand #254967922478: Tournament #3861331406, $4.60+$0.40 USD Hold'em No Limit - Level IV (30/60) - 2025/02/21 11:03:22 CET [2025/02/21 5:03:22 ET]
Table '3861331406 1' 3-max Seat #3 is the button
Seat 2: MBQuality (960 in chips) 
Seat 3: Mahu2021 (540 in chips) 
Mahu2021: posts small blind 30
MBQuality: posts big blind 60
*** HOLE CARDS ***
Dealt to Mahu2021 [5c Td]
Mahu2021: folds 
Uncalled bet (30) returned to MBQuality
MBQuality collected 60 from pot
*** SUMMARY ***
Total pot 60 | Rake 0 
Seat 2: MBQuality (big blind) collected (60)
Seat 3: Mahu2021 (button) (small blind) folded before Flop



PokerStars Hand #254967922901: Tournament #3861331406, $4.60+$0.40 USD Hold'em No Limit - Level IV (30/60) - 2025/02/21 11:03:27 CET [2025/02/21 5:03:27 ET]
Table '3861331406 1' 3-max Seat #2 is the button
Seat 2: MBQuality (990 in chips) 
Seat 3: Mahu2021 (510 in chips) 
MBQuality: posts small blind 30
Mahu2021: posts big blind 60
*** HOLE CARDS ***
Dealt to Mahu2021 [8h 6h]
MBQuality: folds 
Uncalled bet (30) returned to Mahu2021
Mahu2021 collected 60 from pot
Mahu2021: doesn't show hand 
*** SUMMARY ***
Total pot 60 | Rake 0 
Seat 2: MBQuality (button) (small blind) folded before Flop
Seat 3: Mahu2021 (big blind) collected (60)



PokerStars Hand #254967923416: Tournament #3861331406, $4.60+$0.40 USD Hold'em No Limit - Level IV (30/60) - 2025/02/21 11:03:32 CET [2025/02/21 5:03:32 ET]
Table '3861331406 1' 3-max Seat #3 is the button
Seat 2: MBQuality (960 in chips) 
Seat 3: Mahu2021 (540 in chips) 
Mahu2021: posts small blind 30
MBQuality: posts big blind 60
*** HOLE CARDS ***
Dealt to Mahu2021 [7h 6h]
Mahu2021: raises 60 to 120
MBQuality: calls 60
*** FLOP *** [4s 7s Qd]
MBQuality: checks 
Mahu2021: bets 120
MBQuality: folds 
Uncalled bet (120) returned to Mahu2021
Mahu2021 collected 240 from pot
Mahu2021: doesn't show hand 
*** SUMMARY ***
Total pot 240 | Rake 0 
Board [4s 7s Qd]
Seat 2: MBQuality (big blind) folded on the Flop
Seat 3: Mahu2021 (button) (small blind) collected (240)



PokerStars Hand #254967924670: Tournament #3861331406, $4.60+$0.40 USD Hold'em No Limit - Level IV (30/60) - 2025/02/21 11:03:44 CET [2025/02/21 5:03:44 ET]
Table '3861331406 1' 3-max Seat #2 is the button
Seat 2: MBQuality (840 in chips) 
Seat 3: Mahu2021 (660 in chips) 
MBQuality: posts small blind 30
Mahu2021: posts big blind 60
*** HOLE CARDS ***
Dealt to Mahu2021 [8h 4d]
MBQuality: folds 
Uncalled bet (30) returned to Mahu2021
Mahu2021 collected 60 from pot
Mahu2021: doesn't show hand 
*** SUMMARY ***
Total pot 60 | Rake 0 
Seat 2: MBQuality (button) (small blind) folded before Flop
Seat 3: Mahu2021 (big blind) collected (60)



PokerStars Hand #254967925166: Tournament #3861331406, $4.60+$0.40 USD Hold'em No Limit - Level IV (30/60) - 2025/02/21 11:03:49 CET [2025/02/21 5:03:49 ET]
Table '3861331406 1' 3-max Seat #3 is the button
Seat 2: MBQuality (810 in chips) 
Seat 3: Mahu2021 (690 in chips) 
Mahu2021: posts small blind 30
MBQuality: posts big blind 60
*** HOLE CARDS ***
Dealt to Mahu2021 [Kd 4s]
Mahu2021: calls 30
MBQuality: raises 750 to 810 and is all-in
Mahu2021: folds 
Uncalled bet (750) returned to MBQuality
MBQuality collected 120 from pot
*** SUMMARY ***
Total pot 120 | Rake 0 
Seat 2: MBQuality (big blind) collected (120)
Seat 3: Mahu2021 (button) (small blind) folded before Flop



PokerStars Hand #254967925902: Tournament #3861331406, $4.60+$0.40 USD Hold'em No Limit - Level IV (30/60) - 2025/02/21 11:03:56 CET [2025/02/21 5:03:56 ET]
Table '3861331406 1' 3-max Seat #2 is the button
Seat 2: MBQuality (870 in chips) 
Seat 3: Mahu2021 (630 in chips) 
MBQuality: posts small blind 30
Mahu2021: posts big blind 60
*** HOLE CARDS ***
Dealt to Mahu2021 [Ad 4d]
MBQuality: folds 
Uncalled bet (30) returned to Mahu2021
Mahu2021 collected 60 from pot
Mahu2021: doesn't show hand 
*** SUMMARY ***
Total pot 60 | Rake 0 
Seat 2: MBQuality (button) (small blind) folded before Flop
Seat 3: Mahu2021 (big blind) collected (60)



PokerStars Hand #254967926369: Tournament #3861331406, $4.60+$0.40 USD Hold'em No Limit - Level IV (30/60) - 2025/02/21 11:04:01 CET [2025/02/21 5:04:01 ET]
Table '3861331406 1' 3-max Seat #3 is the button
Seat 2: MBQuality (840 in chips) 
Seat 3: Mahu2021 (660 in chips) 
Mahu2021: posts small blind 30
MBQuality: posts big blind 60
*** HOLE CARDS ***
Dealt to Mahu2021 [Td 3h]
Mahu2021: folds 
Uncalled bet (30) returned to MBQuality
MBQuality collected 60 from pot
*** SUMMARY ***
Total pot 60 | Rake 0 
Seat 2: MBQuality (big blind) collected (60)
Seat 3: Mahu2021 (button) (small blind) folded before Flop



PokerStars Hand #254967926817: Tournament #3861331406, $4.60+$0.40 USD Hold'em No Limit - Level IV (30/60) - 2025/02/21 11:04:05 CET [2025/02/21 5:04:05 ET]
Table '3861331406 1' 3-max Seat #2 is the button
Seat 2: MBQuality (870 in chips) 
Seat 3: Mahu2021 (630 in chips) 
MBQuality: posts small blind 30
Mahu2021: posts big blind 60
*** HOLE CARDS ***
Dealt to Mahu2021 [Kd 2s]
MBQuality: calls 30
Mahu2021: checks 
*** FLOP *** [Ac 4h As]
Mahu2021: checks 
MBQuality: checks 
*** TURN *** [Ac 4h As] [Qc]
Mahu2021: checks 
MBQuality: checks 
*** RIVER *** [Ac 4h As Qc] [Qd]
Mahu2021: bets 60
MBQuality: calls 60
*** SHOW DOWN ***
Mahu2021: shows [Kd 2s] (two pair, Aces and Queens)
MBQuality: shows [2h Kh] (two pair, Aces and Queens)
Mahu2021 collected 120 from pot
MBQuality collected 120 from pot
*** SUMMARY ***
Total pot 240 | Rake 0 
Board [Ac 4h As Qc Qd]
Seat 2: MBQuality (button) (small blind) showed [2h Kh] and won (120) with two pair, Aces and Queens
Seat 3: Mahu2021 (big blind) showed [Kd 2s] and won (120) with two pair, Aces and Queens



PokerStars Hand #254967928241: Tournament #3861331406, $4.60+$0.40 USD Hold'em No Limit - Level IV (30/60) - 2025/02/21 11:04:19 CET [2025/02/21 5:04:19 ET]
Table '3861331406 1' 3-max Seat #3 is the button
Seat 2: MBQuality (870 in chips) 
Seat 3: Mahu2021 (630 in chips) 
Mahu2021: posts small blind 30
MBQuality: posts big blind 60
*** HOLE CARDS ***
Dealt to Mahu2021 [Ks 7h]
Mahu2021: calls 30
MBQuality: checks 
*** FLOP *** [9h Js 4h]
MBQuality: checks 
Mahu2021: checks 
*** TURN *** [9h Js 4h] [Td]
MBQuality: checks 
Mahu2021: checks 
*** RIVER *** [9h Js 4h Td] [3s]
MBQuality: checks 
Mahu2021: checks 
*** SHOW DOWN ***
MBQuality: shows [2d 2h] (a pair of Deuces)
Mahu2021: mucks hand 
MBQuality collected 120 from pot
*** SUMMARY ***
Total pot 120 | Rake 0 
Board [9h Js 4h Td 3s]
Seat 2: MBQuality (big blind) showed [2d 2h] and won (120) with a pair of Deuces
Seat 3: Mahu2021 (button) (small blind) mucked [Ks 7h]



PokerStars Hand #254967929679: Tournament #3861331406, $4.60+$0.40 USD Hold'em No Limit - Level IV (30/60) - 2025/02/21 11:04:33 CET [2025/02/21 5:04:33 ET]
Table '3861331406 1' 3-max Seat #2 is the button
Seat 2: MBQuality (930 in chips) 
Seat 3: Mahu2021 (570 in chips) 
MBQuality: posts small blind 30
Mahu2021: posts big blind 60
*** HOLE CARDS ***
Dealt to Mahu2021 [Kd Th]
MBQuality: calls 30
Mahu2021: raises 510 to 570 and is all-in
MBQuality: folds 
Uncalled bet (510) returned to Mahu2021
Mahu2021 collected 120 from pot
Mahu2021: doesn't show hand 
*** SUMMARY ***
Total pot 120 | Rake 0 
Seat 2: MBQuality (button) (small blind) folded before Flop
Seat 3: Mahu2021 (big blind) collected (120)



PokerStars Hand #254967930804: Tournament #3861331406, $4.60+$0.40 USD Hold'em No Limit - Level IV (30/60) - 2025/02/21 11:04:44 CET [2025/02/21 5:04:44 ET]
Table '3861331406 1' 3-max Seat #3 is the button
Seat 2: MBQuality (870 in chips) 
Seat 3: Mahu2021 (630 in chips) 
Mahu2021: posts small blind 30
MBQuality: posts big blind 60
*** HOLE CARDS ***
Dealt to Mahu2021 [6d 5h]
Mahu2021: calls 30
MBQuality: checks 
*** FLOP *** [6h Qd As]
MBQuality: checks 
Mahu2021: bets 60
MBQuality: folds 
Uncalled bet (60) returned to Mahu2021
Mahu2021 collected 120 from pot
Mahu2021: doesn't show hand 
*** SUMMARY ***
Total pot 120 | Rake 0 
Board [6h Qd As]
Seat 2: MBQuality (big blind) folded on the Flop
Seat 3: Mahu2021 (button) (small blind) collected (120)



PokerStars Hand #254967932167: Tournament #3861331406, $4.60+$0.40 USD Hold'em No Limit - Level V (40/80) - 2025/02/21 11:04:57 CET [2025/02/21 5:04:57 ET]
Table '3861331406 1' 3-max Seat #2 is the button
Seat 2: MBQuality (810 in chips) 
Seat 3: Mahu2021 (690 in chips) 
MBQuality: posts small blind 40
Mahu2021: posts big blind 80
*** HOLE CARDS ***
Dealt to Mahu2021 [4d 8s]
MBQuality: raises 80 to 160
Mahu2021: folds 
Uncalled bet (80) returned to MBQuality
MBQuality collected 160 from pot
*** SUMMARY ***
Total pot 160 | Rake 0 
Seat 2: MBQuality (button) (small blind) collected (160)
Seat 3: Mahu2021 (big blind) folded before Flop



PokerStars Hand #254967932730: Tournament #3861331406, $4.60+$0.40 USD Hold'em No Limit - Level V (40/80) - 2025/02/21 11:05:03 CET [2025/02/21 5:05:03 ET]
Table '3861331406 1' 3-max Seat #3 is the button
Seat 2: MBQuality (890 in chips) 
Seat 3: Mahu2021 (610 in chips) 
Mahu2021: posts small blind 40
MBQuality: posts big blind 80
*** HOLE CARDS ***
Dealt to Mahu2021 [Tc 7h]
Mahu2021: calls 40
MBQuality: checks 
*** FLOP *** [As 4c 8s]
MBQuality: bets 80
Mahu2021: folds 
Uncalled bet (80) returned to MBQuality
MBQuality collected 160 from pot
*** SUMMARY ***
Total pot 160 | Rake 0 
Board [As 4c 8s]
Seat 2: MBQuality (big blind) collected (160)
Seat 3: Mahu2021 (button) (small blind) folded on the Flop



PokerStars Hand #254967933590: Tournament #3861331406, $4.60+$0.40 USD Hold'em No Limit - Level V (40/80) - 2025/02/21 11:05:11 CET [2025/02/21 5:05:11 ET]
Table '3861331406 1' 3-max Seat #2 is the button
Seat 2: MBQuality (970 in chips) 
Seat 3: Mahu2021 (530 in chips) 
MBQuality: posts small blind 40
Mahu2021: posts big blind 80
*** HOLE CARDS ***
Dealt to Mahu2021 [Ks Qc]
MBQuality: folds 
Uncalled bet (40) returned to Mahu2021
Mahu2021 collected 80 from pot
Mahu2021: doesn't show hand 
*** SUMMARY ***
Total pot 80 | Rake 0 
Seat 2: MBQuality (button) (small blind) folded before Flop
Seat 3: Mahu2021 (big blind) collected (80)



PokerStars Hand #254967934096: Tournament #3861331406, $4.60+$0.40 USD Hold'em No Limit - Level V (40/80) - 2025/02/21 11:05:16 CET [2025/02/21 5:05:16 ET]
Table '3861331406 1' 3-max Seat #3 is the button
Seat 2: MBQuality (930 in chips) 
Seat 3: Mahu2021 (570 in chips) 
Mahu2021: posts small blind 40
MBQuality: posts big blind 80
*** HOLE CARDS ***
Dealt to Mahu2021 [8s 4c]
Mahu2021: folds 
Uncalled bet (40) returned to MBQuality
MBQuality collected 80 from pot
*** SUMMARY ***
Total pot 80 | Rake 0 
Seat 2: MBQuality (big blind) collected (80)
Seat 3: Mahu2021 (button) (small blind) folded before Flop



PokerStars Hand #254967934547: Tournament #3861331406, $4.60+$0.40 USD Hold'em No Limit - Level V (40/80) - 2025/02/21 11:05:21 CET [2025/02/21 5:05:21 ET]
Table '3861331406 1' 3-max Seat #2 is the button
Seat 2: MBQuality (970 in chips) 
Seat 3: Mahu2021 (530 in chips) 
MBQuality: posts small blind 40
Mahu2021: posts big blind 80
*** HOLE CARDS ***
Dealt to Mahu2021 [Ac 4c]
MBQuality: calls 40
Mahu2021: raises 450 to 530 and is all-in
MBQuality: calls 450
*** FLOP *** [6c 3h 8d]
*** TURN *** [6c 3h 8d] [As]
*** RIVER *** [6c 3h 8d As] [5d]
*** SHOW DOWN ***
Mahu2021: shows [Ac 4c] (a pair of Aces)
MBQuality: shows [Tc Kh] (high card Ace)
Mahu2021 collected 1060 from pot
*** SUMMARY ***
Total pot 1060 | Rake 0 
Board [6c 3h 8d As 5d]
Seat 2: MBQuality (button) (small blind) showed [Tc Kh] and lost with high card Ace
Seat 3: Mahu2021 (big blind) showed [Ac 4c] and won (1060) with a pair of Aces



PokerStars Hand #254967936645: Tournament #3861331406, $4.60+$0.40 USD Hold'em No Limit - Level V (40/80) - 2025/02/21 11:05:41 CET [2025/02/21 5:05:41 ET]
Table '3861331406 1' 3-max Seat #3 is the button
Seat 2: MBQuality (440 in chips) 
Seat 3: Mahu2021 (1060 in chips) 
Mahu2021: posts small blind 40
MBQuality: posts big blind 80
*** HOLE CARDS ***
Dealt to Mahu2021 [Jc 2d]
Mahu2021: calls 40
MBQuality: checks 
*** FLOP *** [8d 7d Ac]
MBQuality: checks 
Mahu2021: bets 80
MBQuality: calls 80
*** TURN *** [8d 7d Ac] [2c]
MBQuality: checks 
Mahu2021: bets 80
MBQuality: folds 
Uncalled bet (80) returned to Mahu2021
Mahu2021 collected 320 from pot
Mahu2021: doesn't show hand 
*** SUMMARY ***
Total pot 320 | Rake 0 
Board [8d 7d Ac 2c]
Seat 2: MBQuality (big blind) folded on the Turn
Seat 3: Mahu2021 (button) (small blind) collected (320)



PokerStars Hand #254967938588: Tournament #3861331406, $4.60+$0.40 USD Hold'em No Limit - Level V (40/80) - 2025/02/21 11:06:00 CET [2025/02/21 5:06:00 ET]
Table '3861331406 1' 3-max Seat #2 is the button
Seat 2: MBQuality (280 in chips) 
Seat 3: Mahu2021 (1220 in chips) 
MBQuality: posts small blind 40
Mahu2021: posts big blind 80
*** HOLE CARDS ***
Dealt to Mahu2021 [Jc 9c]
MBQuality: folds 
Uncalled bet (40) returned to Mahu2021
Mahu2021 collected 80 from pot
Mahu2021: doesn't show hand 
*** SUMMARY ***
Total pot 80 | Rake 0 
Seat 2: MBQuality (button) (small blind) folded before Flop
Seat 3: Mahu2021 (big blind) collected (80)



PokerStars Hand #254967939054: Tournament #3861331406, $4.60+$0.40 USD Hold'em No Limit - Level V (40/80) - 2025/02/21 11:06:04 CET [2025/02/21 5:06:04 ET]
Table '3861331406 1' 3-max Seat #3 is the button
Seat 2: MBQuality (240 in chips) 
Seat 3: Mahu2021 (1260 in chips) 
Mahu2021: posts small blind 40
MBQuality: posts big blind 80
*** HOLE CARDS ***
Dealt to Mahu2021 [Kd Ts]
Mahu2021: raises 160 to 240
MBQuality: calls 160 and is all-in
*** FLOP *** [Jc 7d 6c]
*** TURN *** [Jc 7d 6c] [3d]
*** RIVER *** [Jc 7d 6c 3d] [Td]
*** SHOW DOWN ***
MBQuality: shows [Kh 5h] (high card King)
Mahu2021: shows [Kd Ts] (a pair of Tens)
Mahu2021 collected 480 from pot
MBQuality finished the tournament in 2nd place
Mahu2021 wins the tournament and receives $10.00 - congratulations!
*** SUMMARY ***
Total pot 480 | Rake 0 
Board [Jc 7d 6c 3d Td]
Seat 2: MBQuality (big blind) showed [Kh 5h] and lost with high card King
Seat 3: Mahu2021 (button) (small blind) showed [Kd Ts] and won (480) with a pair of Tens



