PokerStars Hand #253834034410: Tournament #3833562791, $0.46+$0.04 USD Hold'em No Limit - Level I (10/20) - 2024/12/13 15:17:16 CET [2024/12/13 9:17:16 ET]
Table '3833562791 1' 3-max Seat #1 is the button
Seat 1: gvictorsilva (500 in chips) 
Seat 2: Mikezzle2020 (500 in chips) 
Seat 3: Mahu2021 (500 in chips) 
Mikezzle2020: posts small blind 10
Mahu2021: posts big blind 20
*** HOLE CARDS ***
Dealt to Mahu2021 [2s Th]
gvictorsilva: folds 
Mikezzle2020: raises 40 to 60
Mahu2021: folds 
Uncalled bet (40) returned to Mikezzle2020
Mikezzle2020 collected 40 from pot
Mikezzle2020: doesn't show hand 
*** SUMMARY ***
Total pot 40 | Rake 0 
Seat 1: gvictorsilva (button) folded before Flop (didn't bet)
Seat 2: Mikezzle2020 (small blind) collected (40)
Seat 3: Mahu2021 (big blind) folded before Flop



PokerStars Hand #253834036030: Tournament #3833562791, $0.46+$0.04 USD Hold'em No Limit - Level I (10/20) - 2024/12/13 15:17:26 CET [2024/12/13 9:17:26 ET]
Table '3833562791 1' 3-max Seat #2 is the button
Seat 1: gvictorsilva (500 in chips) 
Seat 2: Mikezzle2020 (520 in chips) 
Seat 3: Mahu2021 (480 in chips) 
Mahu2021: posts small blind 10
gvictorsilva: posts big blind 20
*** HOLE CARDS ***
Dealt to Mahu2021 [7h As]
Mikezzle2020: folds 
Mahu2021: raises 20 to 40
gvictorsilva: calls 20
*** FLOP *** [6s 7c 4h]
Mahu2021: bets 80
gvictorsilva: calls 80
*** TURN *** [6s 7c 4h] [Kh]
Mahu2021: bets 360 and is all-in
gvictorsilva: folds 
Uncalled bet (360) returned to Mahu2021
Mahu2021 collected 240 from pot
Mahu2021: doesn't show hand 
*** SUMMARY ***
Total pot 240 | Rake 0 
Board [6s 7c 4h Kh]
Seat 1: gvictorsilva (big blind) folded on the Turn
Seat 2: Mikezzle2020 (button) folded before Flop (didn't bet)
Seat 3: Mahu2021 (small blind) collected (240)



PokerStars Hand #253834039194: Tournament #3833562791, $0.46+$0.04 USD Hold'em No Limit - Level I (10/20) - 2024/12/13 15:17:45 CET [2024/12/13 9:17:45 ET]
Table '3833562791 1' 3-max Seat #3 is the button
Seat 1: gvictorsilva (380 in chips) 
Seat 2: Mikezzle2020 (520 in chips) 
Seat 3: Mahu2021 (600 in chips) 
gvictorsilva: posts small blind 10
Mikezzle2020: posts big blind 20
*** HOLE CARDS ***
Dealt to Mahu2021 [Ad Qd]
Mahu2021: raises 20 to 40
gvictorsilva: calls 30
Mikezzle2020: folds 
*** FLOP *** [3c 7s 6c]
gvictorsilva: checks 
Mahu2021: checks 
*** TURN *** [3c 7s 6c] [3h]
gvictorsilva: checks 
Mahu2021: checks 
*** RIVER *** [3c 7s 6c 3h] [Jd]
gvictorsilva: bets 40
Mahu2021: calls 40
*** SHOW DOWN ***
gvictorsilva: shows [9s Js] (two pair, Jacks and Threes)
Mahu2021: mucks hand 
gvictorsilva collected 180 from pot
*** SUMMARY ***
Total pot 180 | Rake 0 
Board [3c 7s 6c 3h Jd]
Seat 1: gvictorsilva (small blind) showed [9s Js] and won (180) with two pair, Jacks and Threes
Seat 2: Mikezzle2020 (big blind) folded before Flop
Seat 3: Mahu2021 (button) mucked [Ad Qd]



PokerStars Hand #253834043700: Tournament #3833562791, $0.46+$0.04 USD Hold'em No Limit - Level I (10/20) - 2024/12/13 15:18:11 CET [2024/12/13 9:18:11 ET]
Table '3833562791 1' 3-max Seat #1 is the button
Seat 1: gvictorsilva (480 in chips) 
Seat 2: Mikezzle2020 (500 in chips) 
Seat 3: Mahu2021 (520 in chips) 
Mikezzle2020: posts small blind 10
Mahu2021: posts big blind 20
*** HOLE CARDS ***
Dealt to Mahu2021 [5c Kh]
gvictorsilva: calls 20
Mikezzle2020: raises 40 to 60
Mahu2021: folds 
gvictorsilva: calls 40
*** FLOP *** [As Kd Qh]
Mikezzle2020: checks 
gvictorsilva: checks 
*** TURN *** [As Kd Qh] [5s]
Mikezzle2020: checks 
gvictorsilva: checks 
*** RIVER *** [As Kd Qh 5s] [3d]
Mikezzle2020: checks 
gvictorsilva: bets 80
Mikezzle2020: folds 
Uncalled bet (80) returned to gvictorsilva
gvictorsilva collected 140 from pot
*** SUMMARY ***
Total pot 140 | Rake 0 
Board [As Kd Qh 5s 3d]
Seat 1: gvictorsilva (button) collected (140)
Seat 2: Mikezzle2020 (small blind) folded on the River
Seat 3: Mahu2021 (big blind) folded before Flop



PokerStars Hand #253834053991: Tournament #3833562791, $0.46+$0.04 USD Hold'em No Limit - Level I (10/20) - 2024/12/13 15:19:12 CET [2024/12/13 9:19:12 ET]
Table '3833562791 1' 3-max Seat #2 is the button
Seat 1: gvictorsilva (560 in chips) 
Seat 2: Mikezzle2020 (440 in chips) 
Seat 3: Mahu2021 (500 in chips) 
Mahu2021: posts small blind 10
gvictorsilva: posts big blind 20
*** HOLE CARDS ***
Dealt to Mahu2021 [Qh 5d]
Mikezzle2020: raises 420 to 440 and is all-in
Mahu2021: folds 
gvictorsilva: folds 
Uncalled bet (420) returned to Mikezzle2020
Mikezzle2020 collected 50 from pot
Mikezzle2020: doesn't show hand 
*** SUMMARY ***
Total pot 50 | Rake 0 
Seat 1: gvictorsilva (big blind) folded before Flop
Seat 2: Mikezzle2020 (button) collected (50)
Seat 3: Mahu2021 (small blind) folded before Flop



PokerStars Hand #253834055983: Tournament #3833562791, $0.46+$0.04 USD Hold'em No Limit - Level II (15/30) - 2024/12/13 15:19:23 CET [2024/12/13 9:19:23 ET]
Table '3833562791 1' 3-max Seat #3 is the button
Seat 1: gvictorsilva (540 in chips) 
Seat 2: Mikezzle2020 (470 in chips) 
Seat 3: Mahu2021 (490 in chips) 
gvictorsilva: posts small blind 15
Mikezzle2020: posts big blind 30
*** HOLE CARDS ***
Dealt to Mahu2021 [9s 9d]
Mahu2021: raises 460 to 490 and is all-in
gvictorsilva: calls 475
Mikezzle2020: calls 440 and is all-in
*** FLOP *** [Kh 3d Jd]
*** TURN *** [Kh 3d Jd] [Js]
*** RIVER *** [Kh 3d Jd Js] [Td]
*** SHOW DOWN ***
gvictorsilva: shows [Tc Qs] (two pair, Jacks and Tens)
Mahu2021: shows [9s 9d] (two pair, Jacks and Nines)
gvictorsilva collected 40 from side pot
Mikezzle2020: shows [Qc Ts] (two pair, Jacks and Tens)
gvictorsilva collected 705 from main pot
Mikezzle2020 collected 705 from main pot
Mahu2021 finished the tournament in 3rd place
*** SUMMARY ***
Total pot 1450 Main pot 1410. Side pot 40. | Rake 0 
Board [Kh 3d Jd Js Td]
Seat 1: gvictorsilva (small blind) showed [Tc Qs] and won (745) with two pair, Jacks and Tens
Seat 2: Mikezzle2020 (big blind) showed [Qc Ts] and won (705) with two pair, Jacks and Tens
Seat 3: Mahu2021 (button) showed [9s 9d] and lost with two pair, Jacks and Nines



