PokerStars Hand #249597056051: Tournament #3733005764, $1.84+$0.16 USD Hold'em No Limit - Level I (10/20) - 2024/03/24 17:05:06 CET [2024/03/24 12:05:06 ET]
Table '3733005764 1' 3-max Seat #1 is the button
Seat 1: Mahu2021 (500 in chips) 
Seat 2: kim10001 (500 in chips) 
Seat 3: Maaazas (500 in chips) 
kim10001: posts small blind 10
Maaazas: posts big blind 20
*** HOLE CARDS ***
Dealt to Mahu2021 [2c 3c]
Mahu2021: folds 
kim10001: raises 20 to 40
Maaazas: calls 20
*** FLOP *** [2h 3d Ad]
kim10001: bets 80
Maaazas: folds 
Uncalled bet (80) returned to kim10001
kim10001 collected 80 from pot
kim10001: doesn't show hand 
*** SUMMARY ***
Total pot 80 | Rake 0 
Board [2h 3d Ad]
Seat 1: Mahu2021 (button) folded before Flop (didn't bet)
Seat 2: kim10001 (small blind) collected (80)
Seat 3: Maaazas (big blind) folded on the Flop



PokerStars Hand #249597063668: Tournament #3733005764, $1.84+$0.16 USD Hold'em No Limit - Level I (10/20) - 2024/03/24 17:05:30 CET [2024/03/24 12:05:30 ET]
Table '3733005764 1' 3-max Seat #2 is the button
Seat 1: Mahu2021 (500 in chips) 
Seat 2: kim10001 (540 in chips) 
Seat 3: Maaazas (460 in chips) 
Maaazas: posts small blind 10
Mahu2021: posts big blind 20
*** HOLE CARDS ***
Dealt to Mahu2021 [Ts Qc]
kim10001: folds 
Maaazas: calls 10
Mahu2021: checks 
*** FLOP *** [5d Kh 9s]
Maaazas: bets 40
Mahu2021: calls 40
*** TURN *** [5d Kh 9s] [6c]
Maaazas: bets 80
Mahu2021: folds 
Uncalled bet (80) returned to Maaazas
Maaazas collected 120 from pot
*** SUMMARY ***
Total pot 120 | Rake 0 
Board [5d Kh 9s 6c]
Seat 1: Mahu2021 (big blind) folded on the Turn
Seat 2: kim10001 (button) folded before Flop (didn't bet)
Seat 3: Maaazas (small blind) collected (120)



PokerStars Hand #249597069691: Tournament #3733005764, $1.84+$0.16 USD Hold'em No Limit - Level I (10/20) - 2024/03/24 17:05:50 CET [2024/03/24 12:05:50 ET]
Table '3733005764 1' 3-max Seat #3 is the button
Seat 1: Mahu2021 (440 in chips) 
Seat 2: kim10001 (540 in chips) 
Seat 3: Maaazas (520 in chips) 
Mahu2021: posts small blind 10
kim10001: posts big blind 20
*** HOLE CARDS ***
Dealt to Mahu2021 [5s 5c]
Maaazas: folds 
Mahu2021: raises 20 to 40
kim10001: calls 20
*** FLOP *** [3h 3c 6c]
Mahu2021: bets 40
kim10001: calls 40
*** TURN *** [3h 3c 6c] [4s]
Mahu2021: bets 160
kim10001: calls 160
*** RIVER *** [3h 3c 6c 4s] [8c]
Mahu2021: bets 200 and is all-in
kim10001: calls 200
*** SHOW DOWN ***
Mahu2021: shows [5s 5c] (two pair, Fives and Threes)
kim10001: shows [Kc 4h] (two pair, Fours and Threes)
Mahu2021 collected 880 from pot
*** SUMMARY ***
Total pot 880 | Rake 0 
Board [3h 3c 6c 4s 8c]
Seat 1: Mahu2021 (small blind) showed [5s 5c] and won (880) with two pair, Fives and Threes
Seat 2: kim10001 (big blind) showed [Kc 4h] and lost with two pair, Fours and Threes
Seat 3: Maaazas (button) folded before Flop (didn't bet)



PokerStars Hand #249597076200: Tournament #3733005764, $1.84+$0.16 USD Hold'em No Limit - Level I (10/20) - 2024/03/24 17:06:12 CET [2024/03/24 12:06:12 ET]
Table '3733005764 1' 3-max Seat #1 is the button
Seat 1: Mahu2021 (880 in chips) 
Seat 2: kim10001 (100 in chips) 
Seat 3: Maaazas (520 in chips) 
kim10001: posts small blind 10
Maaazas: posts big blind 20
*** HOLE CARDS ***
Dealt to Mahu2021 [9c 5h]
Mahu2021: folds 
kim10001: raises 80 to 100 and is all-in
Maaazas: folds 
Uncalled bet (80) returned to kim10001
kim10001 collected 40 from pot
kim10001: doesn't show hand 
*** SUMMARY ***
Total pot 40 | Rake 0 
Seat 1: Mahu2021 (button) folded before Flop (didn't bet)
Seat 2: kim10001 (small blind) collected (40)
Seat 3: Maaazas (big blind) folded before Flop



PokerStars Hand #249597079209: Tournament #3733005764, $1.84+$0.16 USD Hold'em No Limit - Level I (10/20) - 2024/03/24 17:06:22 CET [2024/03/24 12:06:22 ET]
Table '3733005764 1' 3-max Seat #2 is the button
Seat 1: Mahu2021 (880 in chips) 
Seat 2: kim10001 (120 in chips) 
Seat 3: Maaazas (500 in chips) 
Maaazas: posts small blind 10
Mahu2021: posts big blind 20
*** HOLE CARDS ***
Dealt to Mahu2021 [Js 6s]
kim10001: raises 100 to 120 and is all-in
Maaazas: raises 380 to 500 and is all-in
Mahu2021: folds 
Uncalled bet (380) returned to Maaazas
*** FLOP *** [Td 3d 9d]
*** TURN *** [Td 3d 9d] [5h]
*** RIVER *** [Td 3d 9d 5h] [Qh]
*** SHOW DOWN ***
Maaazas: shows [8d 8c] (a pair of Eights)
kim10001: shows [6d Ac] (high card Ace)
Maaazas collected 260 from pot
kim10001 finished the tournament in 3rd place
*** SUMMARY ***
Total pot 260 | Rake 0 
Board [Td 3d 9d 5h Qh]
Seat 1: Mahu2021 (big blind) folded before Flop
Seat 2: kim10001 (button) showed [6d Ac] and lost with high card Ace
Seat 3: Maaazas (small blind) showed [8d 8c] and won (260) with a pair of Eights



PokerStars Hand #249597085101: Tournament #3733005764, $1.84+$0.16 USD Hold'em No Limit - Level I (10/20) - 2024/03/24 17:06:41 CET [2024/03/24 12:06:41 ET]
Table '3733005764 1' 3-max Seat #1 is the button
Seat 1: Mahu2021 (860 in chips) 
Seat 3: Maaazas (640 in chips) 
Mahu2021: posts small blind 10
Maaazas: posts big blind 20
*** HOLE CARDS ***
Dealt to Mahu2021 [5d 4d]
Mahu2021: raises 20 to 40
Maaazas: calls 20
*** FLOP *** [Qs 9d Jd]
Maaazas: checks 
Mahu2021: bets 40
Maaazas: calls 40
*** TURN *** [Qs 9d Jd] [7h]
Maaazas: checks 
Mahu2021: checks 
*** RIVER *** [Qs 9d Jd 7h] [Jc]
Maaazas: bets 80
Mahu2021: folds 
Uncalled bet (80) returned to Maaazas
Maaazas collected 160 from pot
*** SUMMARY ***
Total pot 160 | Rake 0 
Board [Qs 9d Jd 7h Jc]
Seat 1: Mahu2021 (button) (small blind) folded on the River
Seat 3: Maaazas (big blind) collected (160)



PokerStars Hand #249597092477: Tournament #3733005764, $1.84+$0.16 USD Hold'em No Limit - Level I (10/20) - 2024/03/24 17:07:05 CET [2024/03/24 12:07:05 ET]
Table '3733005764 1' 3-max Seat #3 is the button
Seat 1: Mahu2021 (780 in chips) 
Seat 3: Maaazas (720 in chips) 
Maaazas: posts small blind 10
Mahu2021: posts big blind 20
*** HOLE CARDS ***
Dealt to Mahu2021 [8d Tc]
Maaazas: raises 20 to 40
Mahu2021: calls 20
*** FLOP *** [5s 9s 9h]
Mahu2021: checks 
Maaazas: bets 50
Mahu2021: folds 
Uncalled bet (50) returned to Maaazas
Maaazas collected 80 from pot
*** SUMMARY ***
Total pot 80 | Rake 0 
Board [5s 9s 9h]
Seat 1: Mahu2021 (big blind) folded on the Flop
Seat 3: Maaazas (button) (small blind) collected (80)



PokerStars Hand #249597095775: Tournament #3733005764, $1.84+$0.16 USD Hold'em No Limit - Level I (10/20) - 2024/03/24 17:07:16 CET [2024/03/24 12:07:16 ET]
Table '3733005764 1' 3-max Seat #1 is the button
Seat 1: Mahu2021 (740 in chips) 
Seat 3: Maaazas (760 in chips) 
Mahu2021: posts small blind 10
Maaazas: posts big blind 20
*** HOLE CARDS ***
Dealt to Mahu2021 [Th Kd]
Mahu2021: raises 20 to 40
Maaazas: calls 20
*** FLOP *** [4c Ac 2h]
Maaazas: checks 
Mahu2021: checks 
*** TURN *** [4c Ac 2h] [7d]
Maaazas: checks 
Mahu2021: bets 40
Maaazas: calls 40
*** RIVER *** [4c Ac 2h 7d] [Ah]
Maaazas: checks 
Mahu2021: bets 160
Maaazas: folds 
Uncalled bet (160) returned to Mahu2021
Mahu2021 collected 160 from pot
Mahu2021: doesn't show hand 
*** SUMMARY ***
Total pot 160 | Rake 0 
Board [4c Ac 2h 7d Ah]
Seat 1: Mahu2021 (button) (small blind) collected (160)
Seat 3: Maaazas (big blind) folded on the River



PokerStars Hand #249597108403: Tournament #3733005764, $1.84+$0.16 USD Hold'em No Limit - Level I (10/20) - 2024/03/24 17:07:57 CET [2024/03/24 12:07:57 ET]
Table '3733005764 1' 3-max Seat #3 is the button
Seat 1: Mahu2021 (820 in chips) 
Seat 3: Maaazas (680 in chips) 
Maaazas: posts small blind 10
Mahu2021: posts big blind 20
*** HOLE CARDS ***
Dealt to Mahu2021 [4d 9h]
Maaazas: raises 20 to 40
Mahu2021: folds 
Uncalled bet (20) returned to Maaazas
Maaazas collected 40 from pot
*** SUMMARY ***
Total pot 40 | Rake 0 
Seat 1: Mahu2021 (big blind) folded before Flop
Seat 3: Maaazas (button) (small blind) collected (40)



PokerStars Hand #249597110105: Tournament #3733005764, $1.84+$0.16 USD Hold'em No Limit - Level I (10/20) - 2024/03/24 17:08:02 CET [2024/03/24 12:08:02 ET]
Table '3733005764 1' 3-max Seat #1 is the button
Seat 1: Mahu2021 (800 in chips) 
Seat 3: Maaazas (700 in chips) 
Mahu2021: posts small blind 10
Maaazas: posts big blind 20
*** HOLE CARDS ***
Dealt to Mahu2021 [Ks Ah]
Mahu2021: raises 20 to 40
Maaazas: calls 20
*** FLOP *** [5s Jc 7c]
Maaazas: checks 
Mahu2021: checks 
*** TURN *** [5s Jc 7c] [3c]
Maaazas: bets 29
Mahu2021: folds 
Uncalled bet (29) returned to Maaazas
Maaazas collected 80 from pot
*** SUMMARY ***
Total pot 80 | Rake 0 
Board [5s Jc 7c 3c]
Seat 1: Mahu2021 (button) (small blind) folded on the Turn
Seat 3: Maaazas (big blind) collected (80)



PokerStars Hand #249597116288: Tournament #3733005764, $1.84+$0.16 USD Hold'em No Limit - Level II (15/30) - 2024/03/24 17:08:23 CET [2024/03/24 12:08:23 ET]
Table '3733005764 1' 3-max Seat #3 is the button
Seat 1: Mahu2021 (760 in chips) 
Seat 3: Maaazas (740 in chips) 
Maaazas: posts small blind 15
Mahu2021: posts big blind 30
*** HOLE CARDS ***
Dealt to Mahu2021 [7h Jc]
Maaazas: calls 15
Mahu2021: checks 
*** FLOP *** [Tc Qd 7s]
Mahu2021: checks 
Maaazas: checks 
*** TURN *** [Tc Qd 7s] [2h]
Mahu2021: checks 
Maaazas: bets 30
Mahu2021: calls 30
*** RIVER *** [Tc Qd 7s 2h] [Qs]
Mahu2021: checks 
Maaazas: checks 
*** SHOW DOWN ***
Mahu2021: shows [7h Jc] (two pair, Queens and Sevens)
Maaazas: mucks hand 
Mahu2021 collected 120 from pot
*** SUMMARY ***
Total pot 120 | Rake 0 
Board [Tc Qd 7s 2h Qs]
Seat 1: Mahu2021 (big blind) showed [7h Jc] and won (120) with two pair, Queens and Sevens
Seat 3: Maaazas (button) (small blind) mucked [2d 3c]



PokerStars Hand #249597122958: Tournament #3733005764, $1.84+$0.16 USD Hold'em No Limit - Level II (15/30) - 2024/03/24 17:08:44 CET [2024/03/24 12:08:44 ET]
Table '3733005764 1' 3-max Seat #1 is the button
Seat 1: Mahu2021 (820 in chips) 
Seat 3: Maaazas (680 in chips) 
Mahu2021: posts small blind 15
Maaazas: posts big blind 30
*** HOLE CARDS ***
Dealt to Mahu2021 [As 5c]
Mahu2021: raises 30 to 60
Maaazas: calls 30
*** FLOP *** [Qc Jc 6s]
Maaazas: checks 
Mahu2021: checks 
*** TURN *** [Qc Jc 6s] [Td]
Maaazas: bets 43
Mahu2021: calls 43
*** RIVER *** [Qc Jc 6s Td] [9h]
Maaazas: bets 60
Mahu2021: folds 
Uncalled bet (60) returned to Maaazas
Maaazas collected 206 from pot
*** SUMMARY ***
Total pot 206 | Rake 0 
Board [Qc Jc 6s Td 9h]
Seat 1: Mahu2021 (button) (small blind) folded on the River
Seat 3: Maaazas (big blind) collected (206)



PokerStars Hand #249597129259: Tournament #3733005764, $1.84+$0.16 USD Hold'em No Limit - Level II (15/30) - 2024/03/24 17:09:05 CET [2024/03/24 12:09:05 ET]
Table '3733005764 1' 3-max Seat #3 is the button
Seat 1: Mahu2021 (717 in chips) 
Seat 3: Maaazas (783 in chips) 
Maaazas: posts small blind 15
Mahu2021: posts big blind 30
*** HOLE CARDS ***
Dealt to Mahu2021 [Ts 6c]
Maaazas: raises 30 to 60
Mahu2021: folds 
Uncalled bet (30) returned to Maaazas
Maaazas collected 60 from pot
*** SUMMARY ***
Total pot 60 | Rake 0 
Seat 1: Mahu2021 (big blind) folded before Flop
Seat 3: Maaazas (button) (small blind) collected (60)



PokerStars Hand #249597131183: Tournament #3733005764, $1.84+$0.16 USD Hold'em No Limit - Level II (15/30) - 2024/03/24 17:09:11 CET [2024/03/24 12:09:11 ET]
Table '3733005764 1' 3-max Seat #1 is the button
Seat 1: Mahu2021 (687 in chips) 
Seat 3: Maaazas (813 in chips) 
Mahu2021: posts small blind 15
Maaazas: posts big blind 30
*** HOLE CARDS ***
Dealt to Mahu2021 [As Ad]
Mahu2021: raises 657 to 687 and is all-in
Maaazas: calls 657
*** FLOP *** [8d Qd Qh]
*** TURN *** [8d Qd Qh] [7s]
*** RIVER *** [8d Qd Qh 7s] [Kd]
*** SHOW DOWN ***
Maaazas: shows [Qs Kc] (a full house, Queens full of Kings)
Mahu2021: shows [As Ad] (two pair, Aces and Queens)
Maaazas collected 1374 from pot
Mahu2021 finished the tournament in 2nd place
Maaazas wins the tournament and receives $6.00 - congratulations!
*** SUMMARY ***
Total pot 1374 | Rake 0 
Board [8d Qd Qh 7s Kd]
Seat 1: Mahu2021 (button) (small blind) showed [As Ad] and lost with two pair, Aces and Queens
Seat 3: Maaazas (big blind) showed [Qs Kc] and won (1374) with a full house, Queens full of Kings



