PokerStars Hand #252840274944: Tournament #3809904715, $1.84+$0.16 USD Hold'em No Limit - Level I (10/20) - 2024/10/09 12:23:08 CET [2024/10/09 6:23:08 ET]
Table '3809904715 1' 3-max Seat #1 is the button
Seat 1: Professor1986 (500 in chips) 
Seat 2: Mahu2021 (500 in chips) 
Seat 3: botrinos777 (500 in chips) 
Mahu2021: posts small blind 10
botrinos777: posts big blind 20
*** HOLE CARDS ***
Dealt to Mahu2021 [Ts 4c]
Professor1986: folds 
Mahu2021: folds 
Uncalled bet (10) returned to botrinos777
botrinos777 collected 20 from pot
botrinos777: doesn't show hand 
*** SUMMARY ***
Total pot 20 | Rake 0 
Seat 1: Professor1986 (button) folded before Flop (didn't bet)
Seat 2: Mahu2021 (small blind) folded before Flop
Seat 3: botrinos777 (big blind) collected (20)



PokerStars Hand #252840275538: Tournament #3809904715, $1.84+$0.16 USD Hold'em No Limit - Level I (10/20) - 2024/10/09 12:23:13 CET [2024/10/09 6:23:13 ET]
Table '3809904715 1' 3-max Seat #2 is the button
Seat 1: Professor1986 (500 in chips) 
Seat 2: Mahu2021 (490 in chips) 
Seat 3: botrinos777 (510 in chips) 
botrinos777: posts small blind 10
Professor1986: posts big blind 20
*** HOLE CARDS ***
Dealt to Mahu2021 [4h 9h]
Mahu2021: folds 
botrinos777: raises 20 to 40
Professor1986: calls 20
*** FLOP *** [5h Ah Ts]
botrinos777: checks 
Professor1986: bets 20
botrinos777: folds 
Uncalled bet (20) returned to Professor1986
Professor1986 collected 80 from pot
Professor1986: doesn't show hand 
*** SUMMARY ***
Total pot 80 | Rake 0 
Board [5h Ah Ts]
Seat 1: Professor1986 (big blind) collected (80)
Seat 2: Mahu2021 (button) folded before Flop (didn't bet)
Seat 3: botrinos777 (small blind) folded on the Flop



PokerStars Hand #252840277801: Tournament #3809904715, $1.84+$0.16 USD Hold'em No Limit - Level I (10/20) - 2024/10/09 12:23:32 CET [2024/10/09 6:23:32 ET]
Table '3809904715 1' 3-max Seat #3 is the button
Seat 1: Professor1986 (540 in chips) 
Seat 2: Mahu2021 (490 in chips) 
Seat 3: botrinos777 (470 in chips) 
Professor1986: posts small blind 10
Mahu2021: posts big blind 20
*** HOLE CARDS ***
Dealt to Mahu2021 [2h As]
botrinos777: folds 
Professor1986: raises 20 to 40
Mahu2021: calls 20
*** FLOP *** [5d Tc Js]
Professor1986: bets 26
Mahu2021: folds 
Uncalled bet (26) returned to Professor1986
Professor1986 collected 80 from pot
Professor1986: doesn't show hand 
*** SUMMARY ***
Total pot 80 | Rake 0 
Board [5d Tc Js]
Seat 1: Professor1986 (small blind) collected (80)
Seat 2: Mahu2021 (big blind) folded on the Flop
Seat 3: botrinos777 (button) folded before Flop (didn't bet)



PokerStars Hand #252840279480: Tournament #3809904715, $1.84+$0.16 USD Hold'em No Limit - Level I (10/20) - 2024/10/09 12:23:45 CET [2024/10/09 6:23:45 ET]
Table '3809904715 1' 3-max Seat #1 is the button
Seat 1: Professor1986 (580 in chips) 
Seat 2: Mahu2021 (450 in chips) 
Seat 3: botrinos777 (470 in chips) 
Mahu2021: posts small blind 10
botrinos777: posts big blind 20
*** HOLE CARDS ***
Dealt to Mahu2021 [8d 3d]
Professor1986: raises 20 to 40
Mahu2021: folds 
botrinos777: calls 20
*** FLOP *** [5h 5c 8h]
botrinos777: bets 40
Professor1986: folds 
Uncalled bet (40) returned to botrinos777
botrinos777 collected 90 from pot
botrinos777: doesn't show hand 
*** SUMMARY ***
Total pot 90 | Rake 0 
Board [5h 5c 8h]
Seat 1: Professor1986 (button) folded on the Flop
Seat 2: Mahu2021 (small blind) folded before Flop
Seat 3: botrinos777 (big blind) collected (90)



PokerStars Hand #252840281049: Tournament #3809904715, $1.84+$0.16 USD Hold'em No Limit - Level I (10/20) - 2024/10/09 12:23:58 CET [2024/10/09 6:23:58 ET]
Table '3809904715 1' 3-max Seat #2 is the button
Seat 1: Professor1986 (540 in chips) 
Seat 2: Mahu2021 (440 in chips) 
Seat 3: botrinos777 (520 in chips) 
botrinos777: posts small blind 10
Professor1986: posts big blind 20
*** HOLE CARDS ***
Dealt to Mahu2021 [6d 4s]
Mahu2021: folds 
botrinos777: folds 
Uncalled bet (10) returned to Professor1986
Professor1986 collected 20 from pot
Professor1986: doesn't show hand 
*** SUMMARY ***
Total pot 20 | Rake 0 
Seat 1: Professor1986 (big blind) collected (20)
Seat 2: Mahu2021 (button) folded before Flop (didn't bet)
Seat 3: botrinos777 (small blind) folded before Flop



PokerStars Hand #252840281787: Tournament #3809904715, $1.84+$0.16 USD Hold'em No Limit - Level I (10/20) - 2024/10/09 12:24:04 CET [2024/10/09 6:24:04 ET]
Table '3809904715 1' 3-max Seat #3 is the button
Seat 1: Professor1986 (550 in chips) 
Seat 2: Mahu2021 (440 in chips) 
Seat 3: botrinos777 (510 in chips) 
Professor1986: posts small blind 10
Mahu2021: posts big blind 20
*** HOLE CARDS ***
Dealt to Mahu2021 [4c 6s]
botrinos777: raises 20 to 40
Professor1986: folds 
Mahu2021: calls 20
*** FLOP *** [8h Tc 4s]
Mahu2021: checks 
botrinos777: checks 
*** TURN *** [8h Tc 4s] [Ah]
Mahu2021: checks 
botrinos777: checks 
*** RIVER *** [8h Tc 4s Ah] [Qs]
Mahu2021: checks 
botrinos777: bets 40
Mahu2021: calls 40
*** SHOW DOWN ***
botrinos777: shows [Jd Kc] (a straight, Ten to Ace)
Mahu2021: mucks hand 
botrinos777 collected 170 from pot
*** SUMMARY ***
Total pot 170 | Rake 0 
Board [8h Tc 4s Ah Qs]
Seat 1: Professor1986 (small blind) folded before Flop
Seat 2: Mahu2021 (big blind) mucked [4c 6s]
Seat 3: botrinos777 (button) showed [Jd Kc] and won (170) with a straight, Ten to Ace



PokerStars Hand #252840284284: Tournament #3809904715, $1.84+$0.16 USD Hold'em No Limit - Level I (10/20) - 2024/10/09 12:24:24 CET [2024/10/09 6:24:24 ET]
Table '3809904715 1' 3-max Seat #1 is the button
Seat 1: Professor1986 (540 in chips) 
Seat 2: Mahu2021 (360 in chips) 
Seat 3: botrinos777 (600 in chips) 
Mahu2021: posts small blind 10
botrinos777: posts big blind 20
*** HOLE CARDS ***
Dealt to Mahu2021 [9h 3c]
Professor1986: raises 20 to 40
Mahu2021: folds 
botrinos777: calls 20
*** FLOP *** [6d Jd 4h]
botrinos777: bets 20
Professor1986: calls 20
*** TURN *** [6d Jd 4h] [6s]
botrinos777: bets 20
Professor1986: calls 20
*** RIVER *** [6d Jd 4h 6s] [6c]
botrinos777: bets 20
Professor1986: calls 20
*** SHOW DOWN ***
botrinos777: shows [7h 5h] (three of a kind, Sixes)
Professor1986: shows [Ad Th] (three of a kind, Sixes - Ace kicker)
Professor1986 collected 210 from pot
*** SUMMARY ***
Total pot 210 | Rake 0 
Board [6d Jd 4h 6s 6c]
Seat 1: Professor1986 (button) showed [Ad Th] and won (210) with three of a kind, Sixes
Seat 2: Mahu2021 (small blind) folded before Flop
Seat 3: botrinos777 (big blind) showed [7h 5h] and lost with three of a kind, Sixes



PokerStars Hand #252840287719: Tournament #3809904715, $1.84+$0.16 USD Hold'em No Limit - Level I (10/20) - 2024/10/09 12:24:51 CET [2024/10/09 6:24:51 ET]
Table '3809904715 1' 3-max Seat #2 is the button
Seat 1: Professor1986 (650 in chips) 
Seat 2: Mahu2021 (350 in chips) 
Seat 3: botrinos777 (500 in chips) 
botrinos777: posts small blind 10
Professor1986: posts big blind 20
*** HOLE CARDS ***
Dealt to Mahu2021 [7d 3s]
Mahu2021: folds 
botrinos777: folds 
Uncalled bet (10) returned to Professor1986
Professor1986 collected 20 from pot
Professor1986: doesn't show hand 
*** SUMMARY ***
Total pot 20 | Rake 0 
Seat 1: Professor1986 (big blind) collected (20)
Seat 2: Mahu2021 (button) folded before Flop (didn't bet)
Seat 3: botrinos777 (small blind) folded before Flop



PokerStars Hand #252840288419: Tournament #3809904715, $1.84+$0.16 USD Hold'em No Limit - Level I (10/20) - 2024/10/09 12:24:57 CET [2024/10/09 6:24:57 ET]
Table '3809904715 1' 3-max Seat #3 is the button
Seat 1: Professor1986 (660 in chips) 
Seat 2: Mahu2021 (350 in chips) 
Seat 3: botrinos777 (490 in chips) 
Professor1986: posts small blind 10
Mahu2021: posts big blind 20
*** HOLE CARDS ***
Dealt to Mahu2021 [Ad 3h]
botrinos777: folds 
Professor1986: calls 10
Mahu2021: checks 
*** FLOP *** [Kh Jh 9c]
Professor1986: checks 
Mahu2021: checks 
*** TURN *** [Kh Jh 9c] [Kd]
Professor1986: checks 
Mahu2021: checks 
*** RIVER *** [Kh Jh 9c Kd] [Js]
Professor1986: checks 
Mahu2021: bets 40
Professor1986: folds 
Uncalled bet (40) returned to Mahu2021
Mahu2021 collected 40 from pot
Mahu2021: doesn't show hand 
*** SUMMARY ***
Total pot 40 | Rake 0 
Board [Kh Jh 9c Kd Js]
Seat 1: Professor1986 (small blind) folded on the River
Seat 2: Mahu2021 (big blind) collected (40)
Seat 3: botrinos777 (button) folded before Flop (didn't bet)



PokerStars Hand #252840290739: Tournament #3809904715, $1.84+$0.16 USD Hold'em No Limit - Level II (15/30) - 2024/10/09 12:25:16 CET [2024/10/09 6:25:16 ET]
Table '3809904715 1' 3-max Seat #1 is the button
Seat 1: Professor1986 (640 in chips) 
Seat 2: Mahu2021 (370 in chips) 
Seat 3: botrinos777 (490 in chips) 
Mahu2021: posts small blind 15
botrinos777: posts big blind 30
*** HOLE CARDS ***
Dealt to Mahu2021 [7h 8c]
Professor1986: raises 30 to 60
Mahu2021: folds 
botrinos777: calls 30
*** FLOP *** [7d Ad 2s]
botrinos777: checks 
Professor1986: bets 45
botrinos777: folds 
Uncalled bet (45) returned to Professor1986
Professor1986 collected 135 from pot
Professor1986: doesn't show hand 
*** SUMMARY ***
Total pot 135 | Rake 0 
Board [7d Ad 2s]
Seat 1: Professor1986 (button) collected (135)
Seat 2: Mahu2021 (small blind) folded before Flop
Seat 3: botrinos777 (big blind) folded on the Flop



PokerStars Hand #252840292278: Tournament #3809904715, $1.84+$0.16 USD Hold'em No Limit - Level II (15/30) - 2024/10/09 12:25:28 CET [2024/10/09 6:25:28 ET]
Table '3809904715 1' 3-max Seat #2 is the button
Seat 1: Professor1986 (715 in chips) 
Seat 2: Mahu2021 (355 in chips) 
Seat 3: botrinos777 (430 in chips) 
botrinos777: posts small blind 15
Professor1986: posts big blind 30
*** HOLE CARDS ***
Dealt to Mahu2021 [5h 7d]
Mahu2021: folds 
botrinos777: folds 
Uncalled bet (15) returned to Professor1986
Professor1986 collected 30 from pot
Professor1986: doesn't show hand 
*** SUMMARY ***
Total pot 30 | Rake 0 
Seat 1: Professor1986 (big blind) collected (30)
Seat 2: Mahu2021 (button) folded before Flop (didn't bet)
Seat 3: botrinos777 (small blind) folded before Flop



PokerStars Hand #252840292848: Tournament #3809904715, $1.84+$0.16 USD Hold'em No Limit - Level II (15/30) - 2024/10/09 12:25:33 CET [2024/10/09 6:25:33 ET]
Table '3809904715 1' 3-max Seat #3 is the button
Seat 1: Professor1986 (730 in chips) 
Seat 2: Mahu2021 (355 in chips) 
Seat 3: botrinos777 (415 in chips) 
Professor1986: posts small blind 15
Mahu2021: posts big blind 30
*** HOLE CARDS ***
Dealt to Mahu2021 [3c Ad]
botrinos777: folds 
Professor1986: calls 15
Mahu2021: checks 
*** FLOP *** [8c 3d 4h]
Professor1986: checks 
Mahu2021: bets 30
Professor1986: folds 
Uncalled bet (30) returned to Mahu2021
Mahu2021 collected 60 from pot
Mahu2021: doesn't show hand 
*** SUMMARY ***
Total pot 60 | Rake 0 
Board [8c 3d 4h]
Seat 1: Professor1986 (small blind) folded on the Flop
Seat 2: Mahu2021 (big blind) collected (60)
Seat 3: botrinos777 (button) folded before Flop (didn't bet)



PokerStars Hand #252840294252: Tournament #3809904715, $1.84+$0.16 USD Hold'em No Limit - Level II (15/30) - 2024/10/09 12:25:44 CET [2024/10/09 6:25:44 ET]
Table '3809904715 1' 3-max Seat #1 is the button
Seat 1: Professor1986 (700 in chips) 
Seat 2: Mahu2021 (385 in chips) 
Seat 3: botrinos777 (415 in chips) 
Mahu2021: posts small blind 15
botrinos777: posts big blind 30
*** HOLE CARDS ***
Dealt to Mahu2021 [4d Ts]
Professor1986: raises 670 to 700 and is all-in
Mahu2021: folds 
botrinos777: folds 
Uncalled bet (670) returned to Professor1986
Professor1986 collected 75 from pot
Professor1986: doesn't show hand 
*** SUMMARY ***
Total pot 75 | Rake 0 
Seat 1: Professor1986 (button) collected (75)
Seat 2: Mahu2021 (small blind) folded before Flop
Seat 3: botrinos777 (big blind) folded before Flop



PokerStars Hand #252840295073: Tournament #3809904715, $1.84+$0.16 USD Hold'em No Limit - Level II (15/30) - 2024/10/09 12:25:51 CET [2024/10/09 6:25:51 ET]
Table '3809904715 1' 3-max Seat #2 is the button
Seat 1: Professor1986 (745 in chips) 
Seat 2: Mahu2021 (370 in chips) 
Seat 3: botrinos777 (385 in chips) 
botrinos777: posts small blind 15
Professor1986: posts big blind 30
*** HOLE CARDS ***
Dealt to Mahu2021 [4h 9h]
Mahu2021: folds 
botrinos777: folds 
Uncalled bet (15) returned to Professor1986
Professor1986 collected 30 from pot
Professor1986: doesn't show hand 
*** SUMMARY ***
Total pot 30 | Rake 0 
Seat 1: Professor1986 (big blind) collected (30)
Seat 2: Mahu2021 (button) folded before Flop (didn't bet)
Seat 3: botrinos777 (small blind) folded before Flop



PokerStars Hand #252840295749: Tournament #3809904715, $1.84+$0.16 USD Hold'em No Limit - Level II (15/30) - 2024/10/09 12:25:57 CET [2024/10/09 6:25:57 ET]
Table '3809904715 1' 3-max Seat #3 is the button
Seat 1: Professor1986 (760 in chips) 
Seat 2: Mahu2021 (370 in chips) 
Seat 3: botrinos777 (370 in chips) 
Professor1986: posts small blind 15
Mahu2021: posts big blind 30
*** HOLE CARDS ***
Dealt to Mahu2021 [6d 7c]
botrinos777: folds 
Professor1986: calls 15
Mahu2021: checks 
*** FLOP *** [5c 8s Qh]
Professor1986: bets 30
Mahu2021: calls 30
*** TURN *** [5c 8s Qh] [Qc]
Professor1986: bets 40
Mahu2021: calls 40
*** RIVER *** [5c 8s Qh Qc] [5h]
Professor1986: checks 
Mahu2021: checks 
*** SHOW DOWN ***
Professor1986: shows [6c 8d] (two pair, Queens and Eights)
Mahu2021: mucks hand 
Professor1986 collected 200 from pot
*** SUMMARY ***
Total pot 200 | Rake 0 
Board [5c 8s Qh Qc 5h]
Seat 1: Professor1986 (small blind) showed [6c 8d] and won (200) with two pair, Queens and Eights
Seat 2: Mahu2021 (big blind) mucked [6d 7c]
Seat 3: botrinos777 (button) folded before Flop (didn't bet)



PokerStars Hand #252840297957: Tournament #3809904715, $1.84+$0.16 USD Hold'em No Limit - Level II (15/30) - 2024/10/09 12:26:14 CET [2024/10/09 6:26:14 ET]
Table '3809904715 1' 3-max Seat #1 is the button
Seat 1: Professor1986 (860 in chips) 
Seat 2: Mahu2021 (270 in chips) 
Seat 3: botrinos777 (370 in chips) 
Mahu2021: posts small blind 15
botrinos777: posts big blind 30
*** HOLE CARDS ***
Dealt to Mahu2021 [7s Jh]
Professor1986: folds 
Mahu2021: calls 15
botrinos777: checks 
*** FLOP *** [Qh Ac 4d]
Mahu2021: checks 
botrinos777: bets 30
Mahu2021: folds 
Uncalled bet (30) returned to botrinos777
botrinos777 collected 60 from pot
botrinos777: doesn't show hand 
*** SUMMARY ***
Total pot 60 | Rake 0 
Board [Qh Ac 4d]
Seat 1: Professor1986 (button) folded before Flop (didn't bet)
Seat 2: Mahu2021 (small blind) folded on the Flop
Seat 3: botrinos777 (big blind) collected (60)



PokerStars Hand #252840299443: Tournament #3809904715, $1.84+$0.16 USD Hold'em No Limit - Level II (15/30) - 2024/10/09 12:26:26 CET [2024/10/09 6:26:26 ET]
Table '3809904715 1' 3-max Seat #2 is the button
Seat 1: Professor1986 (860 in chips) 
Seat 2: Mahu2021 (240 in chips) 
Seat 3: botrinos777 (400 in chips) 
botrinos777: posts small blind 15
Professor1986: posts big blind 30
*** HOLE CARDS ***
Dealt to Mahu2021 [2d Ks]
Mahu2021: folds 
botrinos777: folds 
Uncalled bet (15) returned to Professor1986
Professor1986 collected 30 from pot
Professor1986: doesn't show hand 
*** SUMMARY ***
Total pot 30 | Rake 0 
Seat 1: Professor1986 (big blind) collected (30)
Seat 2: Mahu2021 (button) folded before Flop (didn't bet)
Seat 3: botrinos777 (small blind) folded before Flop



PokerStars Hand #252840300050: Tournament #3809904715, $1.84+$0.16 USD Hold'em No Limit - Level II (15/30) - 2024/10/09 12:26:31 CET [2024/10/09 6:26:31 ET]
Table '3809904715 1' 3-max Seat #3 is the button
Seat 1: Professor1986 (875 in chips) 
Seat 2: Mahu2021 (240 in chips) 
Seat 3: botrinos777 (385 in chips) 
Professor1986: posts small blind 15
Mahu2021: posts big blind 30
*** HOLE CARDS ***
Dealt to Mahu2021 [4d 7d]
botrinos777: folds 
Professor1986: raises 845 to 875 and is all-in
Mahu2021: folds 
Uncalled bet (845) returned to Professor1986
Professor1986 collected 60 from pot
Professor1986: doesn't show hand 
*** SUMMARY ***
Total pot 60 | Rake 0 
Seat 1: Professor1986 (small blind) collected (60)
Seat 2: Mahu2021 (big blind) folded before Flop
Seat 3: botrinos777 (button) folded before Flop (didn't bet)



PokerStars Hand #252840300925: Tournament #3809904715, $1.84+$0.16 USD Hold'em No Limit - Level II (15/30) - 2024/10/09 12:26:38 CET [2024/10/09 6:26:38 ET]
Table '3809904715 1' 3-max Seat #1 is the button
Seat 1: Professor1986 (905 in chips) 
Seat 2: Mahu2021 (210 in chips) 
Seat 3: botrinos777 (385 in chips) 
Mahu2021: posts small blind 15
botrinos777: posts big blind 30
*** HOLE CARDS ***
Dealt to Mahu2021 [2h 5c]
Professor1986: folds 
Mahu2021: folds 
Uncalled bet (15) returned to botrinos777
botrinos777 collected 30 from pot
botrinos777: doesn't show hand 
*** SUMMARY ***
Total pot 30 | Rake 0 
Seat 1: Professor1986 (button) folded before Flop (didn't bet)
Seat 2: Mahu2021 (small blind) folded before Flop
Seat 3: botrinos777 (big blind) collected (30)



PokerStars Hand #252840301476: Tournament #3809904715, $1.84+$0.16 USD Hold'em No Limit - Level II (15/30) - 2024/10/09 12:26:43 CET [2024/10/09 6:26:43 ET]
Table '3809904715 1' 3-max Seat #2 is the button
Seat 1: Professor1986 (905 in chips) 
Seat 2: Mahu2021 (195 in chips) 
Seat 3: botrinos777 (400 in chips) 
botrinos777: posts small blind 15
Professor1986: posts big blind 30
*** HOLE CARDS ***
Dealt to Mahu2021 [5d Tc]
Mahu2021: folds 
botrinos777: raises 30 to 60
Professor1986: calls 30
*** FLOP *** [Qs 3c 8s]
botrinos777: bets 60
Professor1986: folds 
Uncalled bet (60) returned to botrinos777
botrinos777 collected 120 from pot
botrinos777: doesn't show hand 
*** SUMMARY ***
Total pot 120 | Rake 0 
Board [Qs 3c 8s]
Seat 1: Professor1986 (big blind) folded on the Flop
Seat 2: Mahu2021 (button) folded before Flop (didn't bet)
Seat 3: botrinos777 (small blind) collected (120)



PokerStars Hand #252840303011: Tournament #3809904715, $1.84+$0.16 USD Hold'em No Limit - Level II (15/30) - 2024/10/09 12:26:56 CET [2024/10/09 6:26:56 ET]
Table '3809904715 1' 3-max Seat #3 is the button
Seat 1: Professor1986 (845 in chips) 
Seat 2: Mahu2021 (195 in chips) 
Seat 3: botrinos777 (460 in chips) 
Professor1986: posts small blind 15
Mahu2021: posts big blind 30
*** HOLE CARDS ***
Dealt to Mahu2021 [Qd 5d]
botrinos777: folds 
Professor1986: raises 815 to 845 and is all-in
Mahu2021: folds 
Uncalled bet (815) returned to Professor1986
Professor1986 collected 60 from pot
Professor1986: doesn't show hand 
*** SUMMARY ***
Total pot 60 | Rake 0 
Seat 1: Professor1986 (small blind) collected (60)
Seat 2: Mahu2021 (big blind) folded before Flop
Seat 3: botrinos777 (button) folded before Flop (didn't bet)



PokerStars Hand #252840304210: Tournament #3809904715, $1.84+$0.16 USD Hold'em No Limit - Level II (15/30) - 2024/10/09 12:27:05 CET [2024/10/09 6:27:05 ET]
Table '3809904715 1' 3-max Seat #1 is the button
Seat 1: Professor1986 (875 in chips) 
Seat 2: Mahu2021 (165 in chips) 
Seat 3: botrinos777 (460 in chips) 
Mahu2021: posts small blind 15
botrinos777: posts big blind 30
*** HOLE CARDS ***
Dealt to Mahu2021 [5h Ts]
Professor1986: folds 
Mahu2021: folds 
Uncalled bet (15) returned to botrinos777
botrinos777 collected 30 from pot
botrinos777: doesn't show hand 
*** SUMMARY ***
Total pot 30 | Rake 0 
Seat 1: Professor1986 (button) folded before Flop (didn't bet)
Seat 2: Mahu2021 (small blind) folded before Flop
Seat 3: botrinos777 (big blind) collected (30)



PokerStars Hand #252840304744: Tournament #3809904715, $1.84+$0.16 USD Hold'em No Limit - Level II (15/30) - 2024/10/09 12:27:09 CET [2024/10/09 6:27:09 ET]
Table '3809904715 1' 3-max Seat #2 is the button
Seat 1: Professor1986 (875 in chips) 
Seat 2: Mahu2021 (150 in chips) 
Seat 3: botrinos777 (475 in chips) 
botrinos777: posts small blind 15
Professor1986: posts big blind 30
*** HOLE CARDS ***
Dealt to Mahu2021 [3c 4h]
Mahu2021: folds 
botrinos777: folds 
Uncalled bet (15) returned to Professor1986
Professor1986 collected 30 from pot
Professor1986: doesn't show hand 
*** SUMMARY ***
Total pot 30 | Rake 0 
Seat 1: Professor1986 (big blind) collected (30)
Seat 2: Mahu2021 (button) folded before Flop (didn't bet)
Seat 3: botrinos777 (small blind) folded before Flop



PokerStars Hand #252840305861: Tournament #3809904715, $1.84+$0.16 USD Hold'em No Limit - Level III (20/40) - 2024/10/09 12:27:18 CET [2024/10/09 6:27:18 ET]
Table '3809904715 1' 3-max Seat #3 is the button
Seat 1: Professor1986 (890 in chips) 
Seat 2: Mahu2021 (150 in chips) 
Seat 3: botrinos777 (460 in chips) 
Professor1986: posts small blind 20
Mahu2021: posts big blind 40
*** HOLE CARDS ***
Dealt to Mahu2021 [8h 6d]
botrinos777: folds 
Professor1986: folds 
Uncalled bet (20) returned to Mahu2021
Mahu2021 collected 40 from pot
Mahu2021: doesn't show hand 
*** SUMMARY ***
Total pot 40 | Rake 0 
Seat 1: Professor1986 (small blind) folded before Flop
Seat 2: Mahu2021 (big blind) collected (40)
Seat 3: botrinos777 (button) folded before Flop (didn't bet)



PokerStars Hand #252840306410: Tournament #3809904715, $1.84+$0.16 USD Hold'em No Limit - Level III (20/40) - 2024/10/09 12:27:23 CET [2024/10/09 6:27:23 ET]
Table '3809904715 1' 3-max Seat #1 is the button
Seat 1: Professor1986 (870 in chips) 
Seat 2: Mahu2021 (170 in chips) 
Seat 3: botrinos777 (460 in chips) 
Mahu2021: posts small blind 20
botrinos777: posts big blind 40
*** HOLE CARDS ***
Dealt to Mahu2021 [5d 6h]
Professor1986: folds 
Mahu2021: folds 
Uncalled bet (20) returned to botrinos777
botrinos777 collected 40 from pot
botrinos777: doesn't show hand 
*** SUMMARY ***
Total pot 40 | Rake 0 
Seat 1: Professor1986 (button) folded before Flop (didn't bet)
Seat 2: Mahu2021 (small blind) folded before Flop
Seat 3: botrinos777 (big blind) collected (40)



PokerStars Hand #252840307018: Tournament #3809904715, $1.84+$0.16 USD Hold'em No Limit - Level III (20/40) - 2024/10/09 12:27:28 CET [2024/10/09 6:27:28 ET]
Table '3809904715 1' 3-max Seat #2 is the button
Seat 1: Professor1986 (870 in chips) 
Seat 2: Mahu2021 (150 in chips) 
Seat 3: botrinos777 (480 in chips) 
botrinos777: posts small blind 20
Professor1986: posts big blind 40
*** HOLE CARDS ***
Dealt to Mahu2021 [6c Qh]
Mahu2021: folds 
botrinos777: folds 
Uncalled bet (20) returned to Professor1986
Professor1986 collected 40 from pot
Professor1986: doesn't show hand 
*** SUMMARY ***
Total pot 40 | Rake 0 
Seat 1: Professor1986 (big blind) collected (40)
Seat 2: Mahu2021 (button) folded before Flop (didn't bet)
Seat 3: botrinos777 (small blind) folded before Flop



PokerStars Hand #252840307702: Tournament #3809904715, $1.84+$0.16 USD Hold'em No Limit - Level III (20/40) - 2024/10/09 12:27:33 CET [2024/10/09 6:27:33 ET]
Table '3809904715 1' 3-max Seat #3 is the button
Seat 1: Professor1986 (890 in chips) 
Seat 2: Mahu2021 (150 in chips) 
Seat 3: botrinos777 (460 in chips) 
Professor1986: posts small blind 20
Mahu2021: posts big blind 40
*** HOLE CARDS ***
Dealt to Mahu2021 [Kd 8h]
botrinos777: folds 
Professor1986: raises 850 to 890 and is all-in
Mahu2021: calls 110 and is all-in
Uncalled bet (740) returned to Professor1986
*** FLOP *** [As Kh 6s]
*** TURN *** [As Kh 6s] [3h]
*** RIVER *** [As Kh 6s 3h] [9c]
*** SHOW DOWN ***
Professor1986: shows [Js Qc] (high card Ace)
Mahu2021: shows [Kd 8h] (a pair of Kings)
Mahu2021 collected 300 from pot
*** SUMMARY ***
Total pot 300 | Rake 0 
Board [As Kh 6s 3h 9c]
Seat 1: Professor1986 (small blind) showed [Js Qc] and lost with high card Ace
Seat 2: Mahu2021 (big blind) showed [Kd 8h] and won (300) with a pair of Kings
Seat 3: botrinos777 (button) folded before Flop (didn't bet)



PokerStars Hand #252840309384: Tournament #3809904715, $1.84+$0.16 USD Hold'em No Limit - Level III (20/40) - 2024/10/09 12:27:46 CET [2024/10/09 6:27:46 ET]
Table '3809904715 1' 3-max Seat #1 is the button
Seat 1: Professor1986 (740 in chips) 
Seat 2: Mahu2021 (300 in chips) 
Seat 3: botrinos777 (460 in chips) 
Mahu2021: posts small blind 20
botrinos777: posts big blind 40
*** HOLE CARDS ***
Dealt to Mahu2021 [As 2d]
Professor1986: folds 
Mahu2021: calls 20
botrinos777: checks 
*** FLOP *** [3h Jd 3c]
Mahu2021: checks 
botrinos777: bets 80
Mahu2021: folds 
Uncalled bet (80) returned to botrinos777
botrinos777 collected 80 from pot
botrinos777: doesn't show hand 
*** SUMMARY ***
Total pot 80 | Rake 0 
Board [3h Jd 3c]
Seat 1: Professor1986 (button) folded before Flop (didn't bet)
Seat 2: Mahu2021 (small blind) folded on the Flop
Seat 3: botrinos777 (big blind) collected (80)



PokerStars Hand #252840311019: Tournament #3809904715, $1.84+$0.16 USD Hold'em No Limit - Level III (20/40) - 2024/10/09 12:27:59 CET [2024/10/09 6:27:59 ET]
Table '3809904715 1' 3-max Seat #2 is the button
Seat 1: Professor1986 (740 in chips) 
Seat 2: Mahu2021 (260 in chips) 
Seat 3: botrinos777 (500 in chips) 
botrinos777: posts small blind 20
Professor1986: posts big blind 40
*** HOLE CARDS ***
Dealt to Mahu2021 [Tc 8s]
Mahu2021: folds 
botrinos777: raises 40 to 80
Professor1986: folds 
Uncalled bet (40) returned to botrinos777
botrinos777 collected 80 from pot
botrinos777: doesn't show hand 
*** SUMMARY ***
Total pot 80 | Rake 0 
Seat 1: Professor1986 (big blind) folded before Flop
Seat 2: Mahu2021 (button) folded before Flop (didn't bet)
Seat 3: botrinos777 (small blind) collected (80)



PokerStars Hand #252840311928: Tournament #3809904715, $1.84+$0.16 USD Hold'em No Limit - Level III (20/40) - 2024/10/09 12:28:06 CET [2024/10/09 6:28:06 ET]
Table '3809904715 1' 3-max Seat #3 is the button
Seat 1: Professor1986 (700 in chips) 
Seat 2: Mahu2021 (260 in chips) 
Seat 3: botrinos777 (540 in chips) 
Professor1986: posts small blind 20
Mahu2021: posts big blind 40
*** HOLE CARDS ***
Dealt to Mahu2021 [Ts 7d]
botrinos777: folds 
Professor1986: raises 660 to 700 and is all-in
Mahu2021: folds 
Uncalled bet (660) returned to Professor1986
Professor1986 collected 80 from pot
Professor1986: doesn't show hand 
*** SUMMARY ***
Total pot 80 | Rake 0 
Seat 1: Professor1986 (small blind) collected (80)
Seat 2: Mahu2021 (big blind) folded before Flop
Seat 3: botrinos777 (button) folded before Flop (didn't bet)



PokerStars Hand #252840312687: Tournament #3809904715, $1.84+$0.16 USD Hold'em No Limit - Level III (20/40) - 2024/10/09 12:28:12 CET [2024/10/09 6:28:12 ET]
Table '3809904715 1' 3-max Seat #1 is the button
Seat 1: Professor1986 (740 in chips) 
Seat 2: Mahu2021 (220 in chips) 
Seat 3: botrinos777 (540 in chips) 
Mahu2021: posts small blind 20
botrinos777: posts big blind 40
*** HOLE CARDS ***
Dealt to Mahu2021 [9h Ac]
Professor1986: folds 
Mahu2021: raises 180 to 220 and is all-in
botrinos777: calls 180
*** FLOP *** [Jc 6s Qc]
*** TURN *** [Jc 6s Qc] [3d]
*** RIVER *** [Jc 6s Qc 3d] [7c]
*** SHOW DOWN ***
Mahu2021: shows [9h Ac] (high card Ace)
botrinos777: shows [Qh Kc] (a pair of Queens)
botrinos777 collected 440 from pot
Mahu2021 finished the tournament in 3rd place
*** SUMMARY ***
Total pot 440 | Rake 0 
Board [Jc 6s Qc 3d 7c]
Seat 1: Professor1986 (button) folded before Flop (didn't bet)
Seat 2: Mahu2021 (small blind) showed [9h Ac] and lost with high card Ace
Seat 3: botrinos777 (big blind) showed [Qh Kc] and won (440) with a pair of Queens



