PokerStars Hand #248740339867: Tournament #3712456475, $1.84+$0.16 USD Hold'em No Limit - Level I (10/20) - 2024/02/07 15:59:13 CET [2024/02/07 9:59:13 ET]
Table '3712456475 1' 3-max Seat #1 is the button
Seat 1: roimage07 (500 in chips) 
Seat 2: moneysniper45 (500 in chips) 
Seat 3: Mahu2021 (500 in chips) 
moneysniper45: posts small blind 10
Mahu2021: posts big blind 20
*** HOLE CARDS ***
Dealt to Mahu2021 [Js Kd]
roimage07: folds 
moneysniper45: raises 20 to 40
Mahu2021: calls 20
*** FLOP *** [Qc 5c Tc]
moneysniper45: checks 
Mahu2021: bets 40
moneysniper45: calls 40
*** TURN *** [Qc 5c Tc] [4d]
moneysniper45: checks 
Mahu2021: checks 
*** RIVER *** [Qc 5c Tc 4d] [6h]
moneysniper45: bets 80
Mahu2021: folds 
Uncalled bet (80) returned to moneysniper45
moneysniper45 collected 160 from pot
*** SUMMARY ***
Total pot 160 | Rake 0 
Board [Qc 5c Tc 4d 6h]
Seat 1: roimage07 (button) folded before Flop (didn't bet)
Seat 2: moneysniper45 (small blind) collected (160)
Seat 3: Mahu2021 (big blind) folded on the River



PokerStars Hand #248740344538: Tournament #3712456475, $1.84+$0.16 USD Hold'em No Limit - Level I (10/20) - 2024/02/07 15:59:38 CET [2024/02/07 9:59:38 ET]
Table '3712456475 1' 3-max Seat #2 is the button
Seat 1: roimage07 (500 in chips) 
Seat 2: moneysniper45 (580 in chips) 
Seat 3: Mahu2021 (420 in chips) 
Mahu2021: posts small blind 10
roimage07: posts big blind 20
*** HOLE CARDS ***
Dealt to Mahu2021 [5h Ah]
moneysniper45: folds 
Mahu2021: raises 20 to 40
roimage07: calls 20
*** FLOP *** [6d Qc 5c]
Mahu2021: bets 40
roimage07: calls 40
*** TURN *** [6d Qc 5c] [Ks]
Mahu2021: checks 
roimage07: checks 
*** RIVER *** [6d Qc 5c Ks] [8h]
Mahu2021: checks 
roimage07: checks 
*** SHOW DOWN ***
Mahu2021: shows [5h Ah] (a pair of Fives)
roimage07: shows [6c 5s] (two pair, Sixes and Fives)
roimage07 collected 160 from pot
*** SUMMARY ***
Total pot 160 | Rake 0 
Board [6d Qc 5c Ks 8h]
Seat 1: roimage07 (big blind) showed [6c 5s] and won (160) with two pair, Sixes and Fives
Seat 2: moneysniper45 (button) folded before Flop (didn't bet)
Seat 3: Mahu2021 (small blind) showed [5h Ah] and lost with a pair of Fives



PokerStars Hand #248740347813: Tournament #3712456475, $1.84+$0.16 USD Hold'em No Limit - Level I (10/20) - 2024/02/07 15:59:57 CET [2024/02/07 9:59:57 ET]
Table '3712456475 1' 3-max Seat #3 is the button
Seat 1: roimage07 (580 in chips) 
Seat 2: moneysniper45 (580 in chips) 
Seat 3: Mahu2021 (340 in chips) 
roimage07: posts small blind 10
moneysniper45: posts big blind 20
*** HOLE CARDS ***
Dealt to Mahu2021 [Ts 8s]
Mahu2021: raises 20 to 40
roimage07: folds 
moneysniper45: raises 20 to 60
Mahu2021: calls 20
*** FLOP *** [5c 3c 7h]
moneysniper45: bets 20
Mahu2021: folds 
Uncalled bet (20) returned to moneysniper45
moneysniper45 collected 130 from pot
*** SUMMARY ***
Total pot 130 | Rake 0 
Board [5c 3c 7h]
Seat 1: roimage07 (small blind) folded before Flop
Seat 2: moneysniper45 (big blind) collected (130)
Seat 3: Mahu2021 (button) folded on the Flop



PokerStars Hand #248740352485: Tournament #3712456475, $1.84+$0.16 USD Hold'em No Limit - Level I (10/20) - 2024/02/07 16:00:23 CET [2024/02/07 10:00:23 ET]
Table '3712456475 1' 3-max Seat #1 is the button
Seat 1: roimage07 (570 in chips) 
Seat 2: moneysniper45 (650 in chips) 
Seat 3: Mahu2021 (280 in chips) 
moneysniper45: posts small blind 10
Mahu2021: posts big blind 20
*** HOLE CARDS ***
Dealt to Mahu2021 [Td 5h]
roimage07: folds 
moneysniper45: raises 20 to 40
Mahu2021: folds 
Uncalled bet (20) returned to moneysniper45
moneysniper45 collected 40 from pot
*** SUMMARY ***
Total pot 40 | Rake 0 
Seat 1: roimage07 (button) folded before Flop (didn't bet)
Seat 2: moneysniper45 (small blind) collected (40)
Seat 3: Mahu2021 (big blind) folded before Flop



PokerStars Hand #248740354491: Tournament #3712456475, $1.84+$0.16 USD Hold'em No Limit - Level I (10/20) - 2024/02/07 16:00:33 CET [2024/02/07 10:00:33 ET]
Table '3712456475 1' 3-max Seat #2 is the button
Seat 1: roimage07 (570 in chips) 
Seat 2: moneysniper45 (670 in chips) 
Seat 3: Mahu2021 (260 in chips) 
Mahu2021: posts small blind 10
roimage07: posts big blind 20
*** HOLE CARDS ***
Dealt to Mahu2021 [9d Th]
moneysniper45: raises 20 to 40
Mahu2021: calls 30
roimage07: folds 
*** FLOP *** [4h Jd 5h]
Mahu2021: checks 
moneysniper45: checks 
*** TURN *** [4h Jd 5h] [6s]
Mahu2021: checks 
moneysniper45: checks 
*** RIVER *** [4h Jd 5h 6s] [8d]
Mahu2021: checks 
moneysniper45: checks 
*** SHOW DOWN ***
Mahu2021: shows [9d Th] (high card Jack)
moneysniper45: shows [Qc 2c] (high card Queen)
moneysniper45 collected 100 from pot
*** SUMMARY ***
Total pot 100 | Rake 0 
Board [4h Jd 5h 6s 8d]
Seat 1: roimage07 (big blind) folded before Flop
Seat 2: moneysniper45 (button) showed [Qc 2c] and won (100) with high card Queen
Seat 3: Mahu2021 (small blind) showed [9d Th] and lost with high card Jack



PokerStars Hand #248740358843: Tournament #3712456475, $1.84+$0.16 USD Hold'em No Limit - Level I (10/20) - 2024/02/07 16:00:56 CET [2024/02/07 10:00:56 ET]
Table '3712456475 1' 3-max Seat #3 is the button
Seat 1: roimage07 (550 in chips) 
Seat 2: moneysniper45 (730 in chips) 
Seat 3: Mahu2021 (220 in chips) 
roimage07: posts small blind 10
moneysniper45: posts big blind 20
*** HOLE CARDS ***
Dealt to Mahu2021 [As Qh]
Mahu2021: raises 20 to 40
roimage07: calls 30
moneysniper45: folds 
*** FLOP *** [Jd Kd Ts]
roimage07: bets 50
Mahu2021: calls 50
*** TURN *** [Jd Kd Ts] [3d]
roimage07: bets 100
Mahu2021: raises 30 to 130 and is all-in
roimage07: calls 30
*** RIVER *** [Jd Kd Ts 3d] [8h]
*** SHOW DOWN ***
roimage07: shows [Js 3s] (two pair, Jacks and Threes)
Mahu2021: shows [As Qh] (a straight, Ten to Ace)
Mahu2021 collected 460 from pot
*** SUMMARY ***
Total pot 460 | Rake 0 
Board [Jd Kd Ts 3d 8h]
Seat 1: roimage07 (small blind) showed [Js 3s] and lost with two pair, Jacks and Threes
Seat 2: moneysniper45 (big blind) folded before Flop
Seat 3: Mahu2021 (button) showed [As Qh] and won (460) with a straight, Ten to Ace



PokerStars Hand #248740363954: Tournament #3712456475, $1.84+$0.16 USD Hold'em No Limit - Level II (15/30) - 2024/02/07 16:01:21 CET [2024/02/07 10:01:21 ET]
Table '3712456475 1' 3-max Seat #1 is the button
Seat 1: roimage07 (330 in chips) 
Seat 2: moneysniper45 (710 in chips) 
Seat 3: Mahu2021 (460 in chips) 
moneysniper45: posts small blind 15
Mahu2021: posts big blind 30
*** HOLE CARDS ***
Dealt to Mahu2021 [3h 5c]
roimage07: calls 30
moneysniper45: raises 30 to 60
Mahu2021: folds 
roimage07: calls 30
*** FLOP *** [Jd Tc 5d]
moneysniper45: checks 
roimage07: bets 75
moneysniper45: calls 75
*** TURN *** [Jd Tc 5d] [Jh]
moneysniper45: checks 
roimage07: bets 195 and is all-in
moneysniper45: folds 
Uncalled bet (195) returned to roimage07
roimage07 collected 300 from pot
*** SUMMARY ***
Total pot 300 | Rake 0 
Board [Jd Tc 5d Jh]
Seat 1: roimage07 (button) collected (300)
Seat 2: moneysniper45 (small blind) folded on the Turn
Seat 3: Mahu2021 (big blind) folded before Flop



PokerStars Hand #248740368313: Tournament #3712456475, $1.84+$0.16 USD Hold'em No Limit - Level II (15/30) - 2024/02/07 16:01:43 CET [2024/02/07 10:01:43 ET]
Table '3712456475 1' 3-max Seat #2 is the button
Seat 1: roimage07 (495 in chips) 
Seat 2: moneysniper45 (575 in chips) 
Seat 3: Mahu2021 (430 in chips) 
Mahu2021: posts small blind 15
roimage07: posts big blind 30
*** HOLE CARDS ***
Dealt to Mahu2021 [Jd 4h]
moneysniper45: folds 
Mahu2021: calls 15
roimage07: raises 30 to 60
Mahu2021: calls 30
*** FLOP *** [Js Ah Td]
Mahu2021: checks 
roimage07: bets 30
Mahu2021: calls 30
*** TURN *** [Js Ah Td] [9s]
Mahu2021: checks 
roimage07: bets 30
Mahu2021: calls 30
*** RIVER *** [Js Ah Td 9s] [6h]
Mahu2021: checks 
roimage07: bets 30
Mahu2021: calls 30
*** SHOW DOWN ***
roimage07: shows [Kd Kc] (a pair of Kings)
Mahu2021: mucks hand 
roimage07 collected 300 from pot
*** SUMMARY ***
Total pot 300 | Rake 0 
Board [Js Ah Td 9s 6h]
Seat 1: roimage07 (big blind) showed [Kd Kc] and won (300) with a pair of Kings
Seat 2: moneysniper45 (button) folded before Flop (didn't bet)
Seat 3: Mahu2021 (small blind) mucked [Jd 4h]



PokerStars Hand #248740372077: Tournament #3712456475, $1.84+$0.16 USD Hold'em No Limit - Level II (15/30) - 2024/02/07 16:01:59 CET [2024/02/07 10:01:59 ET]
Table '3712456475 1' 3-max Seat #3 is the button
Seat 1: roimage07 (645 in chips) 
Seat 2: moneysniper45 (575 in chips) 
Seat 3: Mahu2021 (280 in chips) 
roimage07: posts small blind 15
moneysniper45: posts big blind 30
*** HOLE CARDS ***
Dealt to Mahu2021 [Qc 6h]
Mahu2021: folds 
roimage07: folds 
Uncalled bet (15) returned to moneysniper45
moneysniper45 collected 30 from pot
*** SUMMARY ***
Total pot 30 | Rake 0 
Seat 1: roimage07 (small blind) folded before Flop
Seat 2: moneysniper45 (big blind) collected (30)
Seat 3: Mahu2021 (button) folded before Flop (didn't bet)



PokerStars Hand #248740374046: Tournament #3712456475, $1.84+$0.16 USD Hold'em No Limit - Level II (15/30) - 2024/02/07 16:02:08 CET [2024/02/07 10:02:08 ET]
Table '3712456475 1' 3-max Seat #1 is the button
Seat 1: roimage07 (630 in chips) 
Seat 2: moneysniper45 (590 in chips) 
Seat 3: Mahu2021 (280 in chips) 
moneysniper45: posts small blind 15
Mahu2021: posts big blind 30
*** HOLE CARDS ***
Dealt to Mahu2021 [Ad Ts]
roimage07: folds 
moneysniper45: folds 
Uncalled bet (15) returned to Mahu2021
Mahu2021 collected 30 from pot
Mahu2021: doesn't show hand 
*** SUMMARY ***
Total pot 30 | Rake 0 
Seat 1: roimage07 (button) folded before Flop (didn't bet)
Seat 2: moneysniper45 (small blind) folded before Flop
Seat 3: Mahu2021 (big blind) collected (30)



PokerStars Hand #248740376102: Tournament #3712456475, $1.84+$0.16 USD Hold'em No Limit - Level II (15/30) - 2024/02/07 16:02:18 CET [2024/02/07 10:02:18 ET]
Table '3712456475 1' 3-max Seat #2 is the button
Seat 1: roimage07 (630 in chips) 
Seat 2: moneysniper45 (575 in chips) 
Seat 3: Mahu2021 (295 in chips) 
Mahu2021: posts small blind 15
roimage07: posts big blind 30
*** HOLE CARDS ***
Dealt to Mahu2021 [5c 9h]
moneysniper45: raises 30 to 60
Mahu2021: folds 
roimage07: folds 
Uncalled bet (30) returned to moneysniper45
moneysniper45 collected 75 from pot
*** SUMMARY ***
Total pot 75 | Rake 0 
Seat 1: roimage07 (big blind) folded before Flop
Seat 2: moneysniper45 (button) collected (75)
Seat 3: Mahu2021 (small blind) folded before Flop



PokerStars Hand #248740378127: Tournament #3712456475, $1.84+$0.16 USD Hold'em No Limit - Level II (15/30) - 2024/02/07 16:02:27 CET [2024/02/07 10:02:27 ET]
Table '3712456475 1' 3-max Seat #3 is the button
Seat 1: roimage07 (600 in chips) 
Seat 2: moneysniper45 (620 in chips) 
Seat 3: Mahu2021 (280 in chips) 
roimage07: posts small blind 15
moneysniper45: posts big blind 30
*** HOLE CARDS ***
Dealt to Mahu2021 [Ts 6c]
Mahu2021: folds 
roimage07: raises 30 to 60
moneysniper45: folds 
Uncalled bet (30) returned to roimage07
roimage07 collected 60 from pot
*** SUMMARY ***
Total pot 60 | Rake 0 
Seat 1: roimage07 (small blind) collected (60)
Seat 2: moneysniper45 (big blind) folded before Flop
Seat 3: Mahu2021 (button) folded before Flop (didn't bet)



PokerStars Hand #248740379837: Tournament #3712456475, $1.84+$0.16 USD Hold'em No Limit - Level II (15/30) - 2024/02/07 16:02:34 CET [2024/02/07 10:02:34 ET]
Table '3712456475 1' 3-max Seat #1 is the button
Seat 1: roimage07 (630 in chips) 
Seat 2: moneysniper45 (590 in chips) 
Seat 3: Mahu2021 (280 in chips) 
moneysniper45: posts small blind 15
Mahu2021: posts big blind 30
*** HOLE CARDS ***
Dealt to Mahu2021 [4c Qc]
roimage07: calls 30
moneysniper45: folds 
Mahu2021: checks 
*** FLOP *** [9h 7d 4d]
Mahu2021: checks 
roimage07: checks 
*** TURN *** [9h 7d 4d] [Td]
Mahu2021: checks 
roimage07: bets 30
Mahu2021: calls 30
*** RIVER *** [9h 7d 4d Td] [3s]
Mahu2021: checks 
roimage07: bets 30
Mahu2021: calls 30
*** SHOW DOWN ***
roimage07: shows [Kh 7c] (a pair of Sevens)
Mahu2021: mucks hand 
roimage07 collected 195 from pot
*** SUMMARY ***
Total pot 195 | Rake 0 
Board [9h 7d 4d Td 3s]
Seat 1: roimage07 (button) showed [Kh 7c] and won (195) with a pair of Sevens
Seat 2: moneysniper45 (small blind) folded before Flop
Seat 3: Mahu2021 (big blind) mucked [4c Qc]



PokerStars Hand #248740385868: Tournament #3712456475, $1.84+$0.16 USD Hold'em No Limit - Level II (15/30) - 2024/02/07 16:03:02 CET [2024/02/07 10:03:02 ET]
Table '3712456475 1' 3-max Seat #2 is the button
Seat 1: roimage07 (735 in chips) 
Seat 2: moneysniper45 (575 in chips) 
Seat 3: Mahu2021 (190 in chips) 
Mahu2021: posts small blind 15
roimage07: posts big blind 30
*** HOLE CARDS ***
Dealt to Mahu2021 [7c Qs]
moneysniper45: raises 60 to 90
Mahu2021: folds 
roimage07: folds 
Uncalled bet (60) returned to moneysniper45
moneysniper45 collected 75 from pot
*** SUMMARY ***
Total pot 75 | Rake 0 
Seat 1: roimage07 (big blind) folded before Flop
Seat 2: moneysniper45 (button) collected (75)
Seat 3: Mahu2021 (small blind) folded before Flop



PokerStars Hand #248740388136: Tournament #3712456475, $1.84+$0.16 USD Hold'em No Limit - Level II (15/30) - 2024/02/07 16:03:12 CET [2024/02/07 10:03:12 ET]
Table '3712456475 1' 3-max Seat #3 is the button
Seat 1: roimage07 (705 in chips) 
Seat 2: moneysniper45 (620 in chips) 
Seat 3: Mahu2021 (175 in chips) 
roimage07: posts small blind 15
moneysniper45: posts big blind 30
*** HOLE CARDS ***
Dealt to Mahu2021 [2c 3c]
Mahu2021: folds 
roimage07: folds 
Uncalled bet (15) returned to moneysniper45
moneysniper45 collected 30 from pot
*** SUMMARY ***
Total pot 30 | Rake 0 
Seat 1: roimage07 (small blind) folded before Flop
Seat 2: moneysniper45 (big blind) collected (30)
Seat 3: Mahu2021 (button) folded before Flop (didn't bet)



PokerStars Hand #248740390014: Tournament #3712456475, $1.84+$0.16 USD Hold'em No Limit - Level III (20/40) - 2024/02/07 16:03:21 CET [2024/02/07 10:03:21 ET]
Table '3712456475 1' 3-max Seat #1 is the button
Seat 1: roimage07 (690 in chips) 
Seat 2: moneysniper45 (635 in chips) 
Seat 3: Mahu2021 (175 in chips) 
moneysniper45: posts small blind 20
Mahu2021: posts big blind 40
*** HOLE CARDS ***
Dealt to Mahu2021 [Jc 4s]
roimage07: calls 40
moneysniper45: calls 20
Mahu2021: checks 
*** FLOP *** [9d 7h Tc]
moneysniper45: checks 
Mahu2021: checks 
roimage07: checks 
*** TURN *** [9d 7h Tc] [6c]
moneysniper45: checks 
Mahu2021: checks 
roimage07: checks 
*** RIVER *** [9d 7h Tc 6c] [Th]
moneysniper45: checks 
Mahu2021: checks 
roimage07: checks 
*** SHOW DOWN ***
moneysniper45: shows [5c 3c] (a pair of Tens)
Mahu2021: shows [Jc 4s] (a pair of Tens - Jack kicker)
roimage07: shows [Ac Qc] (a pair of Tens - Ace kicker)
roimage07 collected 120 from pot
*** SUMMARY ***
Total pot 120 | Rake 0 
Board [9d 7h Tc 6c Th]
Seat 1: roimage07 (button) showed [Ac Qc] and won (120) with a pair of Tens
Seat 2: moneysniper45 (small blind) showed [5c 3c] and lost with a pair of Tens
Seat 3: Mahu2021 (big blind) showed [Jc 4s] and lost with a pair of Tens



PokerStars Hand #248740394135: Tournament #3712456475, $1.84+$0.16 USD Hold'em No Limit - Level III (20/40) - 2024/02/07 16:03:39 CET [2024/02/07 10:03:39 ET]
Table '3712456475 1' 3-max Seat #2 is the button
Seat 1: roimage07 (770 in chips) 
Seat 2: moneysniper45 (595 in chips) 
Seat 3: Mahu2021 (135 in chips) 
Mahu2021: posts small blind 20
roimage07: posts big blind 40
*** HOLE CARDS ***
Dealt to Mahu2021 [7h 9h]
moneysniper45: folds 
Mahu2021: calls 20
roimage07: checks 
*** FLOP *** [2s 5s Jc]
Mahu2021: checks 
roimage07: checks 
*** TURN *** [2s 5s Jc] [Qc]
Mahu2021: checks 
roimage07: checks 
*** RIVER *** [2s 5s Jc Qc] [Kd]
Mahu2021: checks 
roimage07: checks 
*** SHOW DOWN ***
Mahu2021: shows [7h 9h] (high card King)
roimage07: mucks hand 
Mahu2021 collected 80 from pot
*** SUMMARY ***
Total pot 80 | Rake 0 
Board [2s 5s Jc Qc Kd]
Seat 1: roimage07 (big blind) mucked [7c 6h]
Seat 2: moneysniper45 (button) folded before Flop (didn't bet)
Seat 3: Mahu2021 (small blind) showed [7h 9h] and won (80) with high card King



PokerStars Hand #248740397709: Tournament #3712456475, $1.84+$0.16 USD Hold'em No Limit - Level III (20/40) - 2024/02/07 16:03:55 CET [2024/02/07 10:03:55 ET]
Table '3712456475 1' 3-max Seat #3 is the button
Seat 1: roimage07 (730 in chips) 
Seat 2: moneysniper45 (595 in chips) 
Seat 3: Mahu2021 (175 in chips) 
roimage07: posts small blind 20
moneysniper45: posts big blind 40
*** HOLE CARDS ***
Dealt to Mahu2021 [Jh Ah]
Mahu2021: raises 135 to 175 and is all-in
roimage07: folds 
moneysniper45: folds 
Uncalled bet (135) returned to Mahu2021
Mahu2021 collected 100 from pot
Mahu2021: doesn't show hand 
*** SUMMARY ***
Total pot 100 | Rake 0 
Seat 1: roimage07 (small blind) folded before Flop
Seat 2: moneysniper45 (big blind) folded before Flop
Seat 3: Mahu2021 (button) collected (100)



PokerStars Hand #248740399764: Tournament #3712456475, $1.84+$0.16 USD Hold'em No Limit - Level III (20/40) - 2024/02/07 16:04:04 CET [2024/02/07 10:04:04 ET]
Table '3712456475 1' 3-max Seat #1 is the button
Seat 1: roimage07 (710 in chips) 
Seat 2: moneysniper45 (555 in chips) 
Seat 3: Mahu2021 (235 in chips) 
moneysniper45: posts small blind 20
Mahu2021: posts big blind 40
*** HOLE CARDS ***
Dealt to Mahu2021 [4h Qs]
roimage07: folds 
moneysniper45: folds 
Uncalled bet (20) returned to Mahu2021
Mahu2021 collected 40 from pot
Mahu2021: doesn't show hand 
*** SUMMARY ***
Total pot 40 | Rake 0 
Seat 1: roimage07 (button) folded before Flop (didn't bet)
Seat 2: moneysniper45 (small blind) folded before Flop
Seat 3: Mahu2021 (big blind) collected (40)



PokerStars Hand #248740401321: Tournament #3712456475, $1.84+$0.16 USD Hold'em No Limit - Level III (20/40) - 2024/02/07 16:04:11 CET [2024/02/07 10:04:11 ET]
Table '3712456475 1' 3-max Seat #2 is the button
Seat 1: roimage07 (710 in chips) 
Seat 2: moneysniper45 (535 in chips) 
Seat 3: Mahu2021 (255 in chips) 
Mahu2021: posts small blind 20
roimage07: posts big blind 40
*** HOLE CARDS ***
Dealt to Mahu2021 [3d 6s]
moneysniper45: calls 40
Mahu2021: folds 
roimage07: checks 
*** FLOP *** [Ts 4h 3h]
roimage07: checks 
moneysniper45: checks 
*** TURN *** [Ts 4h 3h] [Jh]
roimage07: bets 40
moneysniper45: folds 
Uncalled bet (40) returned to roimage07
roimage07 collected 100 from pot
*** SUMMARY ***
Total pot 100 | Rake 0 
Board [Ts 4h 3h Jh]
Seat 1: roimage07 (big blind) collected (100)
Seat 2: moneysniper45 (button) folded on the Turn
Seat 3: Mahu2021 (small blind) folded before Flop



PokerStars Hand #248740405041: Tournament #3712456475, $1.84+$0.16 USD Hold'em No Limit - Level III (20/40) - 2024/02/07 16:04:28 CET [2024/02/07 10:04:28 ET]
Table '3712456475 1' 3-max Seat #3 is the button
Seat 1: roimage07 (770 in chips) 
Seat 2: moneysniper45 (495 in chips) 
Seat 3: Mahu2021 (235 in chips) 
roimage07: posts small blind 20
moneysniper45: posts big blind 40
*** HOLE CARDS ***
Dealt to Mahu2021 [2s 8c]
Mahu2021: folds 
roimage07: calls 20
moneysniper45: raises 80 to 120
roimage07: folds 
Uncalled bet (80) returned to moneysniper45
moneysniper45 collected 80 from pot
*** SUMMARY ***
Total pot 80 | Rake 0 
Seat 1: roimage07 (small blind) folded before Flop
Seat 2: moneysniper45 (big blind) collected (80)
Seat 3: Mahu2021 (button) folded before Flop (didn't bet)



PokerStars Hand #248740407385: Tournament #3712456475, $1.84+$0.16 USD Hold'em No Limit - Level III (20/40) - 2024/02/07 16:04:38 CET [2024/02/07 10:04:38 ET]
Table '3712456475 1' 3-max Seat #1 is the button
Seat 1: roimage07 (730 in chips) 
Seat 2: moneysniper45 (535 in chips) 
Seat 3: Mahu2021 (235 in chips) 
moneysniper45: posts small blind 20
Mahu2021: posts big blind 40
*** HOLE CARDS ***
Dealt to Mahu2021 [9h Ad]
roimage07: folds 
moneysniper45: folds 
Uncalled bet (20) returned to Mahu2021
Mahu2021 collected 40 from pot
Mahu2021: doesn't show hand 
*** SUMMARY ***
Total pot 40 | Rake 0 
Seat 1: roimage07 (button) folded before Flop (didn't bet)
Seat 2: moneysniper45 (small blind) folded before Flop
Seat 3: Mahu2021 (big blind) collected (40)



PokerStars Hand #248740408658: Tournament #3712456475, $1.84+$0.16 USD Hold'em No Limit - Level III (20/40) - 2024/02/07 16:04:44 CET [2024/02/07 10:04:44 ET]
Table '3712456475 1' 3-max Seat #2 is the button
Seat 1: roimage07 (730 in chips) 
Seat 2: moneysniper45 (515 in chips) 
Seat 3: Mahu2021 (255 in chips) 
Mahu2021: posts small blind 20
roimage07: posts big blind 40
*** HOLE CARDS ***
Dealt to Mahu2021 [6c 3c]
moneysniper45: raises 40 to 80
Mahu2021: folds 
roimage07: folds 
Uncalled bet (40) returned to moneysniper45
moneysniper45 collected 100 from pot
*** SUMMARY ***
Total pot 100 | Rake 0 
Seat 1: roimage07 (big blind) folded before Flop
Seat 2: moneysniper45 (button) collected (100)
Seat 3: Mahu2021 (small blind) folded before Flop



PokerStars Hand #248740410549: Tournament #3712456475, $1.84+$0.16 USD Hold'em No Limit - Level III (20/40) - 2024/02/07 16:04:53 CET [2024/02/07 10:04:53 ET]
Table '3712456475 1' 3-max Seat #3 is the button
Seat 1: roimage07 (690 in chips) 
Seat 2: moneysniper45 (575 in chips) 
Seat 3: Mahu2021 (235 in chips) 
roimage07: posts small blind 20
moneysniper45: posts big blind 40
*** HOLE CARDS ***
Dealt to Mahu2021 [3s 8c]
Mahu2021: folds 
roimage07: folds 
Uncalled bet (20) returned to moneysniper45
moneysniper45 collected 40 from pot
*** SUMMARY ***
Total pot 40 | Rake 0 
Seat 1: roimage07 (small blind) folded before Flop
Seat 2: moneysniper45 (big blind) collected (40)
Seat 3: Mahu2021 (button) folded before Flop (didn't bet)



PokerStars Hand #248740412106: Tournament #3712456475, $1.84+$0.16 USD Hold'em No Limit - Level III (20/40) - 2024/02/07 16:05:00 CET [2024/02/07 10:05:00 ET]
Table '3712456475 1' 3-max Seat #1 is the button
Seat 1: roimage07 (670 in chips) 
Seat 2: moneysniper45 (595 in chips) 
Seat 3: Mahu2021 (235 in chips) 
moneysniper45: posts small blind 20
Mahu2021: posts big blind 40
*** HOLE CARDS ***
Dealt to Mahu2021 [Js 7d]
roimage07: folds 
moneysniper45: folds 
Uncalled bet (20) returned to Mahu2021
Mahu2021 collected 40 from pot
Mahu2021: doesn't show hand 
*** SUMMARY ***
Total pot 40 | Rake 0 
Seat 1: roimage07 (button) folded before Flop (didn't bet)
Seat 2: moneysniper45 (small blind) folded before Flop
Seat 3: Mahu2021 (big blind) collected (40)



PokerStars Hand #248740413655: Tournament #3712456475, $1.84+$0.16 USD Hold'em No Limit - Level III (20/40) - 2024/02/07 16:05:06 CET [2024/02/07 10:05:06 ET]
Table '3712456475 1' 3-max Seat #2 is the button
Seat 1: roimage07 (670 in chips) 
Seat 2: moneysniper45 (575 in chips) 
Seat 3: Mahu2021 (255 in chips) 
Mahu2021: posts small blind 20
roimage07: posts big blind 40
*** HOLE CARDS ***
Dealt to Mahu2021 [Ac Qc]
moneysniper45: raises 40 to 80
Mahu2021: raises 175 to 255 and is all-in
roimage07: folds 
moneysniper45: calls 175
*** FLOP *** [6s 5s 7h]
*** TURN *** [6s 5s 7h] [2d]
*** RIVER *** [6s 5s 7h 2d] [3s]
*** SHOW DOWN ***
Mahu2021: shows [Ac Qc] (high card Ace)
moneysniper45: shows [Jh Ks] (high card King)
Mahu2021 collected 550 from pot
*** SUMMARY ***
Total pot 550 | Rake 0 
Board [6s 5s 7h 2d 3s]
Seat 1: roimage07 (big blind) folded before Flop
Seat 2: moneysniper45 (button) showed [Jh Ks] and lost with high card King
Seat 3: Mahu2021 (small blind) showed [Ac Qc] and won (550) with high card Ace



PokerStars Hand #248740417791: Tournament #3712456475, $1.84+$0.16 USD Hold'em No Limit - Level IV (30/60) - 2024/02/07 16:05:25 CET [2024/02/07 10:05:25 ET]
Table '3712456475 1' 3-max Seat #3 is the button
Seat 1: roimage07 (630 in chips) 
Seat 2: moneysniper45 (320 in chips) 
Seat 3: Mahu2021 (550 in chips) 
roimage07: posts small blind 30
moneysniper45: posts big blind 60
*** HOLE CARDS ***
Dealt to Mahu2021 [Ks 3s]
Mahu2021: raises 60 to 120
roimage07: folds 
moneysniper45: raises 60 to 180
Mahu2021: calls 60
*** FLOP *** [8c Qs Ad]
moneysniper45: bets 140 and is all-in
Mahu2021: folds 
Uncalled bet (140) returned to moneysniper45
moneysniper45 collected 390 from pot
*** SUMMARY ***
Total pot 390 | Rake 0 
Board [8c Qs Ad]
Seat 1: roimage07 (small blind) folded before Flop
Seat 2: moneysniper45 (big blind) collected (390)
Seat 3: Mahu2021 (button) folded on the Flop



PokerStars Hand #248740421182: Tournament #3712456475, $1.84+$0.16 USD Hold'em No Limit - Level IV (30/60) - 2024/02/07 16:05:40 CET [2024/02/07 10:05:40 ET]
Table '3712456475 1' 3-max Seat #1 is the button
Seat 1: roimage07 (600 in chips) 
Seat 2: moneysniper45 (530 in chips) 
Seat 3: Mahu2021 (370 in chips) 
moneysniper45: posts small blind 30
Mahu2021: posts big blind 60
*** HOLE CARDS ***
Dealt to Mahu2021 [Jd 9c]
roimage07: calls 60
moneysniper45: folds 
Mahu2021: checks 
*** FLOP *** [Ac 7d 9d]
Mahu2021: checks 
roimage07: bets 75
Mahu2021: folds 
Uncalled bet (75) returned to roimage07
roimage07 collected 150 from pot
*** SUMMARY ***
Total pot 150 | Rake 0 
Board [Ac 7d 9d]
Seat 1: roimage07 (button) collected (150)
Seat 2: moneysniper45 (small blind) folded before Flop
Seat 3: Mahu2021 (big blind) folded on the Flop



PokerStars Hand #248740424017: Tournament #3712456475, $1.84+$0.16 USD Hold'em No Limit - Level IV (30/60) - 2024/02/07 16:05:52 CET [2024/02/07 10:05:52 ET]
Table '3712456475 1' 3-max Seat #2 is the button
Seat 1: roimage07 (690 in chips) 
Seat 2: moneysniper45 (500 in chips) 
Seat 3: Mahu2021 (310 in chips) 
Mahu2021: posts small blind 30
roimage07: posts big blind 60
*** HOLE CARDS ***
Dealt to Mahu2021 [2h As]
moneysniper45: folds 
Mahu2021: raises 250 to 310 and is all-in
roimage07: folds 
Uncalled bet (250) returned to Mahu2021
Mahu2021 collected 120 from pot
Mahu2021: doesn't show hand 
*** SUMMARY ***
Total pot 120 | Rake 0 
Seat 1: roimage07 (big blind) folded before Flop
Seat 2: moneysniper45 (button) folded before Flop (didn't bet)
Seat 3: Mahu2021 (small blind) collected (120)



PokerStars Hand #248740425625: Tournament #3712456475, $1.84+$0.16 USD Hold'em No Limit - Level IV (30/60) - 2024/02/07 16:05:59 CET [2024/02/07 10:05:59 ET]
Table '3712456475 1' 3-max Seat #3 is the button
Seat 1: roimage07 (630 in chips) 
Seat 2: moneysniper45 (500 in chips) 
Seat 3: Mahu2021 (370 in chips) 
roimage07: posts small blind 30
moneysniper45: posts big blind 60
*** HOLE CARDS ***
Dealt to Mahu2021 [Js 6s]
Mahu2021: calls 60
roimage07: calls 30
moneysniper45: checks 
*** FLOP *** [Ks Qd 2s]
roimage07: checks 
moneysniper45: checks 
Mahu2021: bets 60
roimage07: calls 60
moneysniper45: folds 
*** TURN *** [Ks Qd 2s] [6d]
roimage07: checks 
Mahu2021: checks 
*** RIVER *** [Ks Qd 2s 6d] [9s]
roimage07: bets 60
Mahu2021: raises 190 to 250 and is all-in
roimage07: calls 190
*** SHOW DOWN ***
Mahu2021: shows [Js 6s] (a flush, King high)
roimage07: shows [Kh 8s] (a pair of Kings)
Mahu2021 collected 800 from pot
*** SUMMARY ***
Total pot 800 | Rake 0 
Board [Ks Qd 2s 6d 9s]
Seat 1: roimage07 (small blind) showed [Kh 8s] and lost with a pair of Kings
Seat 2: moneysniper45 (big blind) folded on the Flop
Seat 3: Mahu2021 (button) showed [Js 6s] and won (800) with a flush, King high



PokerStars Hand #248740431356: Tournament #3712456475, $1.84+$0.16 USD Hold'em No Limit - Level IV (30/60) - 2024/02/07 16:06:25 CET [2024/02/07 10:06:25 ET]
Table '3712456475 1' 3-max Seat #1 is the button
Seat 1: roimage07 (260 in chips) 
Seat 2: moneysniper45 (440 in chips) 
Seat 3: Mahu2021 (800 in chips) 
moneysniper45: posts small blind 30
Mahu2021: posts big blind 60
*** HOLE CARDS ***
Dealt to Mahu2021 [As 5d]
roimage07: calls 60
moneysniper45: calls 30
Mahu2021: checks 
*** FLOP *** [7c Qs 9s]
moneysniper45: checks 
Mahu2021: checks 
roimage07: bets 60
moneysniper45: calls 60
Mahu2021: folds 
*** TURN *** [7c Qs 9s] [5s]
moneysniper45: checks 
roimage07: bets 140 and is all-in
moneysniper45: calls 140
*** RIVER *** [7c Qs 9s 5s] [4h]
*** SHOW DOWN ***
moneysniper45: shows [Ks 9h] (a pair of Nines)
roimage07: shows [Ah Qh] (a pair of Queens)
roimage07 collected 580 from pot
*** SUMMARY ***
Total pot 580 | Rake 0 
Board [7c Qs 9s 5s 4h]
Seat 1: roimage07 (button) showed [Ah Qh] and won (580) with a pair of Queens
Seat 2: moneysniper45 (small blind) showed [Ks 9h] and lost with a pair of Nines
Seat 3: Mahu2021 (big blind) folded on the Flop



PokerStars Hand #248740436576: Tournament #3712456475, $1.84+$0.16 USD Hold'em No Limit - Level IV (30/60) - 2024/02/07 16:06:48 CET [2024/02/07 10:06:48 ET]
Table '3712456475 1' 3-max Seat #2 is the button
Seat 1: roimage07 (580 in chips) 
Seat 2: moneysniper45 (180 in chips) 
Seat 3: Mahu2021 (740 in chips) 
Mahu2021: posts small blind 30
roimage07: posts big blind 60
*** HOLE CARDS ***
Dealt to Mahu2021 [5d 5s]
moneysniper45: folds 
Mahu2021: raises 60 to 120
roimage07: folds 
Uncalled bet (60) returned to Mahu2021
Mahu2021 collected 120 from pot
Mahu2021: doesn't show hand 
*** SUMMARY ***
Total pot 120 | Rake 0 
Seat 1: roimage07 (big blind) folded before Flop
Seat 2: moneysniper45 (button) folded before Flop (didn't bet)
Seat 3: Mahu2021 (small blind) collected (120)



PokerStars Hand #248740438436: Tournament #3712456475, $1.84+$0.16 USD Hold'em No Limit - Level IV (30/60) - 2024/02/07 16:06:57 CET [2024/02/07 10:06:57 ET]
Table '3712456475 1' 3-max Seat #3 is the button
Seat 1: roimage07 (520 in chips) 
Seat 2: moneysniper45 (180 in chips) 
Seat 3: Mahu2021 (800 in chips) 
roimage07: posts small blind 30
moneysniper45: posts big blind 60
*** HOLE CARDS ***
Dealt to Mahu2021 [Kh 8h]
Mahu2021: raises 120 to 180
roimage07: folds 
moneysniper45: folds 
Uncalled bet (120) returned to Mahu2021
Mahu2021 collected 150 from pot
Mahu2021: doesn't show hand 
*** SUMMARY ***
Total pot 150 | Rake 0 
Seat 1: roimage07 (small blind) folded before Flop
Seat 2: moneysniper45 (big blind) folded before Flop
Seat 3: Mahu2021 (button) collected (150)



PokerStars Hand #248740440167: Tournament #3712456475, $1.84+$0.16 USD Hold'em No Limit - Level IV (30/60) - 2024/02/07 16:07:04 CET [2024/02/07 10:07:04 ET]
Table '3712456475 1' 3-max Seat #1 is the button
Seat 1: roimage07 (490 in chips) 
Seat 2: moneysniper45 (120 in chips) 
Seat 3: Mahu2021 (890 in chips) 
moneysniper45: posts small blind 30
Mahu2021: posts big blind 60
*** HOLE CARDS ***
Dealt to Mahu2021 [6d 5c]
roimage07: folds 
moneysniper45: folds 
Uncalled bet (30) returned to Mahu2021
Mahu2021 collected 60 from pot
Mahu2021: doesn't show hand 
*** SUMMARY ***
Total pot 60 | Rake 0 
Seat 1: roimage07 (button) folded before Flop (didn't bet)
Seat 2: moneysniper45 (small blind) folded before Flop
Seat 3: Mahu2021 (big blind) collected (60)



PokerStars Hand #248740441394: Tournament #3712456475, $1.84+$0.16 USD Hold'em No Limit - Level IV (30/60) - 2024/02/07 16:07:09 CET [2024/02/07 10:07:09 ET]
Table '3712456475 1' 3-max Seat #2 is the button
Seat 1: roimage07 (490 in chips) 
Seat 2: moneysniper45 (90 in chips) 
Seat 3: Mahu2021 (920 in chips) 
Mahu2021: posts small blind 30
roimage07: posts big blind 60
*** HOLE CARDS ***
Dealt to Mahu2021 [6s 4d]
moneysniper45: folds 
Mahu2021: folds 
Uncalled bet (30) returned to roimage07
roimage07 collected 60 from pot
*** SUMMARY ***
Total pot 60 | Rake 0 
Seat 1: roimage07 (big blind) collected (60)
Seat 2: moneysniper45 (button) folded before Flop (didn't bet)
Seat 3: Mahu2021 (small blind) folded before Flop



PokerStars Hand #248740442475: Tournament #3712456475, $1.84+$0.16 USD Hold'em No Limit - Level IV (30/60) - 2024/02/07 16:07:14 CET [2024/02/07 10:07:14 ET]
Table '3712456475 1' 3-max Seat #3 is the button
Seat 1: roimage07 (520 in chips) 
Seat 2: moneysniper45 (90 in chips) 
Seat 3: Mahu2021 (890 in chips) 
roimage07: posts small blind 30
moneysniper45: posts big blind 60
*** HOLE CARDS ***
Dealt to Mahu2021 [9h Kh]
Mahu2021: raises 60 to 120
roimage07: folds 
moneysniper45: calls 30 and is all-in
Uncalled bet (30) returned to Mahu2021
*** FLOP *** [Td 6d 3h]
*** TURN *** [Td 6d 3h] [8d]
*** RIVER *** [Td 6d 3h 8d] [Js]
*** SHOW DOWN ***
moneysniper45: shows [Ts Ks] (a pair of Tens)
Mahu2021: shows [9h Kh] (high card King)
moneysniper45 collected 210 from pot
*** SUMMARY ***
Total pot 210 | Rake 0 
Board [Td 6d 3h 8d Js]
Seat 1: roimage07 (small blind) folded before Flop
Seat 2: moneysniper45 (big blind) showed [Ts Ks] and won (210) with a pair of Tens
Seat 3: Mahu2021 (button) showed [9h Kh] and lost with high card King



PokerStars Hand #248740446342: Tournament #3712456475, $1.84+$0.16 USD Hold'em No Limit - Level V (40/80) - 2024/02/07 16:07:31 CET [2024/02/07 10:07:31 ET]
Table '3712456475 1' 3-max Seat #1 is the button
Seat 1: roimage07 (490 in chips) 
Seat 2: moneysniper45 (210 in chips) 
Seat 3: Mahu2021 (800 in chips) 
moneysniper45: posts small blind 40
Mahu2021: posts big blind 80
*** HOLE CARDS ***
Dealt to Mahu2021 [Ts 3s]
roimage07: raises 410 to 490 and is all-in
moneysniper45: calls 170 and is all-in
Mahu2021: folds 
Uncalled bet (280) returned to roimage07
*** FLOP *** [9c 5c Tc]
*** TURN *** [9c 5c Tc] [4h]
*** RIVER *** [9c 5c Tc 4h] [8d]
*** SHOW DOWN ***
moneysniper45: shows [3h Ad] (high card Ace)
roimage07: shows [7d Kc] (high card King)
moneysniper45 collected 500 from pot
*** SUMMARY ***
Total pot 500 | Rake 0 
Board [9c 5c Tc 4h 8d]
Seat 1: roimage07 (button) showed [7d Kc] and lost with high card King
Seat 2: moneysniper45 (small blind) showed [3h Ad] and won (500) with high card Ace
Seat 3: Mahu2021 (big blind) folded before Flop



PokerStars Hand #248740449353: Tournament #3712456475, $1.84+$0.16 USD Hold'em No Limit - Level V (40/80) - 2024/02/07 16:07:44 CET [2024/02/07 10:07:44 ET]
Table '3712456475 1' 3-max Seat #2 is the button
Seat 1: roimage07 (280 in chips) 
Seat 2: moneysniper45 (500 in chips) 
Seat 3: Mahu2021 (720 in chips) 
Mahu2021: posts small blind 40
roimage07: posts big blind 80
*** HOLE CARDS ***
Dealt to Mahu2021 [9s 2c]
moneysniper45: folds 
Mahu2021: folds 
Uncalled bet (40) returned to roimage07
roimage07 collected 80 from pot
*** SUMMARY ***
Total pot 80 | Rake 0 
Seat 1: roimage07 (big blind) collected (80)
Seat 2: moneysniper45 (button) folded before Flop (didn't bet)
Seat 3: Mahu2021 (small blind) folded before Flop



PokerStars Hand #248740450732: Tournament #3712456475, $1.84+$0.16 USD Hold'em No Limit - Level V (40/80) - 2024/02/07 16:07:50 CET [2024/02/07 10:07:50 ET]
Table '3712456475 1' 3-max Seat #3 is the button
Seat 1: roimage07 (320 in chips) 
Seat 2: moneysniper45 (500 in chips) 
Seat 3: Mahu2021 (680 in chips) 
roimage07: posts small blind 40
moneysniper45: posts big blind 80
*** HOLE CARDS ***
Dealt to Mahu2021 [Qd Qc]
Mahu2021: raises 600 to 680 and is all-in
roimage07: folds 
moneysniper45: folds 
Uncalled bet (600) returned to Mahu2021
Mahu2021 collected 200 from pot
Mahu2021: doesn't show hand 
*** SUMMARY ***
Total pot 200 | Rake 0 
Seat 1: roimage07 (small blind) folded before Flop
Seat 2: moneysniper45 (big blind) folded before Flop
Seat 3: Mahu2021 (button) collected (200)



PokerStars Hand #248740452258: Tournament #3712456475, $1.84+$0.16 USD Hold'em No Limit - Level V (40/80) - 2024/02/07 16:07:57 CET [2024/02/07 10:07:57 ET]
Table '3712456475 1' 3-max Seat #1 is the button
Seat 1: roimage07 (280 in chips) 
Seat 2: moneysniper45 (420 in chips) 
Seat 3: Mahu2021 (800 in chips) 
moneysniper45: posts small blind 40
Mahu2021: posts big blind 80
*** HOLE CARDS ***
Dealt to Mahu2021 [7h 4h]
roimage07: folds 
moneysniper45: folds 
Uncalled bet (40) returned to Mahu2021
Mahu2021 collected 80 from pot
Mahu2021: doesn't show hand 
*** SUMMARY ***
Total pot 80 | Rake 0 
Seat 1: roimage07 (button) folded before Flop (didn't bet)
Seat 2: moneysniper45 (small blind) folded before Flop
Seat 3: Mahu2021 (big blind) collected (80)



PokerStars Hand #248740453597: Tournament #3712456475, $1.84+$0.16 USD Hold'em No Limit - Level V (40/80) - 2024/02/07 16:08:03 CET [2024/02/07 10:08:03 ET]
Table '3712456475 1' 3-max Seat #2 is the button
Seat 1: roimage07 (280 in chips) 
Seat 2: moneysniper45 (380 in chips) 
Seat 3: Mahu2021 (840 in chips) 
Mahu2021: posts small blind 40
roimage07: posts big blind 80
*** HOLE CARDS ***
Dealt to Mahu2021 [As 8s]
moneysniper45: folds 
Mahu2021: raises 760 to 840 and is all-in
roimage07: calls 200 and is all-in
Uncalled bet (560) returned to Mahu2021
*** FLOP *** [6d 7d 3d]
*** TURN *** [6d 7d 3d] [5c]
*** RIVER *** [6d 7d 3d 5c] [Ts]
*** SHOW DOWN ***
Mahu2021: shows [As 8s] (high card Ace)
roimage07: shows [Jh Ad] (high card Ace - Jack kicker)
roimage07 collected 560 from pot
*** SUMMARY ***
Total pot 560 | Rake 0 
Board [6d 7d 3d 5c Ts]
Seat 1: roimage07 (big blind) showed [Jh Ad] and won (560) with high card Ace
Seat 2: moneysniper45 (button) folded before Flop (didn't bet)
Seat 3: Mahu2021 (small blind) showed [As 8s] and lost with high card Ace



PokerStars Hand #248740456676: Tournament #3712456475, $1.84+$0.16 USD Hold'em No Limit - Level V (40/80) - 2024/02/07 16:08:16 CET [2024/02/07 10:08:16 ET]
Table '3712456475 1' 3-max Seat #3 is the button
Seat 1: roimage07 (560 in chips) 
Seat 2: moneysniper45 (380 in chips) 
Seat 3: Mahu2021 (560 in chips) 
roimage07: posts small blind 40
moneysniper45: posts big blind 80
*** HOLE CARDS ***
Dealt to Mahu2021 [Ts 3d]
Mahu2021: folds 
roimage07: calls 40
moneysniper45: checks 
*** FLOP *** [4d Qd 9d]
roimage07: bets 160
moneysniper45: folds 
Uncalled bet (160) returned to roimage07
roimage07 collected 160 from pot
*** SUMMARY ***
Total pot 160 | Rake 0 
Board [4d Qd 9d]
Seat 1: roimage07 (small blind) collected (160)
Seat 2: moneysniper45 (big blind) folded on the Flop
Seat 3: Mahu2021 (button) folded before Flop (didn't bet)



PokerStars Hand #248740460506: Tournament #3712456475, $1.84+$0.16 USD Hold'em No Limit - Level V (40/80) - 2024/02/07 16:08:33 CET [2024/02/07 10:08:33 ET]
Table '3712456475 1' 3-max Seat #1 is the button
Seat 1: roimage07 (640 in chips) 
Seat 2: moneysniper45 (300 in chips) 
Seat 3: Mahu2021 (560 in chips) 
moneysniper45: posts small blind 40
Mahu2021: posts big blind 80
*** HOLE CARDS ***
Dealt to Mahu2021 [Qc Ac]
roimage07: calls 80
moneysniper45: raises 220 to 300 and is all-in
Mahu2021: raises 260 to 560 and is all-in
roimage07: folds 
Uncalled bet (260) returned to Mahu2021
*** FLOP *** [Ah Th 5c]
*** TURN *** [Ah Th 5c] [3s]
*** RIVER *** [Ah Th 5c 3s] [9h]
*** SHOW DOWN ***
moneysniper45: shows [Jh Kc] (high card Ace)
Mahu2021: shows [Qc Ac] (a pair of Aces)
Mahu2021 collected 680 from pot
moneysniper45 finished the tournament in 3rd place
*** SUMMARY ***
Total pot 680 | Rake 0 
Board [Ah Th 5c 3s 9h]
Seat 1: roimage07 (button) folded before Flop
Seat 2: moneysniper45 (small blind) showed [Jh Kc] and lost with high card Ace
Seat 3: Mahu2021 (big blind) showed [Qc Ac] and won (680) with a pair of Aces



PokerStars Hand #248740465672: Tournament #3712456475, $1.84+$0.16 USD Hold'em No Limit - Level V (40/80) - 2024/02/07 16:08:56 CET [2024/02/07 10:08:56 ET]
Table '3712456475 1' 3-max Seat #3 is the button
Seat 1: roimage07 (560 in chips) 
Seat 3: Mahu2021 (940 in chips) 
Mahu2021: posts small blind 40
roimage07: posts big blind 80
*** HOLE CARDS ***
Dealt to Mahu2021 [5d 4s]
Mahu2021: raises 80 to 160
roimage07: raises 80 to 240
Mahu2021: calls 80
*** FLOP *** [Qh 5c 3s]
roimage07: bets 320 and is all-in
Mahu2021: calls 320
*** TURN *** [Qh 5c 3s] [Kc]
*** RIVER *** [Qh 5c 3s Kc] [Kh]
*** SHOW DOWN ***
roimage07: shows [Jd Qd] (two pair, Kings and Queens)
Mahu2021: shows [5d 4s] (two pair, Kings and Fives)
roimage07 collected 1120 from pot
*** SUMMARY ***
Total pot 1120 | Rake 0 
Board [Qh 5c 3s Kc Kh]
Seat 1: roimage07 (big blind) showed [Jd Qd] and won (1120) with two pair, Kings and Queens
Seat 3: Mahu2021 (button) (small blind) showed [5d 4s] and lost with two pair, Kings and Fives



PokerStars Hand #248740469076: Tournament #3712456475, $1.84+$0.16 USD Hold'em No Limit - Level V (40/80) - 2024/02/07 16:09:11 CET [2024/02/07 10:09:11 ET]
Table '3712456475 1' 3-max Seat #1 is the button
Seat 1: roimage07 (1120 in chips) 
Seat 3: Mahu2021 (380 in chips) 
roimage07: posts small blind 40
Mahu2021: posts big blind 80
*** HOLE CARDS ***
Dealt to Mahu2021 [7c 9d]
roimage07: calls 40
Mahu2021: checks 
*** FLOP *** [5c 9c As]
Mahu2021: bets 300 and is all-in
roimage07: folds 
Uncalled bet (300) returned to Mahu2021
Mahu2021 collected 160 from pot
Mahu2021: doesn't show hand 
*** SUMMARY ***
Total pot 160 | Rake 0 
Board [5c 9c As]
Seat 1: roimage07 (button) (small blind) folded on the Flop
Seat 3: Mahu2021 (big blind) collected (160)



PokerStars Hand #248740472903: Tournament #3712456475, $1.84+$0.16 USD Hold'em No Limit - Level VI (50/100) - 2024/02/07 16:09:28 CET [2024/02/07 10:09:28 ET]
Table '3712456475 1' 3-max Seat #3 is the button
Seat 1: roimage07 (1040 in chips) 
Seat 3: Mahu2021 (460 in chips) 
Mahu2021: posts small blind 50
roimage07: posts big blind 100
*** HOLE CARDS ***
Dealt to Mahu2021 [Th 2d]
Mahu2021: folds 
Uncalled bet (50) returned to roimage07
roimage07 collected 100 from pot
*** SUMMARY ***
Total pot 100 | Rake 0 
Seat 1: roimage07 (big blind) collected (100)
Seat 3: Mahu2021 (button) (small blind) folded before Flop



PokerStars Hand #248740473858: Tournament #3712456475, $1.84+$0.16 USD Hold'em No Limit - Level VI (50/100) - 2024/02/07 16:09:32 CET [2024/02/07 10:09:32 ET]
Table '3712456475 1' 3-max Seat #1 is the button
Seat 1: roimage07 (1090 in chips) 
Seat 3: Mahu2021 (410 in chips) 
roimage07: posts small blind 50
Mahu2021: posts big blind 100
*** HOLE CARDS ***
Dealt to Mahu2021 [2s Jd]
roimage07: raises 100 to 200
Mahu2021: folds 
Uncalled bet (100) returned to roimage07
roimage07 collected 200 from pot
*** SUMMARY ***
Total pot 200 | Rake 0 
Seat 1: roimage07 (button) (small blind) collected (200)
Seat 3: Mahu2021 (big blind) folded before Flop



PokerStars Hand #248740475672: Tournament #3712456475, $1.84+$0.16 USD Hold'em No Limit - Level VI (50/100) - 2024/02/07 16:09:40 CET [2024/02/07 10:09:40 ET]
Table '3712456475 1' 3-max Seat #3 is the button
Seat 1: roimage07 (1190 in chips) 
Seat 3: Mahu2021 (310 in chips) 
Mahu2021: posts small blind 50
roimage07: posts big blind 100
*** HOLE CARDS ***
Dealt to Mahu2021 [7s 6d]
Mahu2021: calls 50
roimage07: checks 
*** FLOP *** [3c As Ks]
roimage07: bets 100
Mahu2021: folds 
Uncalled bet (100) returned to roimage07
roimage07 collected 200 from pot
*** SUMMARY ***
Total pot 200 | Rake 0 
Board [3c As Ks]
Seat 1: roimage07 (big blind) collected (200)
Seat 3: Mahu2021 (button) (small blind) folded on the Flop



PokerStars Hand #248740477786: Tournament #3712456475, $1.84+$0.16 USD Hold'em No Limit - Level VI (50/100) - 2024/02/07 16:09:49 CET [2024/02/07 10:09:49 ET]
Table '3712456475 1' 3-max Seat #1 is the button
Seat 1: roimage07 (1290 in chips) 
Seat 3: Mahu2021 (210 in chips) 
roimage07: posts small blind 50
Mahu2021: posts big blind 100
*** HOLE CARDS ***
Dealt to Mahu2021 [8s Qh]
roimage07: calls 50
Mahu2021: raises 110 to 210 and is all-in
roimage07: calls 110
*** FLOP *** [Kd Ac Qs]
*** TURN *** [Kd Ac Qs] [2s]
*** RIVER *** [Kd Ac Qs 2s] [Ks]
*** SHOW DOWN ***
Mahu2021: shows [8s Qh] (two pair, Kings and Queens)
roimage07: shows [Jd 6s] (a pair of Kings)
Mahu2021 collected 420 from pot
*** SUMMARY ***
Total pot 420 | Rake 0 
Board [Kd Ac Qs 2s Ks]
Seat 1: roimage07 (button) (small blind) showed [Jd 6s] and lost with a pair of Kings
Seat 3: Mahu2021 (big blind) showed [8s Qh] and won (420) with two pair, Kings and Queens



PokerStars Hand #248740481048: Tournament #3712456475, $1.84+$0.16 USD Hold'em No Limit - Level VI (50/100) - 2024/02/07 16:10:04 CET [2024/02/07 10:10:04 ET]
Table '3712456475 1' 3-max Seat #3 is the button
Seat 1: roimage07 (1080 in chips) 
Seat 3: Mahu2021 (420 in chips) 
Mahu2021: posts small blind 50
roimage07: posts big blind 100
*** HOLE CARDS ***
Dealt to Mahu2021 [Qs 4d]
Mahu2021: raises 320 to 420 and is all-in
roimage07: folds 
Uncalled bet (320) returned to Mahu2021
Mahu2021 collected 200 from pot
Mahu2021: doesn't show hand 
*** SUMMARY ***
Total pot 200 | Rake 0 
Seat 1: roimage07 (big blind) folded before Flop
Seat 3: Mahu2021 (button) (small blind) collected (200)



PokerStars Hand #248740482749: Tournament #3712456475, $1.84+$0.16 USD Hold'em No Limit - Level VI (50/100) - 2024/02/07 16:10:12 CET [2024/02/07 10:10:12 ET]
Table '3712456475 1' 3-max Seat #1 is the button
Seat 1: roimage07 (980 in chips) 
Seat 3: Mahu2021 (520 in chips) 
roimage07: posts small blind 50
Mahu2021: posts big blind 100
*** HOLE CARDS ***
Dealt to Mahu2021 [7c 4s]
roimage07: raises 100 to 200
Mahu2021: folds 
Uncalled bet (100) returned to roimage07
roimage07 collected 200 from pot
*** SUMMARY ***
Total pot 200 | Rake 0 
Seat 1: roimage07 (button) (small blind) collected (200)
Seat 3: Mahu2021 (big blind) folded before Flop



PokerStars Hand #248740483923: Tournament #3712456475, $1.84+$0.16 USD Hold'em No Limit - Level VI (50/100) - 2024/02/07 16:10:17 CET [2024/02/07 10:10:17 ET]
Table '3712456475 1' 3-max Seat #3 is the button
Seat 1: roimage07 (1080 in chips) 
Seat 3: Mahu2021 (420 in chips) 
Mahu2021: posts small blind 50
roimage07: posts big blind 100
*** HOLE CARDS ***
Dealt to Mahu2021 [6d 7s]
Mahu2021: calls 50
roimage07: checks 
*** FLOP *** [Kd 3s Qs]
roimage07: checks 
Mahu2021: bets 100
roimage07: folds 
Uncalled bet (100) returned to Mahu2021
Mahu2021 collected 200 from pot
Mahu2021: doesn't show hand 
*** SUMMARY ***
Total pot 200 | Rake 0 
Board [Kd 3s Qs]
Seat 1: roimage07 (big blind) folded on the Flop
Seat 3: Mahu2021 (button) (small blind) collected (200)



PokerStars Hand #248740486141: Tournament #3712456475, $1.84+$0.16 USD Hold'em No Limit - Level VI (50/100) - 2024/02/07 16:10:27 CET [2024/02/07 10:10:27 ET]
Table '3712456475 1' 3-max Seat #1 is the button
Seat 1: roimage07 (980 in chips) 
Seat 3: Mahu2021 (520 in chips) 
roimage07: posts small blind 50
Mahu2021: posts big blind 100
*** HOLE CARDS ***
Dealt to Mahu2021 [5s 8c]
roimage07: folds 
Uncalled bet (50) returned to Mahu2021
Mahu2021 collected 100 from pot
Mahu2021: doesn't show hand 
*** SUMMARY ***
Total pot 100 | Rake 0 
Seat 1: roimage07 (button) (small blind) folded before Flop
Seat 3: Mahu2021 (big blind) collected (100)



PokerStars Hand #248740487159: Tournament #3712456475, $1.84+$0.16 USD Hold'em No Limit - Level VI (50/100) - 2024/02/07 16:10:32 CET [2024/02/07 10:10:32 ET]
Table '3712456475 1' 3-max Seat #3 is the button
Seat 1: roimage07 (930 in chips) 
Seat 3: Mahu2021 (570 in chips) 
Mahu2021: posts small blind 50
roimage07: posts big blind 100
*** HOLE CARDS ***
Dealt to Mahu2021 [4d Jh]
Mahu2021: raises 100 to 200
roimage07: calls 100
*** FLOP *** [4c Jd Th]
roimage07: bets 730 and is all-in
Mahu2021: calls 370 and is all-in
Uncalled bet (360) returned to roimage07
*** TURN *** [4c Jd Th] [7c]
*** RIVER *** [4c Jd Th 7c] [5d]
*** SHOW DOWN ***
roimage07: shows [Ks 5c] (a pair of Fives)
Mahu2021: shows [4d Jh] (two pair, Jacks and Fours)
Mahu2021 collected 1140 from pot
*** SUMMARY ***
Total pot 1140 | Rake 0 
Board [4c Jd Th 7c 5d]
Seat 1: roimage07 (big blind) showed [Ks 5c] and lost with a pair of Fives
Seat 3: Mahu2021 (button) (small blind) showed [4d Jh] and won (1140) with two pair, Jacks and Fours



PokerStars Hand #248740490973: Tournament #3712456475, $1.84+$0.16 USD Hold'em No Limit - Level VI (50/100) - 2024/02/07 16:10:49 CET [2024/02/07 10:10:49 ET]
Table '3712456475 1' 3-max Seat #1 is the button
Seat 1: roimage07 (360 in chips) 
Seat 3: Mahu2021 (1140 in chips) 
roimage07: posts small blind 50
Mahu2021: posts big blind 100
*** HOLE CARDS ***
Dealt to Mahu2021 [2c 9c]
roimage07: raises 260 to 360 and is all-in
Mahu2021: folds 
Uncalled bet (260) returned to roimage07
roimage07 collected 200 from pot
*** SUMMARY ***
Total pot 200 | Rake 0 
Seat 1: roimage07 (button) (small blind) collected (200)
Seat 3: Mahu2021 (big blind) folded before Flop



PokerStars Hand #248740492527: Tournament #3712456475, $1.84+$0.16 USD Hold'em No Limit - Level VI (50/100) - 2024/02/07 16:10:55 CET [2024/02/07 10:10:55 ET]
Table '3712456475 1' 3-max Seat #3 is the button
Seat 1: roimage07 (460 in chips) 
Seat 3: Mahu2021 (1040 in chips) 
Mahu2021: posts small blind 50
roimage07: posts big blind 100
*** HOLE CARDS ***
Dealt to Mahu2021 [Jc Qc]
Mahu2021: raises 100 to 200
roimage07: raises 260 to 460 and is all-in
Mahu2021: calls 260
*** FLOP *** [Jd Kh 3d]
*** TURN *** [Jd Kh 3d] [4d]
*** RIVER *** [Jd Kh 3d 4d] [2s]
*** SHOW DOWN ***
roimage07: shows [Ad 8d] (a flush, Ace high)
Mahu2021: shows [Jc Qc] (a pair of Jacks)
roimage07 collected 920 from pot
*** SUMMARY ***
Total pot 920 | Rake 0 
Board [Jd Kh 3d 4d 2s]
Seat 1: roimage07 (big blind) showed [Ad 8d] and won (920) with a flush, Ace high
Seat 3: Mahu2021 (button) (small blind) showed [Jc Qc] and lost with a pair of Jacks



PokerStars Hand #248740495680: Tournament #3712456475, $1.84+$0.16 USD Hold'em No Limit - Level VI (50/100) - 2024/02/07 16:11:09 CET [2024/02/07 10:11:09 ET]
Table '3712456475 1' 3-max Seat #1 is the button
Seat 1: roimage07 (920 in chips) 
Seat 3: Mahu2021 (580 in chips) 
roimage07: posts small blind 50
Mahu2021: posts big blind 100
*** HOLE CARDS ***
Dealt to Mahu2021 [2d Td]
roimage07: folds 
Uncalled bet (50) returned to Mahu2021
Mahu2021 collected 100 from pot
Mahu2021: doesn't show hand 
*** SUMMARY ***
Total pot 100 | Rake 0 
Seat 1: roimage07 (button) (small blind) folded before Flop
Seat 3: Mahu2021 (big blind) collected (100)



PokerStars Hand #248740497966: Tournament #3712456475, $1.84+$0.16 USD Hold'em No Limit - Level VII (60/120) - 2024/02/07 16:11:19 CET [2024/02/07 10:11:19 ET]
Table '3712456475 1' 3-max Seat #3 is the button
Seat 1: roimage07 (870 in chips) 
Seat 3: Mahu2021 (630 in chips) 
Mahu2021: posts small blind 60
roimage07: posts big blind 120
*** HOLE CARDS ***
Dealt to Mahu2021 [Qc Td]
Mahu2021: raises 510 to 630 and is all-in
roimage07: calls 510
*** FLOP *** [Ks 5s 8d]
*** TURN *** [Ks 5s 8d] [Kc]
*** RIVER *** [Ks 5s 8d Kc] [Ts]
*** SHOW DOWN ***
roimage07: shows [Qh Kd] (three of a kind, Kings)
Mahu2021: shows [Qc Td] (two pair, Kings and Tens)
roimage07 collected 1260 from pot
Mahu2021 finished the tournament in 2nd place
roimage07 wins the tournament and receives $4.00 - congratulations!
*** SUMMARY ***
Total pot 1260 | Rake 0 
Board [Ks 5s 8d Kc Ts]
Seat 1: roimage07 (big blind) showed [Qh Kd] and won (1260) with three of a kind, Kings
Seat 3: Mahu2021 (button) (small blind) showed [Qc Td] and lost with two pair, Kings and Tens



