PokerStars Hand #247878294860: Tournament #3691737100, $1.84+$0.16 USD Hold'em No Limit - Level I (10/20) - 2023/12/26 17:10:56 CET [2023/12/26 11:10:56 ET]
Table '3691737100 1' 3-max Seat #1 is the button
Seat 1: lovintalbi (500 in chips) 
Seat 2: Mahu2021 (500 in chips) 
Seat 3: Alphasc2 (500 in chips) 
Mahu2021: posts small blind 10
Alphasc2: posts big blind 20
*** HOLE CARDS ***
Dealt to Mahu2021 [Ah Ks]
lovintalbi: folds 
Mahu2021: raises 20 to 40
Alphasc2: calls 20
*** FLOP *** [6h 7d 2c]
Mahu2021: checks 
Alphasc2: bets 20
Mahu2021: calls 20
*** TURN *** [6h 7d 2c] [3c]
Mahu2021: checks 
Alphasc2: checks 
*** RIVER *** [6h 7d 2c 3c] [8h]
Mahu2021: checks 
Alphasc2: bets 20
Mahu2021: folds 
Uncalled bet (20) returned to Alphasc2
Alphasc2 collected 120 from pot
Alphasc2: doesn't show hand 
*** SUMMARY ***
Total pot 120 | Rake 0 
Board [6h 7d 2c 3c 8h]
Seat 1: lovintalbi (button) folded before Flop (didn't bet)
Seat 2: Mahu2021 (small blind) folded on the River
Seat 3: Alphasc2 (big blind) collected (120)



PokerStars Hand #247878300791: Tournament #3691737100, $1.84+$0.16 USD Hold'em No Limit - Level I (10/20) - 2023/12/26 17:11:17 CET [2023/12/26 11:11:17 ET]
Table '3691737100 1' 3-max Seat #2 is the button
Seat 1: lovintalbi (500 in chips) 
Seat 2: Mahu2021 (440 in chips) 
Seat 3: Alphasc2 (560 in chips) 
Alphasc2: posts small blind 10
lovintalbi: posts big blind 20
*** HOLE CARDS ***
Dealt to Mahu2021 [4d Qc]
Mahu2021: folds 
Alphasc2: calls 10
lovintalbi: checks 
*** FLOP *** [8c 2h 7s]
Alphasc2: checks 
lovintalbi: bets 20
Alphasc2: folds 
Uncalled bet (20) returned to lovintalbi
lovintalbi collected 40 from pot
lovintalbi: doesn't show hand 
*** SUMMARY ***
Total pot 40 | Rake 0 
Board [8c 2h 7s]
Seat 1: lovintalbi (big blind) collected (40)
Seat 2: Mahu2021 (button) folded before Flop (didn't bet)
Seat 3: Alphasc2 (small blind) folded on the Flop



PokerStars Hand #247878307996: Tournament #3691737100, $1.84+$0.16 USD Hold'em No Limit - Level I (10/20) - 2023/12/26 17:11:43 CET [2023/12/26 11:11:43 ET]
Table '3691737100 1' 3-max Seat #3 is the button
Seat 1: lovintalbi (520 in chips) 
Seat 2: Mahu2021 (440 in chips) 
Seat 3: Alphasc2 (540 in chips) 
lovintalbi: posts small blind 10
Mahu2021: posts big blind 20
*** HOLE CARDS ***
Dealt to Mahu2021 [3h 2c]
Alphasc2: folds 
lovintalbi: raises 20 to 40
Mahu2021: calls 20
*** FLOP *** [Qs 3d Kd]
lovintalbi: bets 40
Mahu2021: calls 40
*** TURN *** [Qs 3d Kd] [4c]
lovintalbi: checks 
Mahu2021: checks 
*** RIVER *** [Qs 3d Kd 4c] [4h]
lovintalbi: checks 
Mahu2021: bets 160
lovintalbi: folds 
Uncalled bet (160) returned to Mahu2021
Mahu2021 collected 160 from pot
Mahu2021: doesn't show hand 
*** SUMMARY ***
Total pot 160 | Rake 0 
Board [Qs 3d Kd 4c 4h]
Seat 1: lovintalbi (small blind) folded on the River
Seat 2: Mahu2021 (big blind) collected (160)
Seat 3: Alphasc2 (button) folded before Flop (didn't bet)



PokerStars Hand #247878316257: Tournament #3691737100, $1.84+$0.16 USD Hold'em No Limit - Level I (10/20) - 2023/12/26 17:12:12 CET [2023/12/26 11:12:12 ET]
Table '3691737100 1' 3-max Seat #1 is the button
Seat 1: lovintalbi (440 in chips) 
Seat 2: Mahu2021 (520 in chips) 
Seat 3: Alphasc2 (540 in chips) 
Mahu2021: posts small blind 10
Alphasc2: posts big blind 20
*** HOLE CARDS ***
Dealt to Mahu2021 [Qh 9d]
lovintalbi: folds 
Mahu2021: calls 10
Alphasc2: checks 
*** FLOP *** [Jd Js 4s]
Mahu2021: checks 
Alphasc2: checks 
*** TURN *** [Jd Js 4s] [Jh]
Mahu2021: checks 
Alphasc2: checks 
*** RIVER *** [Jd Js 4s Jh] [3h]
Mahu2021: checks 
Alphasc2: bets 20
Mahu2021: folds 
Uncalled bet (20) returned to Alphasc2
Alphasc2 collected 40 from pot
Alphasc2: doesn't show hand 
*** SUMMARY ***
Total pot 40 | Rake 0 
Board [Jd Js 4s Jh 3h]
Seat 1: lovintalbi (button) folded before Flop (didn't bet)
Seat 2: Mahu2021 (small blind) folded on the River
Seat 3: Alphasc2 (big blind) collected (40)



PokerStars Hand #247878320811: Tournament #3691737100, $1.84+$0.16 USD Hold'em No Limit - Level I (10/20) - 2023/12/26 17:12:28 CET [2023/12/26 11:12:28 ET]
Table '3691737100 1' 3-max Seat #2 is the button
Seat 1: lovintalbi (440 in chips) 
Seat 2: Mahu2021 (500 in chips) 
Seat 3: Alphasc2 (560 in chips) 
Alphasc2: posts small blind 10
lovintalbi: posts big blind 20
*** HOLE CARDS ***
Dealt to Mahu2021 [5c Kh]
Mahu2021: folds 
Alphasc2: folds 
Uncalled bet (10) returned to lovintalbi
lovintalbi collected 20 from pot
lovintalbi: doesn't show hand 
*** SUMMARY ***
Total pot 20 | Rake 0 
Seat 1: lovintalbi (big blind) collected (20)
Seat 2: Mahu2021 (button) folded before Flop (didn't bet)
Seat 3: Alphasc2 (small blind) folded before Flop



PokerStars Hand #247878322113: Tournament #3691737100, $1.84+$0.16 USD Hold'em No Limit - Level I (10/20) - 2023/12/26 17:12:33 CET [2023/12/26 11:12:33 ET]
Table '3691737100 1' 3-max Seat #3 is the button
Seat 1: lovintalbi (450 in chips) 
Seat 2: Mahu2021 (500 in chips) 
Seat 3: Alphasc2 (550 in chips) 
lovintalbi: posts small blind 10
Mahu2021: posts big blind 20
*** HOLE CARDS ***
Dealt to Mahu2021 [Kc 6h]
Alphasc2: folds 
lovintalbi: raises 20 to 40
Mahu2021: calls 20
*** FLOP *** [2d As 3s]
lovintalbi: bets 40
Mahu2021: folds 
Uncalled bet (40) returned to lovintalbi
lovintalbi collected 80 from pot
lovintalbi: doesn't show hand 
*** SUMMARY ***
Total pot 80 | Rake 0 
Board [2d As 3s]
Seat 1: lovintalbi (small blind) collected (80)
Seat 2: Mahu2021 (big blind) folded on the Flop
Seat 3: Alphasc2 (button) folded before Flop (didn't bet)



PokerStars Hand #247878325508: Tournament #3691737100, $1.84+$0.16 USD Hold'em No Limit - Level I (10/20) - 2023/12/26 17:12:45 CET [2023/12/26 11:12:45 ET]
Table '3691737100 1' 3-max Seat #1 is the button
Seat 1: lovintalbi (490 in chips) 
Seat 2: Mahu2021 (460 in chips) 
Seat 3: Alphasc2 (550 in chips) 
Mahu2021: posts small blind 10
Alphasc2: posts big blind 20
*** HOLE CARDS ***
Dealt to Mahu2021 [Js 7d]
lovintalbi: folds 
Mahu2021: calls 10
Alphasc2: raises 40 to 60
Mahu2021: folds 
Uncalled bet (40) returned to Alphasc2
Alphasc2 collected 40 from pot
Alphasc2: doesn't show hand 
*** SUMMARY ***
Total pot 40 | Rake 0 
Seat 1: lovintalbi (button) folded before Flop (didn't bet)
Seat 2: Mahu2021 (small blind) folded before Flop
Seat 3: Alphasc2 (big blind) collected (40)



PokerStars Hand #247878328539: Tournament #3691737100, $1.84+$0.16 USD Hold'em No Limit - Level I (10/20) - 2023/12/26 17:12:56 CET [2023/12/26 11:12:56 ET]
Table '3691737100 1' 3-max Seat #2 is the button
Seat 1: lovintalbi (490 in chips) 
Seat 2: Mahu2021 (440 in chips) 
Seat 3: Alphasc2 (570 in chips) 
Alphasc2: posts small blind 10
lovintalbi: posts big blind 20
*** HOLE CARDS ***
Dealt to Mahu2021 [Th Ks]
Mahu2021: raises 20 to 40
Alphasc2: folds 
lovintalbi: folds 
Uncalled bet (20) returned to Mahu2021
Mahu2021 collected 50 from pot
Mahu2021: doesn't show hand 
*** SUMMARY ***
Total pot 50 | Rake 0 
Seat 1: lovintalbi (big blind) folded before Flop
Seat 2: Mahu2021 (button) collected (50)
Seat 3: Alphasc2 (small blind) folded before Flop



PokerStars Hand #247878331536: Tournament #3691737100, $1.84+$0.16 USD Hold'em No Limit - Level II (15/30) - 2023/12/26 17:13:06 CET [2023/12/26 11:13:06 ET]
Table '3691737100 1' 3-max Seat #3 is the button
Seat 1: lovintalbi (470 in chips) 
Seat 2: Mahu2021 (470 in chips) 
Seat 3: Alphasc2 (560 in chips) 
lovintalbi: posts small blind 15
Mahu2021: posts big blind 30
*** HOLE CARDS ***
Dealt to Mahu2021 [3s Kc]
Alphasc2: folds 
lovintalbi: folds 
Uncalled bet (15) returned to Mahu2021
Mahu2021 collected 30 from pot
Mahu2021: doesn't show hand 
*** SUMMARY ***
Total pot 30 | Rake 0 
Seat 1: lovintalbi (small blind) folded before Flop
Seat 2: Mahu2021 (big blind) collected (30)
Seat 3: Alphasc2 (button) folded before Flop (didn't bet)



PokerStars Hand #247878333318: Tournament #3691737100, $1.84+$0.16 USD Hold'em No Limit - Level II (15/30) - 2023/12/26 17:13:12 CET [2023/12/26 11:13:12 ET]
Table '3691737100 1' 3-max Seat #1 is the button
Seat 1: lovintalbi (455 in chips) 
Seat 2: Mahu2021 (485 in chips) 
Seat 3: Alphasc2 (560 in chips) 
Mahu2021: posts small blind 15
Alphasc2: posts big blind 30
*** HOLE CARDS ***
Dealt to Mahu2021 [Qs As]
lovintalbi: folds 
Mahu2021: raises 30 to 60
Alphasc2: calls 30
*** FLOP *** [5c Td 2c]
Mahu2021: checks 
Alphasc2: checks 
*** TURN *** [5c Td 2c] [Ah]
Mahu2021: bets 60
Alphasc2: raises 60 to 120
Mahu2021: calls 60
*** RIVER *** [5c Td 2c Ah] [Th]
Mahu2021: checks 
Alphasc2: checks 
*** SHOW DOWN ***
Mahu2021: shows [Qs As] (two pair, Aces and Tens)
Alphasc2: mucks hand 
Mahu2021 collected 360 from pot
*** SUMMARY ***
Total pot 360 | Rake 0 
Board [5c Td 2c Ah Th]
Seat 1: lovintalbi (button) folded before Flop (didn't bet)
Seat 2: Mahu2021 (small blind) showed [Qs As] and won (360) with two pair, Aces and Tens
Seat 3: Alphasc2 (big blind) mucked [6s Jh]



PokerStars Hand #247878339437: Tournament #3691737100, $1.84+$0.16 USD Hold'em No Limit - Level II (15/30) - 2023/12/26 17:13:34 CET [2023/12/26 11:13:34 ET]
Table '3691737100 1' 3-max Seat #2 is the button
Seat 1: lovintalbi (455 in chips) 
Seat 2: Mahu2021 (665 in chips) 
Seat 3: Alphasc2 (380 in chips) 
Alphasc2: posts small blind 15
lovintalbi: posts big blind 30
*** HOLE CARDS ***
Dealt to Mahu2021 [8s 9h]
Mahu2021: folds 
Alphasc2: folds 
Uncalled bet (15) returned to lovintalbi
lovintalbi collected 30 from pot
lovintalbi: doesn't show hand 
*** SUMMARY ***
Total pot 30 | Rake 0 
Seat 1: lovintalbi (big blind) collected (30)
Seat 2: Mahu2021 (button) folded before Flop (didn't bet)
Seat 3: Alphasc2 (small blind) folded before Flop



PokerStars Hand #247878340942: Tournament #3691737100, $1.84+$0.16 USD Hold'em No Limit - Level II (15/30) - 2023/12/26 17:13:39 CET [2023/12/26 11:13:39 ET]
Table '3691737100 1' 3-max Seat #3 is the button
Seat 1: lovintalbi (470 in chips) 
Seat 2: Mahu2021 (665 in chips) 
Seat 3: Alphasc2 (365 in chips) 
lovintalbi: posts small blind 15
Mahu2021: posts big blind 30
*** HOLE CARDS ***
Dealt to Mahu2021 [Th 3d]
Alphasc2: raises 335 to 365 and is all-in
lovintalbi: raises 105 to 470 and is all-in
Mahu2021: folds 
Uncalled bet (105) returned to lovintalbi
*** FLOP *** [Qh 3s 6h]
*** TURN *** [Qh 3s 6h] [9h]
*** RIVER *** [Qh 3s 6h 9h] [8h]
*** SHOW DOWN ***
lovintalbi: shows [As Ac] (a pair of Aces)
Alphasc2: shows [7h Ah] (a flush, Ace high)
Alphasc2 collected 760 from pot
*** SUMMARY ***
Total pot 760 | Rake 0 
Board [Qh 3s 6h 9h 8h]
Seat 1: lovintalbi (small blind) showed [As Ac] and lost with a pair of Aces
Seat 2: Mahu2021 (big blind) folded before Flop
Seat 3: Alphasc2 (button) showed [7h Ah] and won (760) with a flush, Ace high



PokerStars Hand #247878345976: Tournament #3691737100, $1.84+$0.16 USD Hold'em No Limit - Level II (15/30) - 2023/12/26 17:13:57 CET [2023/12/26 11:13:57 ET]
Table '3691737100 1' 3-max Seat #1 is the button
Seat 1: lovintalbi (105 in chips) 
Seat 2: Mahu2021 (635 in chips) 
Seat 3: Alphasc2 (760 in chips) 
Mahu2021: posts small blind 15
Alphasc2: posts big blind 30
*** HOLE CARDS ***
Dealt to Mahu2021 [6c 4h]
lovintalbi: folds 
Mahu2021: folds 
Uncalled bet (15) returned to Alphasc2
Alphasc2 collected 30 from pot
Alphasc2: doesn't show hand 
*** SUMMARY ***
Total pot 30 | Rake 0 
Seat 1: lovintalbi (button) folded before Flop (didn't bet)
Seat 2: Mahu2021 (small blind) folded before Flop
Seat 3: Alphasc2 (big blind) collected (30)



PokerStars Hand #247878347413: Tournament #3691737100, $1.84+$0.16 USD Hold'em No Limit - Level II (15/30) - 2023/12/26 17:14:02 CET [2023/12/26 11:14:02 ET]
Table '3691737100 1' 3-max Seat #2 is the button
Seat 1: lovintalbi (105 in chips) 
Seat 2: Mahu2021 (620 in chips) 
Seat 3: Alphasc2 (775 in chips) 
Alphasc2: posts small blind 15
lovintalbi: posts big blind 30
*** HOLE CARDS ***
Dealt to Mahu2021 [5c 9h]
Mahu2021: folds 
Alphasc2: raises 90 to 120
lovintalbi: calls 75 and is all-in
Uncalled bet (15) returned to Alphasc2
*** FLOP *** [Kh Th Ks]
*** TURN *** [Kh Th Ks] [3h]
*** RIVER *** [Kh Th Ks 3h] [Ac]
*** SHOW DOWN ***
Alphasc2: shows [As 7d] (two pair, Aces and Kings)
lovintalbi: shows [7s Ts] (two pair, Kings and Tens)
Alphasc2 collected 210 from pot
lovintalbi finished the tournament in 3rd place
*** SUMMARY ***
Total pot 210 | Rake 0 
Board [Kh Th Ks 3h Ac]
Seat 1: lovintalbi (big blind) showed [7s Ts] and lost with two pair, Kings and Tens
Seat 2: Mahu2021 (button) folded before Flop (didn't bet)
Seat 3: Alphasc2 (small blind) showed [As 7d] and won (210) with two pair, Aces and Kings



PokerStars Hand #247878353339: Tournament #3691737100, $1.84+$0.16 USD Hold'em No Limit - Level II (15/30) - 2023/12/26 17:14:23 CET [2023/12/26 11:14:23 ET]
Table '3691737100 1' 3-max Seat #3 is the button
Seat 2: Mahu2021 (620 in chips) 
Seat 3: Alphasc2 (880 in chips) 
Alphasc2: posts small blind 15
Mahu2021: posts big blind 30
*** HOLE CARDS ***
Dealt to Mahu2021 [Ks 4d]
Alphasc2: raises 30 to 60
Mahu2021: calls 30
*** FLOP *** [4s 4c 7h]
Mahu2021: checks 
Alphasc2: checks 
*** TURN *** [4s 4c 7h] [7s]
Mahu2021: checks 
Alphasc2: bets 30
Mahu2021: raises 30 to 60
Alphasc2: calls 30
*** RIVER *** [4s 4c 7h 7s] [Kd]
Mahu2021: bets 500 and is all-in
Alphasc2: folds 
Uncalled bet (500) returned to Mahu2021
Mahu2021 collected 240 from pot
Mahu2021: doesn't show hand 
*** SUMMARY ***
Total pot 240 | Rake 0 
Board [4s 4c 7h 7s Kd]
Seat 2: Mahu2021 (big blind) collected (240)
Seat 3: Alphasc2 (button) (small blind) folded on the River



PokerStars Hand #247878359089: Tournament #3691737100, $1.84+$0.16 USD Hold'em No Limit - Level II (15/30) - 2023/12/26 17:14:44 CET [2023/12/26 11:14:44 ET]
Table '3691737100 1' 3-max Seat #2 is the button
Seat 2: Mahu2021 (740 in chips) 
Seat 3: Alphasc2 (760 in chips) 
Mahu2021: posts small blind 15
Alphasc2: posts big blind 30
*** HOLE CARDS ***
Dealt to Mahu2021 [Jd 2h]
Mahu2021: folds 
Uncalled bet (15) returned to Alphasc2
Alphasc2 collected 30 from pot
Alphasc2: doesn't show hand 
*** SUMMARY ***
Total pot 30 | Rake 0 
Seat 2: Mahu2021 (button) (small blind) folded before Flop
Seat 3: Alphasc2 (big blind) collected (30)



PokerStars Hand #247878360648: Tournament #3691737100, $1.84+$0.16 USD Hold'em No Limit - Level II (15/30) - 2023/12/26 17:14:49 CET [2023/12/26 11:14:49 ET]
Table '3691737100 1' 3-max Seat #3 is the button
Seat 2: Mahu2021 (725 in chips) 
Seat 3: Alphasc2 (775 in chips) 
Alphasc2: posts small blind 15
Mahu2021: posts big blind 30
*** HOLE CARDS ***
Dealt to Mahu2021 [2d Qd]
Alphasc2: raises 30 to 60
Mahu2021: calls 30
*** FLOP *** [7d 5c Jh]
Mahu2021: checks 
Alphasc2: bets 30
Mahu2021: folds 
Uncalled bet (30) returned to Alphasc2
Alphasc2 collected 120 from pot
Alphasc2: doesn't show hand 
*** SUMMARY ***
Total pot 120 | Rake 0 
Board [7d 5c Jh]
Seat 2: Mahu2021 (big blind) folded on the Flop
Seat 3: Alphasc2 (button) (small blind) collected (120)



PokerStars Hand #247878364214: Tournament #3691737100, $1.84+$0.16 USD Hold'em No Limit - Level III (20/40) - 2023/12/26 17:15:02 CET [2023/12/26 11:15:02 ET]
Table '3691737100 1' 3-max Seat #2 is the button
Seat 2: Mahu2021 (665 in chips) 
Seat 3: Alphasc2 (835 in chips) 
Mahu2021: posts small blind 20
Alphasc2: posts big blind 40
*** HOLE CARDS ***
Dealt to Mahu2021 [6d 3s]
Mahu2021: calls 20
Alphasc2: checks 
*** FLOP *** [6h As Ac]
Alphasc2: checks 
Mahu2021: bets 40
Alphasc2: folds 
Uncalled bet (40) returned to Mahu2021
Mahu2021 collected 80 from pot
Mahu2021: doesn't show hand 
*** SUMMARY ***
Total pot 80 | Rake 0 
Board [6h As Ac]
Seat 2: Mahu2021 (button) (small blind) collected (80)
Seat 3: Alphasc2 (big blind) folded on the Flop



PokerStars Hand #247878367246: Tournament #3691737100, $1.84+$0.16 USD Hold'em No Limit - Level III (20/40) - 2023/12/26 17:15:12 CET [2023/12/26 11:15:12 ET]
Table '3691737100 1' 3-max Seat #3 is the button
Seat 2: Mahu2021 (705 in chips) 
Seat 3: Alphasc2 (795 in chips) 
Alphasc2: posts small blind 20
Mahu2021: posts big blind 40
*** HOLE CARDS ***
Dealt to Mahu2021 [Qh Jh]
Alphasc2: calls 20
Mahu2021: raises 80 to 120
Alphasc2: folds 
Uncalled bet (80) returned to Mahu2021
Mahu2021 collected 80 from pot
Mahu2021: doesn't show hand 
*** SUMMARY ***
Total pot 80 | Rake 0 
Seat 2: Mahu2021 (big blind) collected (80)
Seat 3: Alphasc2 (button) (small blind) folded before Flop



PokerStars Hand #247878369165: Tournament #3691737100, $1.84+$0.16 USD Hold'em No Limit - Level III (20/40) - 2023/12/26 17:15:18 CET [2023/12/26 11:15:18 ET]
Table '3691737100 1' 3-max Seat #2 is the button
Seat 2: Mahu2021 (745 in chips) 
Seat 3: Alphasc2 (755 in chips) 
Mahu2021: posts small blind 20
Alphasc2: posts big blind 40
*** HOLE CARDS ***
Dealt to Mahu2021 [4d Jc]
Mahu2021: calls 20
Alphasc2: checks 
*** FLOP *** [8c 3c Qs]
Alphasc2: checks 
Mahu2021: checks 
*** TURN *** [8c 3c Qs] [Qh]
Alphasc2: checks 
Mahu2021: checks 
*** RIVER *** [8c 3c Qs Qh] [4h]
Alphasc2: checks 
Mahu2021: bets 40
Alphasc2: folds 
Uncalled bet (40) returned to Mahu2021
Mahu2021 collected 80 from pot
Mahu2021: doesn't show hand 
*** SUMMARY ***
Total pot 80 | Rake 0 
Board [8c 3c Qs Qh 4h]
Seat 2: Mahu2021 (button) (small blind) collected (80)
Seat 3: Alphasc2 (big blind) folded on the River



PokerStars Hand #247878373289: Tournament #3691737100, $1.84+$0.16 USD Hold'em No Limit - Level III (20/40) - 2023/12/26 17:15:33 CET [2023/12/26 11:15:33 ET]
Table '3691737100 1' 3-max Seat #3 is the button
Seat 2: Mahu2021 (785 in chips) 
Seat 3: Alphasc2 (715 in chips) 
Alphasc2: posts small blind 20
Mahu2021: posts big blind 40
*** HOLE CARDS ***
Dealt to Mahu2021 [Qd 6c]
Alphasc2: raises 40 to 80
Mahu2021: folds 
Uncalled bet (40) returned to Alphasc2
Alphasc2 collected 80 from pot
Alphasc2: doesn't show hand 
*** SUMMARY ***
Total pot 80 | Rake 0 
Seat 2: Mahu2021 (big blind) folded before Flop
Seat 3: Alphasc2 (button) (small blind) collected (80)



PokerStars Hand #247878374614: Tournament #3691737100, $1.84+$0.16 USD Hold'em No Limit - Level III (20/40) - 2023/12/26 17:15:37 CET [2023/12/26 11:15:37 ET]
Table '3691737100 1' 3-max Seat #2 is the button
Seat 2: Mahu2021 (745 in chips) 
Seat 3: Alphasc2 (755 in chips) 
Mahu2021: posts small blind 20
Alphasc2: posts big blind 40
*** HOLE CARDS ***
Dealt to Mahu2021 [8h 5s]
Mahu2021: calls 20
Alphasc2: raises 80 to 120
Mahu2021: folds 
Uncalled bet (80) returned to Alphasc2
Alphasc2 collected 80 from pot
Alphasc2: doesn't show hand 
*** SUMMARY ***
Total pot 80 | Rake 0 
Seat 2: Mahu2021 (button) (small blind) folded before Flop
Seat 3: Alphasc2 (big blind) collected (80)



PokerStars Hand #247878376540: Tournament #3691737100, $1.84+$0.16 USD Hold'em No Limit - Level III (20/40) - 2023/12/26 17:15:44 CET [2023/12/26 11:15:44 ET]
Table '3691737100 1' 3-max Seat #3 is the button
Seat 2: Mahu2021 (705 in chips) 
Seat 3: Alphasc2 (795 in chips) 
Alphasc2: posts small blind 20
Mahu2021: posts big blind 40
*** HOLE CARDS ***
Dealt to Mahu2021 [8c 9d]
Alphasc2: raises 40 to 80
Mahu2021: calls 40
*** FLOP *** [Jh 6h 5h]
Mahu2021: checks 
Alphasc2: checks 
*** TURN *** [Jh 6h 5h] [Ts]
Mahu2021: checks 
Alphasc2: bets 40
Mahu2021: calls 40
*** RIVER *** [Jh 6h 5h Ts] [7s]
Mahu2021: bets 240
Alphasc2: folds 
Uncalled bet (240) returned to Mahu2021
Mahu2021 collected 240 from pot
Mahu2021: doesn't show hand 
*** SUMMARY ***
Total pot 240 | Rake 0 
Board [Jh 6h 5h Ts 7s]
Seat 2: Mahu2021 (big blind) collected (240)
Seat 3: Alphasc2 (button) (small blind) folded on the River



PokerStars Hand #247878381619: Tournament #3691737100, $1.84+$0.16 USD Hold'em No Limit - Level III (20/40) - 2023/12/26 17:16:02 CET [2023/12/26 11:16:02 ET]
Table '3691737100 1' 3-max Seat #2 is the button
Seat 2: Mahu2021 (825 in chips) 
Seat 3: Alphasc2 (675 in chips) 
Mahu2021: posts small blind 20
Alphasc2: posts big blind 40
*** HOLE CARDS ***
Dealt to Mahu2021 [Js Ad]
Mahu2021: raises 40 to 80
Alphasc2: calls 40
*** FLOP *** [Jh 8c 2s]
Alphasc2: checks 
Mahu2021: bets 160
Alphasc2: folds 
Uncalled bet (160) returned to Mahu2021
Mahu2021 collected 160 from pot
Mahu2021: doesn't show hand 
*** SUMMARY ***
Total pot 160 | Rake 0 
Board [Jh 8c 2s]
Seat 2: Mahu2021 (button) (small blind) collected (160)
Seat 3: Alphasc2 (big blind) folded on the Flop



PokerStars Hand #247878384372: Tournament #3691737100, $1.84+$0.16 USD Hold'em No Limit - Level III (20/40) - 2023/12/26 17:16:12 CET [2023/12/26 11:16:12 ET]
Table '3691737100 1' 3-max Seat #3 is the button
Seat 2: Mahu2021 (905 in chips) 
Seat 3: Alphasc2 (595 in chips) 
Alphasc2: posts small blind 20
Mahu2021: posts big blind 40
*** HOLE CARDS ***
Dealt to Mahu2021 [9d Jh]
Alphasc2: calls 20
Mahu2021: checks 
*** FLOP *** [9h Jc 9s]
Mahu2021: checks 
Alphasc2: checks 
*** TURN *** [9h Jc 9s] [Tc]
Mahu2021: checks 
Alphasc2: bets 40
Mahu2021: calls 40
*** RIVER *** [9h Jc 9s Tc] [6h]
Mahu2021: bets 40
Alphasc2: folds 
Uncalled bet (40) returned to Mahu2021
Mahu2021 collected 160 from pot
Mahu2021: doesn't show hand 
*** SUMMARY ***
Total pot 160 | Rake 0 
Board [9h Jc 9s Tc 6h]
Seat 2: Mahu2021 (big blind) collected (160)
Seat 3: Alphasc2 (button) (small blind) folded on the River



PokerStars Hand #247878389231: Tournament #3691737100, $1.84+$0.16 USD Hold'em No Limit - Level III (20/40) - 2023/12/26 17:16:29 CET [2023/12/26 11:16:29 ET]
Table '3691737100 1' 3-max Seat #2 is the button
Seat 2: Mahu2021 (985 in chips) 
Seat 3: Alphasc2 (515 in chips) 
Mahu2021: posts small blind 20
Alphasc2: posts big blind 40
*** HOLE CARDS ***
Dealt to Mahu2021 [6s Td]
Mahu2021: folds 
Uncalled bet (20) returned to Alphasc2
Alphasc2 collected 40 from pot
Alphasc2: doesn't show hand 
*** SUMMARY ***
Total pot 40 | Rake 0 
Seat 2: Mahu2021 (button) (small blind) folded before Flop
Seat 3: Alphasc2 (big blind) collected (40)



PokerStars Hand #247878390458: Tournament #3691737100, $1.84+$0.16 USD Hold'em No Limit - Level III (20/40) - 2023/12/26 17:16:33 CET [2023/12/26 11:16:33 ET]
Table '3691737100 1' 3-max Seat #3 is the button
Seat 2: Mahu2021 (965 in chips) 
Seat 3: Alphasc2 (535 in chips) 
Alphasc2: posts small blind 20
Mahu2021: posts big blind 40
*** HOLE CARDS ***
Dealt to Mahu2021 [9h 9c]
Alphasc2: raises 495 to 535 and is all-in
Mahu2021: calls 495
*** FLOP *** [Js 8h 4s]
*** TURN *** [Js 8h 4s] [2h]
*** RIVER *** [Js 8h 4s 2h] [6c]
*** SHOW DOWN ***
Mahu2021: shows [9h 9c] (a pair of Nines)
Alphasc2: shows [6d As] (a pair of Sixes)
Mahu2021 collected 1070 from pot
Alphasc2 finished the tournament in 2nd place
Mahu2021 wins the tournament and receives $4.00 - congratulations!
*** SUMMARY ***
Total pot 1070 | Rake 0 
Board [Js 8h 4s 2h 6c]
Seat 2: Mahu2021 (big blind) showed [9h 9c] and won (1070) with a pair of Nines
Seat 3: Alphasc2 (button) (small blind) showed [6d As] and lost with a pair of Sixes



