PokerStars Hand #251455309343: Tournament #3777126985, $1.84+$0.16 USD Hold'em No Limit - Level I (10/20) - 2024/07/12 21:02:19 CET [2024/07/12 15:02:19 ET]
Table '3777126985 1' 3-max Seat #1 is the button
Seat 1: Mahu2021 (500 in chips) 
Seat 2: JragSuited (500 in chips) 
Seat 3: gentleman655 (500 in chips) 
JragSuited: posts small blind 10
gentleman655: posts big blind 20
*** HOLE CARDS ***
Dealt to Mahu2021 [3s 8h]
Mahu2021: folds 
JragSuited: raises 40 to 60
gentleman655: raises 440 to 500 and is all-in
JragSuited: calls 440 and is all-in
*** FLOP *** [6c Qs 2h]
*** TURN *** [6c Qs 2h] [9h]
*** RIVER *** [6c Qs 2h 9h] [3d]
*** SHOW DOWN ***
JragSuited: shows [Ac Kd] (high card Ace)
gentleman655: shows [Qh Jc] (a pair of Queens)
gentleman655 collected 1000 from pot
JragSuited finished the tournament in 3rd place
*** SUMMARY ***
Total pot 1000 | Rake 0 
Board [6c Qs 2h 9h 3d]
Seat 1: Mahu2021 (button) folded before Flop (didn't bet)
Seat 2: JragSuited (small blind) showed [Ac Kd] and lost with high card Ace
Seat 3: gentleman655 (big blind) showed [Qh Jc] and won (1000) with a pair of Queens



PokerStars Hand #251455315417: Tournament #3777126985, $1.84+$0.16 USD Hold'em No Limit - Level I (10/20) - 2024/07/12 21:02:38 CET [2024/07/12 15:02:38 ET]
Table '3777126985 1' 3-max Seat #3 is the button
Seat 1: Mahu2021 (500 in chips) 
Seat 3: gentleman655 (1000 in chips) 
gentleman655: posts small blind 10
Mahu2021: posts big blind 20
*** HOLE CARDS ***
Dealt to Mahu2021 [4h 6h]
gentleman655: calls 10
Mahu2021: checks 
*** FLOP *** [8h 2d 2s]
Mahu2021: checks 
gentleman655: checks 
*** TURN *** [8h 2d 2s] [4c]
Mahu2021: checks 
gentleman655: bets 20
Mahu2021: calls 20
*** RIVER *** [8h 2d 2s 4c] [5d]
Mahu2021: checks 
gentleman655: bets 20
Mahu2021: calls 20
*** SHOW DOWN ***
gentleman655: shows [4d 7h] (two pair, Fours and Deuces)
Mahu2021: shows [4h 6h] (two pair, Fours and Deuces)
Mahu2021 collected 60 from pot
gentleman655 collected 60 from pot
*** SUMMARY ***
Total pot 120 | Rake 0 
Board [8h 2d 2s 4c 5d]
Seat 1: Mahu2021 (big blind) showed [4h 6h] and won (60) with two pair, Fours and Deuces
Seat 3: gentleman655 (button) (small blind) showed [4d 7h] and won (60) with two pair, Fours and Deuces



PokerStars Hand #251455319951: Tournament #3777126985, $1.84+$0.16 USD Hold'em No Limit - Level I (10/20) - 2024/07/12 21:02:53 CET [2024/07/12 15:02:53 ET]
Table '3777126985 1' 3-max Seat #1 is the button
Seat 1: Mahu2021 (500 in chips) 
Seat 3: gentleman655 (1000 in chips) 
Mahu2021: posts small blind 10
gentleman655: posts big blind 20
*** HOLE CARDS ***
Dealt to Mahu2021 [4h Tc]
Mahu2021: folds 
Uncalled bet (10) returned to gentleman655
gentleman655 collected 20 from pot
*** SUMMARY ***
Total pot 20 | Rake 0 
Seat 1: Mahu2021 (button) (small blind) folded before Flop
Seat 3: gentleman655 (big blind) collected (20)



PokerStars Hand #251455321499: Tournament #3777126985, $1.84+$0.16 USD Hold'em No Limit - Level I (10/20) - 2024/07/12 21:02:58 CET [2024/07/12 15:02:58 ET]
Table '3777126985 1' 3-max Seat #3 is the button
Seat 1: Mahu2021 (490 in chips) 
Seat 3: gentleman655 (1010 in chips) 
gentleman655: posts small blind 10
Mahu2021: posts big blind 20
*** HOLE CARDS ***
Dealt to Mahu2021 [Ah Qd]
gentleman655: calls 10
Mahu2021: raises 80 to 100
gentleman655: folds 
Uncalled bet (80) returned to Mahu2021
Mahu2021 collected 40 from pot
Mahu2021: doesn't show hand 
*** SUMMARY ***
Total pot 40 | Rake 0 
Seat 1: Mahu2021 (big blind) collected (40)
Seat 3: gentleman655 (button) (small blind) folded before Flop



PokerStars Hand #251455324389: Tournament #3777126985, $1.84+$0.16 USD Hold'em No Limit - Level I (10/20) - 2024/07/12 21:03:07 CET [2024/07/12 15:03:07 ET]
Table '3777126985 1' 3-max Seat #1 is the button
Seat 1: Mahu2021 (510 in chips) 
Seat 3: gentleman655 (990 in chips) 
Mahu2021: posts small blind 10
gentleman655: posts big blind 20
*** HOLE CARDS ***
Dealt to Mahu2021 [Tc Jd]
Mahu2021: raises 20 to 40
gentleman655: calls 20
*** FLOP *** [7d 6c 4c]
gentleman655: bets 40
Mahu2021: calls 40
*** TURN *** [7d 6c 4c] [Kc]
gentleman655: bets 40
Mahu2021: calls 40
*** RIVER *** [7d 6c 4c Kc] [3s]
gentleman655: bets 100
Mahu2021: raises 290 to 390 and is all-in
gentleman655: folds 
Uncalled bet (290) returned to Mahu2021
Mahu2021 collected 440 from pot
Mahu2021: doesn't show hand 
*** SUMMARY ***
Total pot 440 | Rake 0 
Board [7d 6c 4c Kc 3s]
Seat 1: Mahu2021 (button) (small blind) collected (440)
Seat 3: gentleman655 (big blind) folded on the River



PokerStars Hand #251455335864: Tournament #3777126985, $1.84+$0.16 USD Hold'em No Limit - Level I (10/20) - 2024/07/12 21:03:43 CET [2024/07/12 15:03:43 ET]
Table '3777126985 1' 3-max Seat #3 is the button
Seat 1: Mahu2021 (730 in chips) 
Seat 3: gentleman655 (770 in chips) 
gentleman655: posts small blind 10
Mahu2021: posts big blind 20
*** HOLE CARDS ***
Dealt to Mahu2021 [5d 8s]
gentleman655: folds 
Uncalled bet (10) returned to Mahu2021
Mahu2021 collected 20 from pot
Mahu2021: doesn't show hand 
*** SUMMARY ***
Total pot 20 | Rake 0 
Seat 1: Mahu2021 (big blind) collected (20)
Seat 3: gentleman655 (button) (small blind) folded before Flop



PokerStars Hand #251455337534: Tournament #3777126985, $1.84+$0.16 USD Hold'em No Limit - Level I (10/20) - 2024/07/12 21:03:48 CET [2024/07/12 15:03:48 ET]
Table '3777126985 1' 3-max Seat #1 is the button
Seat 1: Mahu2021 (740 in chips) 
Seat 3: gentleman655 (760 in chips) 
Mahu2021: posts small blind 10
gentleman655: posts big blind 20
*** HOLE CARDS ***
Dealt to Mahu2021 [Kd 3h]
Mahu2021: calls 10
gentleman655: checks 
*** FLOP *** [Qd 5s 7d]
gentleman655: bets 20
Mahu2021: folds 
Uncalled bet (20) returned to gentleman655
gentleman655 collected 40 from pot
*** SUMMARY ***
Total pot 40 | Rake 0 
Board [Qd 5s 7d]
Seat 1: Mahu2021 (button) (small blind) folded on the Flop
Seat 3: gentleman655 (big blind) collected (40)



PokerStars Hand #251455340133: Tournament #3777126985, $1.84+$0.16 USD Hold'em No Limit - Level I (10/20) - 2024/07/12 21:03:56 CET [2024/07/12 15:03:56 ET]
Table '3777126985 1' 3-max Seat #3 is the button
Seat 1: Mahu2021 (720 in chips) 
Seat 3: gentleman655 (780 in chips) 
gentleman655: posts small blind 10
Mahu2021: posts big blind 20
*** HOLE CARDS ***
Dealt to Mahu2021 [Jh Th]
gentleman655: calls 10
Mahu2021: checks 
*** FLOP *** [4s 2s Kc]
Mahu2021: checks 
gentleman655: bets 20
Mahu2021: calls 20
*** TURN *** [4s 2s Kc] [Kd]
Mahu2021: checks 
gentleman655: checks 
*** RIVER *** [4s 2s Kc Kd] [5s]
Mahu2021: bets 80
gentleman655: calls 80
*** SHOW DOWN ***
Mahu2021: shows [Jh Th] (a pair of Kings)
gentleman655: shows [5c Qs] (two pair, Kings and Fives)
gentleman655 collected 240 from pot
*** SUMMARY ***
Total pot 240 | Rake 0 
Board [4s 2s Kc Kd 5s]
Seat 1: Mahu2021 (big blind) showed [Jh Th] and lost with a pair of Kings
Seat 3: gentleman655 (button) (small blind) showed [5c Qs] and won (240) with two pair, Kings and Fives



PokerStars Hand #251455346527: Tournament #3777126985, $1.84+$0.16 USD Hold'em No Limit - Level I (10/20) - 2024/07/12 21:04:17 CET [2024/07/12 15:04:17 ET]
Table '3777126985 1' 3-max Seat #1 is the button
Seat 1: Mahu2021 (600 in chips) 
Seat 3: gentleman655 (900 in chips) 
Mahu2021: posts small blind 10
gentleman655: posts big blind 20
*** HOLE CARDS ***
Dealt to Mahu2021 [Qh 4c]
Mahu2021: folds 
Uncalled bet (10) returned to gentleman655
gentleman655 collected 20 from pot
*** SUMMARY ***
Total pot 20 | Rake 0 
Seat 1: Mahu2021 (button) (small blind) folded before Flop
Seat 3: gentleman655 (big blind) collected (20)



PokerStars Hand #251455348782: Tournament #3777126985, $1.84+$0.16 USD Hold'em No Limit - Level II (15/30) - 2024/07/12 21:04:24 CET [2024/07/12 15:04:24 ET]
Table '3777126985 1' 3-max Seat #3 is the button
Seat 1: Mahu2021 (590 in chips) 
Seat 3: gentleman655 (910 in chips) 
gentleman655: posts small blind 15
Mahu2021: posts big blind 30
*** HOLE CARDS ***
Dealt to Mahu2021 [Jc 4s]
gentleman655: raises 60 to 90
Mahu2021: folds 
Uncalled bet (60) returned to gentleman655
gentleman655 collected 60 from pot
*** SUMMARY ***
Total pot 60 | Rake 0 
Seat 1: Mahu2021 (big blind) folded before Flop
Seat 3: gentleman655 (button) (small blind) collected (60)



PokerStars Hand #251455350940: Tournament #3777126985, $1.84+$0.16 USD Hold'em No Limit - Level II (15/30) - 2024/07/12 21:04:30 CET [2024/07/12 15:04:30 ET]
Table '3777126985 1' 3-max Seat #1 is the button
Seat 1: Mahu2021 (560 in chips) 
Seat 3: gentleman655 (940 in chips) 
Mahu2021: posts small blind 15
gentleman655: posts big blind 30
*** HOLE CARDS ***
Dealt to Mahu2021 [Kc 6c]
Mahu2021: raises 30 to 60
gentleman655: folds 
Uncalled bet (30) returned to Mahu2021
Mahu2021 collected 60 from pot
Mahu2021: doesn't show hand 
*** SUMMARY ***
Total pot 60 | Rake 0 
Seat 1: Mahu2021 (button) (small blind) collected (60)
Seat 3: gentleman655 (big blind) folded before Flop



PokerStars Hand #251455354082: Tournament #3777126985, $1.84+$0.16 USD Hold'em No Limit - Level II (15/30) - 2024/07/12 21:04:40 CET [2024/07/12 15:04:40 ET]
Table '3777126985 1' 3-max Seat #3 is the button
Seat 1: Mahu2021 (590 in chips) 
Seat 3: gentleman655 (910 in chips) 
gentleman655: posts small blind 15
Mahu2021: posts big blind 30
*** HOLE CARDS ***
Dealt to Mahu2021 [5s Ts]
gentleman655: folds 
Uncalled bet (15) returned to Mahu2021
Mahu2021 collected 30 from pot
Mahu2021: doesn't show hand 
*** SUMMARY ***
Total pot 30 | Rake 0 
Seat 1: Mahu2021 (big blind) collected (30)
Seat 3: gentleman655 (button) (small blind) folded before Flop



PokerStars Hand #251455356191: Tournament #3777126985, $1.84+$0.16 USD Hold'em No Limit - Level II (15/30) - 2024/07/12 21:04:47 CET [2024/07/12 15:04:47 ET]
Table '3777126985 1' 3-max Seat #1 is the button
Seat 1: Mahu2021 (605 in chips) 
Seat 3: gentleman655 (895 in chips) 
Mahu2021: posts small blind 15
gentleman655: posts big blind 30
*** HOLE CARDS ***
Dealt to Mahu2021 [9d Qs]
Mahu2021: calls 15
gentleman655: raises 30 to 60
Mahu2021: calls 30
*** FLOP *** [Jh 4d Jd]
gentleman655: bets 60
Mahu2021: folds 
Uncalled bet (60) returned to gentleman655
gentleman655 collected 120 from pot
*** SUMMARY ***
Total pot 120 | Rake 0 
Board [Jh 4d Jd]
Seat 1: Mahu2021 (button) (small blind) folded on the Flop
Seat 3: gentleman655 (big blind) collected (120)



PokerStars Hand #251455361090: Tournament #3777126985, $1.84+$0.16 USD Hold'em No Limit - Level II (15/30) - 2024/07/12 21:05:02 CET [2024/07/12 15:05:02 ET]
Table '3777126985 1' 3-max Seat #3 is the button
Seat 1: Mahu2021 (545 in chips) 
Seat 3: gentleman655 (955 in chips) 
gentleman655: posts small blind 15
Mahu2021: posts big blind 30
*** HOLE CARDS ***
Dealt to Mahu2021 [4s 4h]
gentleman655: raises 60 to 90
Mahu2021: raises 455 to 545 and is all-in
gentleman655: calls 455
*** FLOP *** [4d 3d Th]
*** TURN *** [4d 3d Th] [7d]
*** RIVER *** [4d 3d Th 7d] [Kd]
*** SHOW DOWN ***
Mahu2021: shows [4s 4h] (three of a kind, Fours)
gentleman655: shows [Kc Ac] (a pair of Kings)
Mahu2021 collected 1090 from pot
*** SUMMARY ***
Total pot 1090 | Rake 0 
Board [4d 3d Th 7d Kd]
Seat 1: Mahu2021 (big blind) showed [4s 4h] and won (1090) with three of a kind, Fours
Seat 3: gentleman655 (button) (small blind) showed [Kc Ac] and lost with a pair of Kings



PokerStars Hand #251455366045: Tournament #3777126985, $1.84+$0.16 USD Hold'em No Limit - Level II (15/30) - 2024/07/12 21:05:17 CET [2024/07/12 15:05:17 ET]
Table '3777126985 1' 3-max Seat #1 is the button
Seat 1: Mahu2021 (1090 in chips) 
Seat 3: gentleman655 (410 in chips) 
Mahu2021: posts small blind 15
gentleman655: posts big blind 30
*** HOLE CARDS ***
Dealt to Mahu2021 [2c 9d]
Mahu2021: folds 
Uncalled bet (15) returned to gentleman655
gentleman655 collected 30 from pot
*** SUMMARY ***
Total pot 30 | Rake 0 
Seat 1: Mahu2021 (button) (small blind) folded before Flop
Seat 3: gentleman655 (big blind) collected (30)



PokerStars Hand #251455367394: Tournament #3777126985, $1.84+$0.16 USD Hold'em No Limit - Level II (15/30) - 2024/07/12 21:05:21 CET [2024/07/12 15:05:21 ET]
Table '3777126985 1' 3-max Seat #3 is the button
Seat 1: Mahu2021 (1075 in chips) 
Seat 3: gentleman655 (425 in chips) 
gentleman655: posts small blind 15
Mahu2021: posts big blind 30
*** HOLE CARDS ***
Dealt to Mahu2021 [Ts 3s]
gentleman655: calls 15
Mahu2021: checks 
*** FLOP *** [Kh 5c Jd]
Mahu2021: checks 
gentleman655: checks 
*** TURN *** [Kh 5c Jd] [7h]
Mahu2021: checks 
gentleman655: bets 60
Mahu2021: folds 
Uncalled bet (60) returned to gentleman655
gentleman655 collected 60 from pot
*** SUMMARY ***
Total pot 60 | Rake 0 
Board [Kh 5c Jd 7h]
Seat 1: Mahu2021 (big blind) folded on the Turn
Seat 3: gentleman655 (button) (small blind) collected (60)



PokerStars Hand #251455371752: Tournament #3777126985, $1.84+$0.16 USD Hold'em No Limit - Level II (15/30) - 2024/07/12 21:05:34 CET [2024/07/12 15:05:34 ET]
Table '3777126985 1' 3-max Seat #1 is the button
Seat 1: Mahu2021 (1045 in chips) 
Seat 3: gentleman655 (455 in chips) 
Mahu2021: posts small blind 15
gentleman655: posts big blind 30
*** HOLE CARDS ***
Dealt to Mahu2021 [2s 2h]
Mahu2021: calls 15
gentleman655: checks 
*** FLOP *** [5d 4s 6d]
gentleman655: bets 60
Mahu2021: folds 
Uncalled bet (60) returned to gentleman655
gentleman655 collected 60 from pot
*** SUMMARY ***
Total pot 60 | Rake 0 
Board [5d 4s 6d]
Seat 1: Mahu2021 (button) (small blind) folded on the Flop
Seat 3: gentleman655 (big blind) collected (60)



PokerStars Hand #251455376153: Tournament #3777126985, $1.84+$0.16 USD Hold'em No Limit - Level II (15/30) - 2024/07/12 21:05:48 CET [2024/07/12 15:05:48 ET]
Table '3777126985 1' 3-max Seat #3 is the button
Seat 1: Mahu2021 (1015 in chips) 
Seat 3: gentleman655 (485 in chips) 
gentleman655: posts small blind 15
Mahu2021: posts big blind 30
*** HOLE CARDS ***
Dealt to Mahu2021 [9h 2h]
gentleman655: raises 30 to 60
Mahu2021: folds 
Uncalled bet (30) returned to gentleman655
gentleman655 collected 60 from pot
*** SUMMARY ***
Total pot 60 | Rake 0 
Seat 1: Mahu2021 (big blind) folded before Flop
Seat 3: gentleman655 (button) (small blind) collected (60)



PokerStars Hand #251455378588: Tournament #3777126985, $1.84+$0.16 USD Hold'em No Limit - Level II (15/30) - 2024/07/12 21:05:55 CET [2024/07/12 15:05:55 ET]
Table '3777126985 1' 3-max Seat #1 is the button
Seat 1: Mahu2021 (985 in chips) 
Seat 3: gentleman655 (515 in chips) 
Mahu2021: posts small blind 15
gentleman655: posts big blind 30
*** HOLE CARDS ***
Dealt to Mahu2021 [6d 2c]
Mahu2021: folds 
Uncalled bet (15) returned to gentleman655
gentleman655 collected 30 from pot
*** SUMMARY ***
Total pot 30 | Rake 0 
Seat 1: Mahu2021 (button) (small blind) folded before Flop
Seat 3: gentleman655 (big blind) collected (30)



PokerStars Hand #251455380001: Tournament #3777126985, $1.84+$0.16 USD Hold'em No Limit - Level II (15/30) - 2024/07/12 21:05:59 CET [2024/07/12 15:05:59 ET]
Table '3777126985 1' 3-max Seat #3 is the button
Seat 1: Mahu2021 (970 in chips) 
Seat 3: gentleman655 (530 in chips) 
gentleman655: posts small blind 15
Mahu2021: posts big blind 30
*** HOLE CARDS ***
Dealt to Mahu2021 [Th 9d]
gentleman655: calls 15
Mahu2021: checks 
*** FLOP *** [Kc Kd 7c]
Mahu2021: checks 
gentleman655: checks 
*** TURN *** [Kc Kd 7c] [4c]
Mahu2021: checks 
gentleman655: bets 30
Mahu2021: folds 
Uncalled bet (30) returned to gentleman655
gentleman655 collected 60 from pot
*** SUMMARY ***
Total pot 60 | Rake 0 
Board [Kc Kd 7c 4c]
Seat 1: Mahu2021 (big blind) folded on the Turn
Seat 3: gentleman655 (button) (small blind) collected (60)



PokerStars Hand #251455384078: Tournament #3777126985, $1.84+$0.16 USD Hold'em No Limit - Level II (15/30) - 2024/07/12 21:06:12 CET [2024/07/12 15:06:12 ET]
Table '3777126985 1' 3-max Seat #1 is the button
Seat 1: Mahu2021 (940 in chips) 
Seat 3: gentleman655 (560 in chips) 
Mahu2021: posts small blind 15
gentleman655: posts big blind 30
*** HOLE CARDS ***
Dealt to Mahu2021 [As Ks]
Mahu2021: calls 15
gentleman655: checks 
*** FLOP *** [Qh 8h Jd]
gentleman655: checks 
Mahu2021: bets 30
gentleman655: calls 30
*** TURN *** [Qh 8h Jd] [Ts]
gentleman655: checks 
Mahu2021: bets 30
gentleman655: calls 30
*** RIVER *** [Qh 8h Jd Ts] [3c]
gentleman655: checks 
Mahu2021: bets 120
gentleman655: folds 
Uncalled bet (120) returned to Mahu2021
Mahu2021 collected 180 from pot
Mahu2021: doesn't show hand 
*** SUMMARY ***
Total pot 180 | Rake 0 
Board [Qh 8h Jd Ts 3c]
Seat 1: Mahu2021 (button) (small blind) collected (180)
Seat 3: gentleman655 (big blind) folded on the River



PokerStars Hand #251455393601: Tournament #3777126985, $1.84+$0.16 USD Hold'em No Limit - Level III (20/40) - 2024/07/12 21:06:40 CET [2024/07/12 15:06:40 ET]
Table '3777126985 1' 3-max Seat #3 is the button
Seat 1: Mahu2021 (1030 in chips) 
Seat 3: gentleman655 (470 in chips) 
gentleman655: posts small blind 20
Mahu2021: posts big blind 40
*** HOLE CARDS ***
Dealt to Mahu2021 [Qc 2h]
gentleman655: calls 20
Mahu2021: checks 
*** FLOP *** [6d Jd 6s]
Mahu2021: checks 
gentleman655: checks 
*** TURN *** [6d Jd 6s] [6h]
Mahu2021: bets 40
gentleman655: calls 40
*** RIVER *** [6d Jd 6s 6h] [6c]
Mahu2021: bets 950 and is all-in
gentleman655: folds 
Uncalled bet (950) returned to Mahu2021
Mahu2021 collected 160 from pot
Mahu2021: doesn't show hand 
*** SUMMARY ***
Total pot 160 | Rake 0 
Board [6d Jd 6s 6h 6c]
Seat 1: Mahu2021 (big blind) collected (160)
Seat 3: gentleman655 (button) (small blind) folded on the River



PokerStars Hand #251455399407: Tournament #3777126985, $1.84+$0.16 USD Hold'em No Limit - Level III (20/40) - 2024/07/12 21:06:57 CET [2024/07/12 15:06:57 ET]
Table '3777126985 1' 3-max Seat #1 is the button
Seat 1: Mahu2021 (1110 in chips) 
Seat 3: gentleman655 (390 in chips) 
Mahu2021: posts small blind 20
gentleman655: posts big blind 40
*** HOLE CARDS ***
Dealt to Mahu2021 [Qs Js]
Mahu2021: calls 20
gentleman655: checks 
*** FLOP *** [Ad 2s 8s]
gentleman655: checks 
Mahu2021: bets 40
gentleman655: folds 
Uncalled bet (40) returned to Mahu2021
Mahu2021 collected 80 from pot
Mahu2021: doesn't show hand 
*** SUMMARY ***
Total pot 80 | Rake 0 
Board [Ad 2s 8s]
Seat 1: Mahu2021 (button) (small blind) collected (80)
Seat 3: gentleman655 (big blind) folded on the Flop



PokerStars Hand #251455404575: Tournament #3777126985, $1.84+$0.16 USD Hold'em No Limit - Level III (20/40) - 2024/07/12 21:07:13 CET [2024/07/12 15:07:13 ET]
Table '3777126985 1' 3-max Seat #3 is the button
Seat 1: Mahu2021 (1150 in chips) 
Seat 3: gentleman655 (350 in chips) 
gentleman655: posts small blind 20
Mahu2021: posts big blind 40
*** HOLE CARDS ***
Dealt to Mahu2021 [Kc 7s]
gentleman655: raises 310 to 350 and is all-in
Mahu2021: folds 
Uncalled bet (310) returned to gentleman655
gentleman655 collected 80 from pot
*** SUMMARY ***
Total pot 80 | Rake 0 
Seat 1: Mahu2021 (big blind) folded before Flop
Seat 3: gentleman655 (button) (small blind) collected (80)



PokerStars Hand #251455406887: Tournament #3777126985, $1.84+$0.16 USD Hold'em No Limit - Level III (20/40) - 2024/07/12 21:07:20 CET [2024/07/12 15:07:20 ET]
Table '3777126985 1' 3-max Seat #1 is the button
Seat 1: Mahu2021 (1110 in chips) 
Seat 3: gentleman655 (390 in chips) 
Mahu2021: posts small blind 20
gentleman655: posts big blind 40
*** HOLE CARDS ***
Dealt to Mahu2021 [7s Ad]
Mahu2021: raises 40 to 80
gentleman655: calls 40
*** FLOP *** [9c Td 8s]
gentleman655: bets 310 and is all-in
Mahu2021: calls 310
*** TURN *** [9c Td 8s] [Ts]
*** RIVER *** [9c Td 8s Ts] [7h]
*** SHOW DOWN ***
gentleman655: shows [7c 5d] (two pair, Tens and Sevens)
Mahu2021: shows [7s Ad] (two pair, Tens and Sevens - Ace kicker)
Mahu2021 collected 780 from pot
gentleman655 finished the tournament in 2nd place
Mahu2021 wins the tournament and receives $4.00 - congratulations!
*** SUMMARY ***
Total pot 780 | Rake 0 
Board [9c Td 8s Ts 7h]
Seat 1: Mahu2021 (button) (small blind) showed [7s Ad] and won (780) with two pair, Tens and Sevens
Seat 3: gentleman655 (big blind) showed [7c 5d] and lost with two pair, Tens and Sevens



