PokerStars Hand #254501362207: Tournament #3850380476, $4.60+$0.40 USD Hold'em No Limit - Level I (10/20) - 2025/01/22 18:13:43 CET [2025/01/22 12:13:43 ET]
Table '3850380476 1' 3-max Seat #1 is the button
Seat 1: xatsi18 (500 in chips) 
Seat 2: uzbelov (500 in chips) 
Seat 3: Mahu2021 (500 in chips) 
uzbelov: posts small blind 10
Mahu2021: posts big blind 20
*** HOLE CARDS ***
Dealt to Mahu2021 [4h Ah]
xatsi18: folds 
uzbelov: raises 20 to 40
Mahu2021: calls 20
*** FLOP *** [4s 6c 9d]
uzbelov: bets 40
Mahu2021: calls 40
*** TURN *** [4s 6c 9d] [8s]
uzbelov: bets 100
Mahu2021: folds 
Uncalled bet (100) returned to uzbelov
uzbelov collected 160 from pot
uzbelov: doesn't show hand 
*** SUMMARY ***
Total pot 160 | Rake 0 
Board [4s 6c 9d 8s]
Seat 1: xatsi18 (button) folded before Flop (didn't bet)
Seat 2: uzbelov (small blind) collected (160)
Seat 3: Mahu2021 (big blind) folded on the Turn



PokerStars Hand #254501367936: Tournament #3850380476, $4.60+$0.40 USD Hold'em No Limit - Level I (10/20) - 2025/01/22 18:14:06 CET [2025/01/22 12:14:06 ET]
Table '3850380476 1' 3-max Seat #2 is the button
Seat 1: xatsi18 (500 in chips) 
Seat 2: uzbelov (580 in chips) 
Seat 3: Mahu2021 (420 in chips) 
Mahu2021: posts small blind 10
xatsi18: posts big blind 20
*** HOLE CARDS ***
Dealt to Mahu2021 [6h 5h]
uzbelov: folds 
Mahu2021: raises 20 to 40
xatsi18: folds 
Uncalled bet (20) returned to Mahu2021
Mahu2021 collected 40 from pot
Mahu2021: doesn't show hand 
*** SUMMARY ***
Total pot 40 | Rake 0 
Seat 1: xatsi18 (big blind) folded before Flop
Seat 2: uzbelov (button) folded before Flop (didn't bet)
Seat 3: Mahu2021 (small blind) collected (40)



PokerStars Hand #254501369880: Tournament #3850380476, $4.60+$0.40 USD Hold'em No Limit - Level I (10/20) - 2025/01/22 18:14:14 CET [2025/01/22 12:14:14 ET]
Table '3850380476 1' 3-max Seat #3 is the button
Seat 1: xatsi18 (480 in chips) 
Seat 2: uzbelov (580 in chips) 
Seat 3: Mahu2021 (440 in chips) 
xatsi18: posts small blind 10
uzbelov: posts big blind 20
*** HOLE CARDS ***
Dealt to Mahu2021 [9h 4d]
Mahu2021: folds 
xatsi18: raises 20 to 40
uzbelov: raises 80 to 120
xatsi18: calls 80
*** FLOP *** [2d 7d 6s]
xatsi18: checks 
uzbelov: bets 160
xatsi18: calls 160
*** TURN *** [2d 7d 6s] [8h]
xatsi18: checks 
uzbelov: bets 300 and is all-in
xatsi18: calls 200 and is all-in
Uncalled bet (100) returned to uzbelov
*** RIVER *** [2d 7d 6s 8h] [7h]
*** SHOW DOWN ***
xatsi18: shows [4h 5c] (a straight, Four to Eight)
uzbelov: shows [Th Td] (two pair, Tens and Sevens)
xatsi18 collected 960 from pot
*** SUMMARY ***
Total pot 960 | Rake 0 
Board [2d 7d 6s 8h 7h]
Seat 1: xatsi18 (small blind) showed [4h 5c] and won (960) with a straight, Four to Eight
Seat 2: uzbelov (big blind) showed [Th Td] and lost with two pair, Tens and Sevens
Seat 3: Mahu2021 (button) folded before Flop (didn't bet)



PokerStars Hand #254501377015: Tournament #3850380476, $4.60+$0.40 USD Hold'em No Limit - Level I (10/20) - 2025/01/22 18:14:43 CET [2025/01/22 12:14:43 ET]
Table '3850380476 1' 3-max Seat #1 is the button
Seat 1: xatsi18 (960 in chips) 
Seat 2: uzbelov (100 in chips) 
Seat 3: Mahu2021 (440 in chips) 
uzbelov: posts small blind 10
Mahu2021: posts big blind 20
*** HOLE CARDS ***
Dealt to Mahu2021 [3h 2h]
xatsi18: raises 20 to 40
uzbelov: raises 60 to 100 and is all-in
Mahu2021: folds 
xatsi18: calls 60
*** FLOP *** [Ts 3d Ac]
*** TURN *** [Ts 3d Ac] [7d]
*** RIVER *** [Ts 3d Ac 7d] [4c]
*** SHOW DOWN ***
uzbelov: shows [8h Qs] (high card Ace)
xatsi18: shows [4h 5s] (a pair of Fours)
xatsi18 collected 220 from pot
uzbelov finished the tournament in 3rd place
*** SUMMARY ***
Total pot 220 | Rake 0 
Board [Ts 3d Ac 7d 4c]
Seat 1: xatsi18 (button) showed [4h 5s] and won (220) with a pair of Fours
Seat 2: uzbelov (small blind) showed [8h Qs] and lost with high card Ace
Seat 3: Mahu2021 (big blind) folded before Flop



PokerStars Hand #254501382405: Tournament #3850380476, $4.60+$0.40 USD Hold'em No Limit - Level I (10/20) - 2025/01/22 18:15:04 CET [2025/01/22 12:15:04 ET]
Table '3850380476 1' 3-max Seat #3 is the button
Seat 1: xatsi18 (1080 in chips) 
Seat 3: Mahu2021 (420 in chips) 
Mahu2021: posts small blind 10
xatsi18: posts big blind 20
*** HOLE CARDS ***
Dealt to Mahu2021 [Kc Td]
Mahu2021: raises 20 to 40
xatsi18: folds 
Uncalled bet (20) returned to Mahu2021
Mahu2021 collected 40 from pot
Mahu2021: doesn't show hand 
*** SUMMARY ***
Total pot 40 | Rake 0 
Seat 1: xatsi18 (big blind) folded before Flop
Seat 3: Mahu2021 (button) (small blind) collected (40)



PokerStars Hand #254501383825: Tournament #3850380476, $4.60+$0.40 USD Hold'em No Limit - Level I (10/20) - 2025/01/22 18:15:10 CET [2025/01/22 12:15:10 ET]
Table '3850380476 1' 3-max Seat #1 is the button
Seat 1: xatsi18 (1060 in chips) 
Seat 3: Mahu2021 (440 in chips) 
xatsi18: posts small blind 10
Mahu2021: posts big blind 20
*** HOLE CARDS ***
Dealt to Mahu2021 [3h 5d]
xatsi18: folds 
Uncalled bet (10) returned to Mahu2021
Mahu2021 collected 20 from pot
Mahu2021: doesn't show hand 
*** SUMMARY ***
Total pot 20 | Rake 0 
Seat 1: xatsi18 (button) (small blind) folded before Flop
Seat 3: Mahu2021 (big blind) collected (20)



PokerStars Hand #254501385087: Tournament #3850380476, $4.60+$0.40 USD Hold'em No Limit - Level I (10/20) - 2025/01/22 18:15:15 CET [2025/01/22 12:15:15 ET]
Table '3850380476 1' 3-max Seat #3 is the button
Seat 1: xatsi18 (1050 in chips) 
Seat 3: Mahu2021 (450 in chips) 
Mahu2021: posts small blind 10
xatsi18: posts big blind 20
*** HOLE CARDS ***
Dealt to Mahu2021 [6s 7s]
Mahu2021: raises 20 to 40
xatsi18: raises 20 to 60
Mahu2021: calls 20
*** FLOP *** [Jh Kc 4d]
xatsi18: bets 60
Mahu2021: folds 
Uncalled bet (60) returned to xatsi18
xatsi18 collected 120 from pot
xatsi18: doesn't show hand 
*** SUMMARY ***
Total pot 120 | Rake 0 
Board [Jh Kc 4d]
Seat 1: xatsi18 (big blind) collected (120)
Seat 3: Mahu2021 (button) (small blind) folded on the Flop



PokerStars Hand #254501388210: Tournament #3850380476, $4.60+$0.40 USD Hold'em No Limit - Level I (10/20) - 2025/01/22 18:15:28 CET [2025/01/22 12:15:28 ET]
Table '3850380476 1' 3-max Seat #1 is the button
Seat 1: xatsi18 (1110 in chips) 
Seat 3: Mahu2021 (390 in chips) 
xatsi18: posts small blind 10
Mahu2021: posts big blind 20
*** HOLE CARDS ***
Dealt to Mahu2021 [Kh 9c]
xatsi18: raises 1090 to 1110 and is all-in
Mahu2021: folds 
Uncalled bet (1090) returned to xatsi18
xatsi18 collected 40 from pot
xatsi18: doesn't show hand 
*** SUMMARY ***
Total pot 40 | Rake 0 
Seat 1: xatsi18 (button) (small blind) collected (40)
Seat 3: Mahu2021 (big blind) folded before Flop



PokerStars Hand #254501390021: Tournament #3850380476, $4.60+$0.40 USD Hold'em No Limit - Level I (10/20) - 2025/01/22 18:15:35 CET [2025/01/22 12:15:35 ET]
Table '3850380476 1' 3-max Seat #3 is the button
Seat 1: xatsi18 (1130 in chips) 
Seat 3: Mahu2021 (370 in chips) 
Mahu2021: posts small blind 10
xatsi18: posts big blind 20
*** HOLE CARDS ***
Dealt to Mahu2021 [Qc 3s]
Mahu2021: calls 10
xatsi18: checks 
*** FLOP *** [2s 7c 6d]
xatsi18: bets 20
Mahu2021: folds 
Uncalled bet (20) returned to xatsi18
xatsi18 collected 40 from pot
xatsi18: doesn't show hand 
*** SUMMARY ***
Total pot 40 | Rake 0 
Board [2s 7c 6d]
Seat 1: xatsi18 (big blind) collected (40)
Seat 3: Mahu2021 (button) (small blind) folded on the Flop



PokerStars Hand #254501393254: Tournament #3850380476, $4.60+$0.40 USD Hold'em No Limit - Level II (15/30) - 2025/01/22 18:15:48 CET [2025/01/22 12:15:48 ET]
Table '3850380476 1' 3-max Seat #1 is the button
Seat 1: xatsi18 (1150 in chips) 
Seat 3: Mahu2021 (350 in chips) 
xatsi18: posts small blind 15
Mahu2021: posts big blind 30
*** HOLE CARDS ***
Dealt to Mahu2021 [7d 4s]
xatsi18: raises 30 to 60
Mahu2021: folds 
Uncalled bet (30) returned to xatsi18
xatsi18 collected 60 from pot
xatsi18: doesn't show hand 
*** SUMMARY ***
Total pot 60 | Rake 0 
Seat 1: xatsi18 (button) (small blind) collected (60)
Seat 3: Mahu2021 (big blind) folded before Flop



PokerStars Hand #254501394930: Tournament #3850380476, $4.60+$0.40 USD Hold'em No Limit - Level II (15/30) - 2025/01/22 18:15:55 CET [2025/01/22 12:15:55 ET]
Table '3850380476 1' 3-max Seat #3 is the button
Seat 1: xatsi18 (1180 in chips) 
Seat 3: Mahu2021 (320 in chips) 
Mahu2021: posts small blind 15
xatsi18: posts big blind 30
*** HOLE CARDS ***
Dealt to Mahu2021 [4s 7c]
Mahu2021: folds 
Uncalled bet (15) returned to xatsi18
xatsi18 collected 30 from pot
xatsi18: doesn't show hand 
*** SUMMARY ***
Total pot 30 | Rake 0 
Seat 1: xatsi18 (big blind) collected (30)
Seat 3: Mahu2021 (button) (small blind) folded before Flop



PokerStars Hand #254501395920: Tournament #3850380476, $4.60+$0.40 USD Hold'em No Limit - Level II (15/30) - 2025/01/22 18:15:59 CET [2025/01/22 12:15:59 ET]
Table '3850380476 1' 3-max Seat #1 is the button
Seat 1: xatsi18 (1195 in chips) 
Seat 3: Mahu2021 (305 in chips) 
xatsi18: posts small blind 15
Mahu2021: posts big blind 30
*** HOLE CARDS ***
Dealt to Mahu2021 [Ks 2h]
xatsi18: raises 1165 to 1195 and is all-in
Mahu2021: folds 
Uncalled bet (1165) returned to xatsi18
xatsi18 collected 60 from pot
xatsi18: doesn't show hand 
*** SUMMARY ***
Total pot 60 | Rake 0 
Seat 1: xatsi18 (button) (small blind) collected (60)
Seat 3: Mahu2021 (big blind) folded before Flop



PokerStars Hand #254501397896: Tournament #3850380476, $4.60+$0.40 USD Hold'em No Limit - Level II (15/30) - 2025/01/22 18:16:07 CET [2025/01/22 12:16:07 ET]
Table '3850380476 1' 3-max Seat #3 is the button
Seat 1: xatsi18 (1225 in chips) 
Seat 3: Mahu2021 (275 in chips) 
Mahu2021: posts small blind 15
xatsi18: posts big blind 30
*** HOLE CARDS ***
Dealt to Mahu2021 [Th 9c]
Mahu2021: raises 30 to 60
xatsi18: folds 
Uncalled bet (30) returned to Mahu2021
Mahu2021 collected 60 from pot
Mahu2021: doesn't show hand 
*** SUMMARY ***
Total pot 60 | Rake 0 
Seat 1: xatsi18 (big blind) folded before Flop
Seat 3: Mahu2021 (button) (small blind) collected (60)



PokerStars Hand #254501399684: Tournament #3850380476, $4.60+$0.40 USD Hold'em No Limit - Level II (15/30) - 2025/01/22 18:16:14 CET [2025/01/22 12:16:14 ET]
Table '3850380476 1' 3-max Seat #1 is the button
Seat 1: xatsi18 (1195 in chips) 
Seat 3: Mahu2021 (305 in chips) 
xatsi18: posts small blind 15
Mahu2021: posts big blind 30
*** HOLE CARDS ***
Dealt to Mahu2021 [Kh 7c]
xatsi18: raises 1165 to 1195 and is all-in
Mahu2021: folds 
Uncalled bet (1165) returned to xatsi18
xatsi18 collected 60 from pot
xatsi18: doesn't show hand 
*** SUMMARY ***
Total pot 60 | Rake 0 
Seat 1: xatsi18 (button) (small blind) collected (60)
Seat 3: Mahu2021 (big blind) folded before Flop



PokerStars Hand #254501401800: Tournament #3850380476, $4.60+$0.40 USD Hold'em No Limit - Level II (15/30) - 2025/01/22 18:16:23 CET [2025/01/22 12:16:23 ET]
Table '3850380476 1' 3-max Seat #3 is the button
Seat 1: xatsi18 (1225 in chips) 
Seat 3: Mahu2021 (275 in chips) 
Mahu2021: posts small blind 15
xatsi18: posts big blind 30
*** HOLE CARDS ***
Dealt to Mahu2021 [2h Jc]
Mahu2021: calls 15
xatsi18: raises 60 to 90
Mahu2021: folds 
Uncalled bet (60) returned to xatsi18
xatsi18 collected 60 from pot
xatsi18: doesn't show hand 
*** SUMMARY ***
Total pot 60 | Rake 0 
Seat 1: xatsi18 (big blind) collected (60)
Seat 3: Mahu2021 (button) (small blind) folded before Flop



PokerStars Hand #254501403747: Tournament #3850380476, $4.60+$0.40 USD Hold'em No Limit - Level II (15/30) - 2025/01/22 18:16:31 CET [2025/01/22 12:16:31 ET]
Table '3850380476 1' 3-max Seat #1 is the button
Seat 1: xatsi18 (1255 in chips) 
Seat 3: Mahu2021 (245 in chips) 
xatsi18: posts small blind 15
Mahu2021: posts big blind 30
*** HOLE CARDS ***
Dealt to Mahu2021 [5h 6d]
xatsi18: raises 1225 to 1255 and is all-in
Mahu2021: folds 
Uncalled bet (1225) returned to xatsi18
xatsi18 collected 60 from pot
xatsi18: doesn't show hand 
*** SUMMARY ***
Total pot 60 | Rake 0 
Seat 1: xatsi18 (button) (small blind) collected (60)
Seat 3: Mahu2021 (big blind) folded before Flop



PokerStars Hand #254501405494: Tournament #3850380476, $4.60+$0.40 USD Hold'em No Limit - Level II (15/30) - 2025/01/22 18:16:38 CET [2025/01/22 12:16:38 ET]
Table '3850380476 1' 3-max Seat #3 is the button
Seat 1: xatsi18 (1285 in chips) 
Seat 3: Mahu2021 (215 in chips) 
Mahu2021: posts small blind 15
xatsi18: posts big blind 30
*** HOLE CARDS ***
Dealt to Mahu2021 [Kh 2s]
Mahu2021: raises 185 to 215 and is all-in
xatsi18: folds 
Uncalled bet (185) returned to Mahu2021
Mahu2021 collected 60 from pot
Mahu2021: doesn't show hand 
*** SUMMARY ***
Total pot 60 | Rake 0 
Seat 1: xatsi18 (big blind) folded before Flop
Seat 3: Mahu2021 (button) (small blind) collected (60)



PokerStars Hand #254501407077: Tournament #3850380476, $4.60+$0.40 USD Hold'em No Limit - Level II (15/30) - 2025/01/22 18:16:44 CET [2025/01/22 12:16:44 ET]
Table '3850380476 1' 3-max Seat #1 is the button
Seat 1: xatsi18 (1255 in chips) 
Seat 3: Mahu2021 (245 in chips) 
xatsi18: posts small blind 15
Mahu2021: posts big blind 30
*** HOLE CARDS ***
Dealt to Mahu2021 [4d 3h]
xatsi18: calls 15
Mahu2021: checks 
*** FLOP *** [Ah Kd Qc]
Mahu2021: checks 
xatsi18: checks 
*** TURN *** [Ah Kd Qc] [4c]
Mahu2021: bets 30
xatsi18: calls 30
*** RIVER *** [Ah Kd Qc 4c] [7c]
Mahu2021: checks 
xatsi18: checks 
*** SHOW DOWN ***
Mahu2021: shows [4d 3h] (a pair of Fours)
xatsi18: shows [4s 5c] (a pair of Fours)
Mahu2021 collected 60 from pot
xatsi18 collected 60 from pot
*** SUMMARY ***
Total pot 120 | Rake 0 
Board [Ah Kd Qc 4c 7c]
Seat 1: xatsi18 (button) (small blind) showed [4s 5c] and won (60) with a pair of Fours
Seat 3: Mahu2021 (big blind) showed [4d 3h] and won (60) with a pair of Fours



PokerStars Hand #254501411413: Tournament #3850380476, $4.60+$0.40 USD Hold'em No Limit - Level II (15/30) - 2025/01/22 18:17:01 CET [2025/01/22 12:17:01 ET]
Table '3850380476 1' 3-max Seat #3 is the button
Seat 1: xatsi18 (1255 in chips) 
Seat 3: Mahu2021 (245 in chips) 
Mahu2021: posts small blind 15
xatsi18: posts big blind 30
*** HOLE CARDS ***
Dealt to Mahu2021 [8h 5h]
Mahu2021: calls 15
xatsi18: checks 
*** FLOP *** [As 5c 5s]
xatsi18: checks 
Mahu2021: checks 
*** TURN *** [As 5c 5s] [Kc]
xatsi18: checks 
Mahu2021: checks 
*** RIVER *** [As 5c 5s Kc] [Th]
xatsi18: checks 
Mahu2021: bets 30
xatsi18: folds 
Uncalled bet (30) returned to Mahu2021
Mahu2021 collected 60 from pot
Mahu2021: doesn't show hand 
*** SUMMARY ***
Total pot 60 | Rake 0 
Board [As 5c 5s Kc Th]
Seat 1: xatsi18 (big blind) folded on the River
Seat 3: Mahu2021 (button) (small blind) collected (60)



PokerStars Hand #254501420001: Tournament #3850380476, $4.60+$0.40 USD Hold'em No Limit - Level II (15/30) - 2025/01/22 18:17:36 CET [2025/01/22 12:17:36 ET]
Table '3850380476 1' 3-max Seat #1 is the button
Seat 1: xatsi18 (1225 in chips) 
Seat 3: Mahu2021 (275 in chips) 
xatsi18: posts small blind 15
Mahu2021: posts big blind 30
*** HOLE CARDS ***
Dealt to Mahu2021 [7s 6s]
xatsi18: calls 15
Mahu2021: checks 
*** FLOP *** [Td Qs 4h]
Mahu2021: checks 
xatsi18: bets 30
Mahu2021: folds 
Uncalled bet (30) returned to xatsi18
xatsi18 collected 60 from pot
xatsi18: doesn't show hand 
*** SUMMARY ***
Total pot 60 | Rake 0 
Board [Td Qs 4h]
Seat 1: xatsi18 (button) (small blind) collected (60)
Seat 3: Mahu2021 (big blind) folded on the Flop



PokerStars Hand #254501423289: Tournament #3850380476, $4.60+$0.40 USD Hold'em No Limit - Level III (20/40) - 2025/01/22 18:17:49 CET [2025/01/22 12:17:49 ET]
Table '3850380476 1' 3-max Seat #3 is the button
Seat 1: xatsi18 (1255 in chips) 
Seat 3: Mahu2021 (245 in chips) 
Mahu2021: posts small blind 20
xatsi18: posts big blind 40
*** HOLE CARDS ***
Dealt to Mahu2021 [7c Td]
Mahu2021: folds 
Uncalled bet (20) returned to xatsi18
xatsi18 collected 40 from pot
xatsi18: doesn't show hand 
*** SUMMARY ***
Total pot 40 | Rake 0 
Seat 1: xatsi18 (big blind) collected (40)
Seat 3: Mahu2021 (button) (small blind) folded before Flop



PokerStars Hand #254501424321: Tournament #3850380476, $4.60+$0.40 USD Hold'em No Limit - Level III (20/40) - 2025/01/22 18:17:53 CET [2025/01/22 12:17:53 ET]
Table '3850380476 1' 3-max Seat #1 is the button
Seat 1: xatsi18 (1275 in chips) 
Seat 3: Mahu2021 (225 in chips) 
xatsi18: posts small blind 20
Mahu2021: posts big blind 40
*** HOLE CARDS ***
Dealt to Mahu2021 [Jc Qh]
xatsi18: raises 40 to 80
Mahu2021: calls 40
*** FLOP *** [9h Qs 7h]
Mahu2021: bets 145 and is all-in
xatsi18: calls 145
*** TURN *** [9h Qs 7h] [Ac]
*** RIVER *** [9h Qs 7h Ac] [Qd]
*** SHOW DOWN ***
Mahu2021: shows [Jc Qh] (three of a kind, Queens)
xatsi18: shows [Ts 6c] (a pair of Queens)
Mahu2021 collected 450 from pot
*** SUMMARY ***
Total pot 450 | Rake 0 
Board [9h Qs 7h Ac Qd]
Seat 1: xatsi18 (button) (small blind) showed [Ts 6c] and lost with a pair of Queens
Seat 3: Mahu2021 (big blind) showed [Jc Qh] and won (450) with three of a kind, Queens



PokerStars Hand #254501428575: Tournament #3850380476, $4.60+$0.40 USD Hold'em No Limit - Level III (20/40) - 2025/01/22 18:18:10 CET [2025/01/22 12:18:10 ET]
Table '3850380476 1' 3-max Seat #3 is the button
Seat 1: xatsi18 (1050 in chips) 
Seat 3: Mahu2021 (450 in chips) 
Mahu2021: posts small blind 20
xatsi18: posts big blind 40
*** HOLE CARDS ***
Dealt to Mahu2021 [Qh 7h]
Mahu2021: calls 20
xatsi18: raises 1010 to 1050 and is all-in
Mahu2021: folds 
Uncalled bet (1010) returned to xatsi18
xatsi18 collected 80 from pot
xatsi18: doesn't show hand 
*** SUMMARY ***
Total pot 80 | Rake 0 
Seat 1: xatsi18 (big blind) collected (80)
Seat 3: Mahu2021 (button) (small blind) folded before Flop



PokerStars Hand #254501431015: Tournament #3850380476, $4.60+$0.40 USD Hold'em No Limit - Level III (20/40) - 2025/01/22 18:18:20 CET [2025/01/22 12:18:20 ET]
Table '3850380476 1' 3-max Seat #1 is the button
Seat 1: xatsi18 (1090 in chips) 
Seat 3: Mahu2021 (410 in chips) 
xatsi18: posts small blind 20
Mahu2021: posts big blind 40
*** HOLE CARDS ***
Dealt to Mahu2021 [2s 6c]
xatsi18: folds 
Uncalled bet (20) returned to Mahu2021
Mahu2021 collected 40 from pot
Mahu2021: doesn't show hand 
*** SUMMARY ***
Total pot 40 | Rake 0 
Seat 1: xatsi18 (button) (small blind) folded before Flop
Seat 3: Mahu2021 (big blind) collected (40)



PokerStars Hand #254501432338: Tournament #3850380476, $4.60+$0.40 USD Hold'em No Limit - Level III (20/40) - 2025/01/22 18:18:25 CET [2025/01/22 12:18:25 ET]
Table '3850380476 1' 3-max Seat #3 is the button
Seat 1: xatsi18 (1070 in chips) 
Seat 3: Mahu2021 (430 in chips) 
Mahu2021: posts small blind 20
xatsi18: posts big blind 40
*** HOLE CARDS ***
Dealt to Mahu2021 [5s Ad]
Mahu2021: calls 20
xatsi18: raises 1030 to 1070 and is all-in
Mahu2021: calls 390 and is all-in
Uncalled bet (640) returned to xatsi18
*** FLOP *** [6h 4c Tc]
*** TURN *** [6h 4c Tc] [2s]
*** RIVER *** [6h 4c Tc 2s] [3d]
*** SHOW DOWN ***
xatsi18: shows [6d 6c] (three of a kind, Sixes)
Mahu2021: shows [5s Ad] (a straight, Deuce to Six)
Mahu2021 collected 860 from pot
*** SUMMARY ***
Total pot 860 | Rake 0 
Board [6h 4c Tc 2s 3d]
Seat 1: xatsi18 (big blind) showed [6d 6c] and lost with three of a kind, Sixes
Seat 3: Mahu2021 (button) (small blind) showed [5s Ad] and won (860) with a straight, Deuce to Six



PokerStars Hand #254501436520: Tournament #3850380476, $4.60+$0.40 USD Hold'em No Limit - Level III (20/40) - 2025/01/22 18:18:42 CET [2025/01/22 12:18:42 ET]
Table '3850380476 1' 3-max Seat #1 is the button
Seat 1: xatsi18 (640 in chips) 
Seat 3: Mahu2021 (860 in chips) 
xatsi18: posts small blind 20
Mahu2021: posts big blind 40
*** HOLE CARDS ***
Dealt to Mahu2021 [3h 5c]
xatsi18: raises 40 to 80
Mahu2021: folds 
Uncalled bet (40) returned to xatsi18
xatsi18 collected 80 from pot
xatsi18: doesn't show hand 
*** SUMMARY ***
Total pot 80 | Rake 0 
Seat 1: xatsi18 (button) (small blind) collected (80)
Seat 3: Mahu2021 (big blind) folded before Flop



PokerStars Hand #254501438389: Tournament #3850380476, $4.60+$0.40 USD Hold'em No Limit - Level III (20/40) - 2025/01/22 18:18:49 CET [2025/01/22 12:18:49 ET]
Table '3850380476 1' 3-max Seat #3 is the button
Seat 1: xatsi18 (680 in chips) 
Seat 3: Mahu2021 (820 in chips) 
Mahu2021: posts small blind 20
xatsi18: posts big blind 40
*** HOLE CARDS ***
Dealt to Mahu2021 [4s 9c]
Mahu2021: folds 
Uncalled bet (20) returned to xatsi18
xatsi18 collected 40 from pot
xatsi18: doesn't show hand 
*** SUMMARY ***
Total pot 40 | Rake 0 
Seat 1: xatsi18 (big blind) collected (40)
Seat 3: Mahu2021 (button) (small blind) folded before Flop



PokerStars Hand #254501439412: Tournament #3850380476, $4.60+$0.40 USD Hold'em No Limit - Level III (20/40) - 2025/01/22 18:18:53 CET [2025/01/22 12:18:53 ET]
Table '3850380476 1' 3-max Seat #1 is the button
Seat 1: xatsi18 (700 in chips) 
Seat 3: Mahu2021 (800 in chips) 
xatsi18: posts small blind 20
Mahu2021: posts big blind 40
*** HOLE CARDS ***
Dealt to Mahu2021 [Ah Ac]
xatsi18: folds 
Uncalled bet (20) returned to Mahu2021
Mahu2021 collected 40 from pot
Mahu2021: doesn't show hand 
*** SUMMARY ***
Total pot 40 | Rake 0 
Seat 1: xatsi18 (button) (small blind) folded before Flop
Seat 3: Mahu2021 (big blind) collected (40)



PokerStars Hand #254501441055: Tournament #3850380476, $4.60+$0.40 USD Hold'em No Limit - Level III (20/40) - 2025/01/22 18:19:00 CET [2025/01/22 12:19:00 ET]
Table '3850380476 1' 3-max Seat #3 is the button
Seat 1: xatsi18 (680 in chips) 
Seat 3: Mahu2021 (820 in chips) 
Mahu2021: posts small blind 20
xatsi18: posts big blind 40
*** HOLE CARDS ***
Dealt to Mahu2021 [Tc 8s]
Mahu2021: calls 20
xatsi18: checks 
*** FLOP *** [Jc Kh 6d]
xatsi18: checks 
Mahu2021: checks 
*** TURN *** [Jc Kh 6d] [9c]
xatsi18: checks 
Mahu2021: bets 40
xatsi18: folds 
Uncalled bet (40) returned to Mahu2021
Mahu2021 collected 80 from pot
Mahu2021: doesn't show hand 
*** SUMMARY ***
Total pot 80 | Rake 0 
Board [Jc Kh 6d 9c]
Seat 1: xatsi18 (big blind) folded on the Turn
Seat 3: Mahu2021 (button) (small blind) collected (80)



PokerStars Hand #254501445052: Tournament #3850380476, $4.60+$0.40 USD Hold'em No Limit - Level III (20/40) - 2025/01/22 18:19:16 CET [2025/01/22 12:19:16 ET]
Table '3850380476 1' 3-max Seat #1 is the button
Seat 1: xatsi18 (640 in chips) 
Seat 3: Mahu2021 (860 in chips) 
xatsi18: posts small blind 20
Mahu2021: posts big blind 40
*** HOLE CARDS ***
Dealt to Mahu2021 [Ad Qd]
xatsi18: raises 40 to 80
Mahu2021: raises 780 to 860 and is all-in
xatsi18: calls 560 and is all-in
Uncalled bet (220) returned to Mahu2021
*** FLOP *** [4h 8h 2c]
*** TURN *** [4h 8h 2c] [3h]
*** RIVER *** [4h 8h 2c 3h] [9c]
*** SHOW DOWN ***
Mahu2021: shows [Ad Qd] (high card Ace)
xatsi18: shows [9h Kd] (a pair of Nines)
xatsi18 collected 1280 from pot
*** SUMMARY ***
Total pot 1280 | Rake 0 
Board [4h 8h 2c 3h 9c]
Seat 1: xatsi18 (button) (small blind) showed [9h Kd] and won (1280) with a pair of Nines
Seat 3: Mahu2021 (big blind) showed [Ad Qd] and lost with high card Ace



PokerStars Hand #254501448774: Tournament #3850380476, $4.60+$0.40 USD Hold'em No Limit - Level III (20/40) - 2025/01/22 18:19:30 CET [2025/01/22 12:19:30 ET]
Table '3850380476 1' 3-max Seat #3 is the button
Seat 1: xatsi18 (1280 in chips) 
Seat 3: Mahu2021 (220 in chips) 
Mahu2021: posts small blind 20
xatsi18: posts big blind 40
*** HOLE CARDS ***
Dealt to Mahu2021 [3h Kd]
Mahu2021: raises 180 to 220 and is all-in
xatsi18: calls 180
*** FLOP *** [Ah 4c 6d]
*** TURN *** [Ah 4c 6d] [3s]
*** RIVER *** [Ah 4c 6d 3s] [7s]
*** SHOW DOWN ***
xatsi18: shows [Qs 5s] (a straight, Three to Seven)
Mahu2021: shows [3h Kd] (a pair of Threes)
xatsi18 collected 440 from pot
Mahu2021 finished the tournament in 2nd place
xatsi18 wins the tournament and receives $10.00 - congratulations!
*** SUMMARY ***
Total pot 440 | Rake 0 
Board [Ah 4c 6d 3s 7s]
Seat 1: xatsi18 (big blind) showed [Qs 5s] and won (440) with a straight, Three to Seven
Seat 3: Mahu2021 (button) (small blind) showed [3h Kd] and lost with a pair of Threes



