PokerStars Hand #248038426167: Tournament #3695538054, $1.84+$0.16 USD Hold'em No Limit - Level I (10/20) - 2024/01/03 17:31:20 CET [2024/01/03 11:31:20 ET]
Table '3695538054 1' 3-max Seat #1 is the button
Seat 1: Sergeeeee (500 in chips) 
Seat 2: solmister (500 in chips) 
Seat 3: Mahu2021 (500 in chips) 
solmister: posts small blind 10
Mahu2021: posts big blind 20
*** HOLE CARDS ***
Dealt to Mahu2021 [Ac 8h]
Sergeeeee: folds 
solmister: calls 10
Mahu2021: checks 
*** FLOP *** [8c 7h 6d]
solmister: checks 
Mahu2021: bets 40
solmister: calls 40
*** TURN *** [8c 7h 6d] [4s]
solmister: bets 440 and is all-in
Mahu2021: folds 
Uncalled bet (440) returned to solmister
solmister collected 120 from pot
*** SUMMARY ***
Total pot 120 | Rake 0 
Board [8c 7h 6d 4s]
Seat 1: Sergeeeee (button) folded before Flop (didn't bet)
Seat 2: solmister (small blind) collected (120)
Seat 3: Mahu2021 (big blind) folded on the Turn



PokerStars Hand #248038433796: Tournament #3695538054, $1.84+$0.16 USD Hold'em No Limit - Level I (10/20) - 2024/01/03 17:31:45 CET [2024/01/03 11:31:45 ET]
Table '3695538054 1' 3-max Seat #2 is the button
Seat 1: Sergeeeee (500 in chips) 
Seat 2: solmister (560 in chips) 
Seat 3: Mahu2021 (440 in chips) 
Mahu2021: posts small blind 10
Sergeeeee: posts big blind 20
*** HOLE CARDS ***
Dealt to Mahu2021 [8d Qc]
solmister: folds 
Mahu2021: folds 
Uncalled bet (10) returned to Sergeeeee
Sergeeeee collected 20 from pot
*** SUMMARY ***
Total pot 20 | Rake 0 
Seat 1: Sergeeeee (big blind) collected (20)
Seat 2: solmister (button) folded before Flop (didn't bet)
Seat 3: Mahu2021 (small blind) folded before Flop



PokerStars Hand #248038435356: Tournament #3695538054, $1.84+$0.16 USD Hold'em No Limit - Level I (10/20) - 2024/01/03 17:31:51 CET [2024/01/03 11:31:51 ET]
Table '3695538054 1' 3-max Seat #3 is the button
Seat 1: Sergeeeee (510 in chips) 
Seat 2: solmister (560 in chips) 
Seat 3: Mahu2021 (430 in chips) 
Sergeeeee: posts small blind 10
solmister: posts big blind 20
*** HOLE CARDS ***
Dealt to Mahu2021 [2d 6s]
Mahu2021: folds 
Sergeeeee: raises 20 to 40
solmister: raises 80 to 120
Sergeeeee: raises 390 to 510 and is all-in
solmister: calls 390
*** FLOP *** [Ad 9c Ts]
*** TURN *** [Ad 9c Ts] [Qd]
*** RIVER *** [Ad 9c Ts Qd] [5d]
*** SHOW DOWN ***
Sergeeeee: shows [Kc Ac] (a pair of Aces)
solmister: shows [8s Ks] (high card Ace)
Sergeeeee collected 1020 from pot
*** SUMMARY ***
Total pot 1020 | Rake 0 
Board [Ad 9c Ts Qd 5d]
Seat 1: Sergeeeee (small blind) showed [Kc Ac] and won (1020) with a pair of Aces
Seat 2: solmister (big blind) showed [8s Ks] and lost with high card Ace
Seat 3: Mahu2021 (button) folded before Flop (didn't bet)



PokerStars Hand #248038441926: Tournament #3695538054, $1.84+$0.16 USD Hold'em No Limit - Level I (10/20) - 2024/01/03 17:32:13 CET [2024/01/03 11:32:13 ET]
Table '3695538054 1' 3-max Seat #1 is the button
Seat 1: Sergeeeee (1020 in chips) 
Seat 2: solmister (50 in chips) 
Seat 3: Mahu2021 (430 in chips) 
solmister: posts small blind 10
Mahu2021: posts big blind 20
*** HOLE CARDS ***
Dealt to Mahu2021 [8h Qd]
Sergeeeee: raises 20 to 40
solmister: folds 
Mahu2021: calls 20
*** FLOP *** [Ah 6d 4s]
Mahu2021: checks 
Sergeeeee: bets 20
Mahu2021: folds 
Uncalled bet (20) returned to Sergeeeee
Sergeeeee collected 90 from pot
*** SUMMARY ***
Total pot 90 | Rake 0 
Board [Ah 6d 4s]
Seat 1: Sergeeeee (button) collected (90)
Seat 2: solmister (small blind) folded before Flop
Seat 3: Mahu2021 (big blind) folded on the Flop



PokerStars Hand #248038446864: Tournament #3695538054, $1.84+$0.16 USD Hold'em No Limit - Level I (10/20) - 2024/01/03 17:32:29 CET [2024/01/03 11:32:29 ET]
Table '3695538054 1' 3-max Seat #2 is the button
Seat 1: Sergeeeee (1070 in chips) 
Seat 2: solmister (40 in chips) 
Seat 3: Mahu2021 (390 in chips) 
Mahu2021: posts small blind 10
Sergeeeee: posts big blind 20
*** HOLE CARDS ***
Dealt to Mahu2021 [Th 3h]
solmister: raises 20 to 40 and is all-in
Mahu2021: calls 30
Sergeeeee: calls 20
*** FLOP *** [4c 7h 3c]
Mahu2021: checks 
Sergeeeee: bets 20
Mahu2021: calls 20
*** TURN *** [4c 7h 3c] [Jd]
Mahu2021: checks 
Sergeeeee: checks 
*** RIVER *** [4c 7h 3c Jd] [2d]
Mahu2021: checks 
Sergeeeee: bets 60
Mahu2021: folds 
Uncalled bet (60) returned to Sergeeeee
*** SHOW DOWN ***
Sergeeeee: shows [4s 2s] (two pair, Fours and Deuces)
Sergeeeee collected 40 from side pot
solmister: shows [As 5d] (a straight, Ace to Five)
solmister collected 120 from main pot
*** SUMMARY ***
Total pot 160 Main pot 120. Side pot 40. | Rake 0 
Board [4c 7h 3c Jd 2d]
Seat 1: Sergeeeee (big blind) showed [4s 2s] and won (40) with two pair, Fours and Deuces
Seat 2: solmister (button) showed [As 5d] and won (120) with a straight, Ace to Five
Seat 3: Mahu2021 (small blind) folded on the River



PokerStars Hand #248038453533: Tournament #3695538054, $1.84+$0.16 USD Hold'em No Limit - Level I (10/20) - 2024/01/03 17:32:52 CET [2024/01/03 11:32:52 ET]
Table '3695538054 1' 3-max Seat #3 is the button
Seat 1: Sergeeeee (1050 in chips) 
Seat 2: solmister (120 in chips) 
Seat 3: Mahu2021 (330 in chips) 
Sergeeeee: posts small blind 10
solmister: posts big blind 20
*** HOLE CARDS ***
Dealt to Mahu2021 [8h 5s]
Mahu2021: folds 
Sergeeeee: folds 
Uncalled bet (10) returned to solmister
solmister collected 20 from pot
*** SUMMARY ***
Total pot 20 | Rake 0 
Seat 1: Sergeeeee (small blind) folded before Flop
Seat 2: solmister (big blind) collected (20)
Seat 3: Mahu2021 (button) folded before Flop (didn't bet)



PokerStars Hand #248038455329: Tournament #3695538054, $1.84+$0.16 USD Hold'em No Limit - Level I (10/20) - 2024/01/03 17:32:57 CET [2024/01/03 11:32:57 ET]
Table '3695538054 1' 3-max Seat #1 is the button
Seat 1: Sergeeeee (1040 in chips) 
Seat 2: solmister (130 in chips) 
Seat 3: Mahu2021 (330 in chips) 
solmister: posts small blind 10
Mahu2021: posts big blind 20
*** HOLE CARDS ***
Dealt to Mahu2021 [Td 4h]
Sergeeeee: folds 
solmister: raises 110 to 130 and is all-in
Mahu2021: folds 
Uncalled bet (110) returned to solmister
solmister collected 40 from pot
*** SUMMARY ***
Total pot 40 | Rake 0 
Seat 1: Sergeeeee (button) folded before Flop (didn't bet)
Seat 2: solmister (small blind) collected (40)
Seat 3: Mahu2021 (big blind) folded before Flop



PokerStars Hand #248038457435: Tournament #3695538054, $1.84+$0.16 USD Hold'em No Limit - Level I (10/20) - 2024/01/03 17:33:05 CET [2024/01/03 11:33:05 ET]
Table '3695538054 1' 3-max Seat #2 is the button
Seat 1: Sergeeeee (1040 in chips) 
Seat 2: solmister (150 in chips) 
Seat 3: Mahu2021 (310 in chips) 
Mahu2021: posts small blind 10
Sergeeeee: posts big blind 20
*** HOLE CARDS ***
Dealt to Mahu2021 [5s 7h]
solmister: folds 
Mahu2021: folds 
Uncalled bet (10) returned to Sergeeeee
Sergeeeee collected 20 from pot
*** SUMMARY ***
Total pot 20 | Rake 0 
Seat 1: Sergeeeee (big blind) collected (20)
Seat 2: solmister (button) folded before Flop (didn't bet)
Seat 3: Mahu2021 (small blind) folded before Flop



PokerStars Hand #248038458889: Tournament #3695538054, $1.84+$0.16 USD Hold'em No Limit - Level I (10/20) - 2024/01/03 17:33:10 CET [2024/01/03 11:33:10 ET]
Table '3695538054 1' 3-max Seat #3 is the button
Seat 1: Sergeeeee (1050 in chips) 
Seat 2: solmister (150 in chips) 
Seat 3: Mahu2021 (300 in chips) 
Sergeeeee: posts small blind 10
solmister: posts big blind 20
*** HOLE CARDS ***
Dealt to Mahu2021 [7d 8s]
Mahu2021: folds 
Sergeeeee: folds 
Uncalled bet (10) returned to solmister
solmister collected 20 from pot
*** SUMMARY ***
Total pot 20 | Rake 0 
Seat 1: Sergeeeee (small blind) folded before Flop
Seat 2: solmister (big blind) collected (20)
Seat 3: Mahu2021 (button) folded before Flop (didn't bet)



PokerStars Hand #248038460277: Tournament #3695538054, $1.84+$0.16 USD Hold'em No Limit - Level I (10/20) - 2024/01/03 17:33:14 CET [2024/01/03 11:33:14 ET]
Table '3695538054 1' 3-max Seat #1 is the button
Seat 1: Sergeeeee (1040 in chips) 
Seat 2: solmister (160 in chips) 
Seat 3: Mahu2021 (300 in chips) 
solmister: posts small blind 10
Mahu2021: posts big blind 20
*** HOLE CARDS ***
Dealt to Mahu2021 [Kh Ks]
Sergeeeee: raises 20 to 40
solmister: folds 
Mahu2021: raises 260 to 300 and is all-in
Sergeeeee: calls 260
*** FLOP *** [Ah 8c Kc]
*** TURN *** [Ah 8c Kc] [2h]
*** RIVER *** [Ah 8c Kc 2h] [3d]
*** SHOW DOWN ***
Mahu2021: shows [Kh Ks] (three of a kind, Kings)
Sergeeeee: shows [Tc Th] (a pair of Tens)
Mahu2021 collected 610 from pot
*** SUMMARY ***
Total pot 610 | Rake 0 
Board [Ah 8c Kc 2h 3d]
Seat 1: Sergeeeee (button) showed [Tc Th] and lost with a pair of Tens
Seat 2: solmister (small blind) folded before Flop
Seat 3: Mahu2021 (big blind) showed [Kh Ks] and won (610) with three of a kind, Kings



PokerStars Hand #248038466334: Tournament #3695538054, $1.84+$0.16 USD Hold'em No Limit - Level II (15/30) - 2024/01/03 17:33:34 CET [2024/01/03 11:33:34 ET]
Table '3695538054 1' 3-max Seat #2 is the button
Seat 1: Sergeeeee (740 in chips) 
Seat 2: solmister (150 in chips) 
Seat 3: Mahu2021 (610 in chips) 
Mahu2021: posts small blind 15
Sergeeeee: posts big blind 30
*** HOLE CARDS ***
Dealt to Mahu2021 [9s 5d]
solmister: raises 120 to 150 and is all-in
Mahu2021: folds 
Sergeeeee: folds 
Uncalled bet (120) returned to solmister
solmister collected 75 from pot
*** SUMMARY ***
Total pot 75 | Rake 0 
Seat 1: Sergeeeee (big blind) folded before Flop
Seat 2: solmister (button) collected (75)
Seat 3: Mahu2021 (small blind) folded before Flop



PokerStars Hand #248038468034: Tournament #3695538054, $1.84+$0.16 USD Hold'em No Limit - Level II (15/30) - 2024/01/03 17:33:40 CET [2024/01/03 11:33:40 ET]
Table '3695538054 1' 3-max Seat #3 is the button
Seat 1: Sergeeeee (710 in chips) 
Seat 2: solmister (195 in chips) 
Seat 3: Mahu2021 (595 in chips) 
Sergeeeee: posts small blind 15
solmister: posts big blind 30
*** HOLE CARDS ***
Dealt to Mahu2021 [Qs 9h]
Mahu2021: folds 
Sergeeeee: folds 
Uncalled bet (15) returned to solmister
solmister collected 30 from pot
*** SUMMARY ***
Total pot 30 | Rake 0 
Seat 1: Sergeeeee (small blind) folded before Flop
Seat 2: solmister (big blind) collected (30)
Seat 3: Mahu2021 (button) folded before Flop (didn't bet)



PokerStars Hand #248038469564: Tournament #3695538054, $1.84+$0.16 USD Hold'em No Limit - Level II (15/30) - 2024/01/03 17:33:45 CET [2024/01/03 11:33:45 ET]
Table '3695538054 1' 3-max Seat #1 is the button
Seat 1: Sergeeeee (695 in chips) 
Seat 2: solmister (210 in chips) 
Seat 3: Mahu2021 (595 in chips) 
solmister: posts small blind 15
Mahu2021: posts big blind 30
*** HOLE CARDS ***
Dealt to Mahu2021 [2s 6d]
Sergeeeee: raises 665 to 695 and is all-in
solmister: folds 
Mahu2021: folds 
Uncalled bet (665) returned to Sergeeeee
Sergeeeee collected 75 from pot
*** SUMMARY ***
Total pot 75 | Rake 0 
Seat 1: Sergeeeee (button) collected (75)
Seat 2: solmister (small blind) folded before Flop
Seat 3: Mahu2021 (big blind) folded before Flop



PokerStars Hand #248038471692: Tournament #3695538054, $1.84+$0.16 USD Hold'em No Limit - Level II (15/30) - 2024/01/03 17:33:52 CET [2024/01/03 11:33:52 ET]
Table '3695538054 1' 3-max Seat #2 is the button
Seat 1: Sergeeeee (740 in chips) 
Seat 2: solmister (195 in chips) 
Seat 3: Mahu2021 (565 in chips) 
Mahu2021: posts small blind 15
Sergeeeee: posts big blind 30
*** HOLE CARDS ***
Dealt to Mahu2021 [Js Th]
solmister: raises 165 to 195 and is all-in
Mahu2021: folds 
Sergeeeee: calls 165
*** FLOP *** [Ts 6c 8c]
*** TURN *** [Ts 6c 8c] [Tc]
*** RIVER *** [Ts 6c 8c Tc] [3s]
*** SHOW DOWN ***
Sergeeeee: shows [4c 4d] (two pair, Tens and Fours)
solmister: shows [9s 5s] (a pair of Tens)
Sergeeeee collected 405 from pot
solmister finished the tournament in 3rd place
*** SUMMARY ***
Total pot 405 | Rake 0 
Board [Ts 6c 8c Tc 3s]
Seat 1: Sergeeeee (big blind) showed [4c 4d] and won (405) with two pair, Tens and Fours
Seat 2: solmister (button) showed [9s 5s] and lost with a pair of Tens
Seat 3: Mahu2021 (small blind) folded before Flop



PokerStars Hand #248038476860: Tournament #3695538054, $1.84+$0.16 USD Hold'em No Limit - Level II (15/30) - 2024/01/03 17:34:09 CET [2024/01/03 11:34:09 ET]
Table '3695538054 1' 3-max Seat #1 is the button
Seat 1: Sergeeeee (950 in chips) 
Seat 3: Mahu2021 (550 in chips) 
Sergeeeee: posts small blind 15
Mahu2021: posts big blind 30
*** HOLE CARDS ***
Dealt to Mahu2021 [3h Tc]
Sergeeeee: folds 
Uncalled bet (15) returned to Mahu2021
Mahu2021 collected 30 from pot
Mahu2021: doesn't show hand 
*** SUMMARY ***
Total pot 30 | Rake 0 
Seat 1: Sergeeeee (button) (small blind) folded before Flop
Seat 3: Mahu2021 (big blind) collected (30)



PokerStars Hand #248038478228: Tournament #3695538054, $1.84+$0.16 USD Hold'em No Limit - Level II (15/30) - 2024/01/03 17:34:14 CET [2024/01/03 11:34:14 ET]
Table '3695538054 1' 3-max Seat #3 is the button
Seat 1: Sergeeeee (935 in chips) 
Seat 3: Mahu2021 (565 in chips) 
Mahu2021: posts small blind 15
Sergeeeee: posts big blind 30
*** HOLE CARDS ***
Dealt to Mahu2021 [5s Td]
Mahu2021: folds 
Uncalled bet (15) returned to Sergeeeee
Sergeeeee collected 30 from pot
*** SUMMARY ***
Total pot 30 | Rake 0 
Seat 1: Sergeeeee (big blind) collected (30)
Seat 3: Mahu2021 (button) (small blind) folded before Flop



PokerStars Hand #248038479642: Tournament #3695538054, $1.84+$0.16 USD Hold'em No Limit - Level II (15/30) - 2024/01/03 17:34:18 CET [2024/01/03 11:34:18 ET]
Table '3695538054 1' 3-max Seat #1 is the button
Seat 1: Sergeeeee (950 in chips) 
Seat 3: Mahu2021 (550 in chips) 
Sergeeeee: posts small blind 15
Mahu2021: posts big blind 30
*** HOLE CARDS ***
Dealt to Mahu2021 [Ts Jd]
Sergeeeee: calls 15
Mahu2021: checks 
*** FLOP *** [2h 3d 9s]
Mahu2021: checks 
Sergeeeee: checks 
*** TURN *** [2h 3d 9s] [5s]
Mahu2021: checks 
Sergeeeee: checks 
*** RIVER *** [2h 3d 9s 5s] [2s]
Mahu2021: checks 
Sergeeeee: bets 30
Mahu2021: folds 
Uncalled bet (30) returned to Sergeeeee
Sergeeeee collected 60 from pot
*** SUMMARY ***
Total pot 60 | Rake 0 
Board [2h 3d 9s 5s 2s]
Seat 1: Sergeeeee (button) (small blind) collected (60)
Seat 3: Mahu2021 (big blind) folded on the River



PokerStars Hand #248038484000: Tournament #3695538054, $1.84+$0.16 USD Hold'em No Limit - Level II (15/30) - 2024/01/03 17:34:33 CET [2024/01/03 11:34:33 ET]
Table '3695538054 1' 3-max Seat #3 is the button
Seat 1: Sergeeeee (980 in chips) 
Seat 3: Mahu2021 (520 in chips) 
Mahu2021: posts small blind 15
Sergeeeee: posts big blind 30
*** HOLE CARDS ***
Dealt to Mahu2021 [4c 2d]
Mahu2021: folds 
Uncalled bet (15) returned to Sergeeeee
Sergeeeee collected 30 from pot
*** SUMMARY ***
Total pot 30 | Rake 0 
Seat 1: Sergeeeee (big blind) collected (30)
Seat 3: Mahu2021 (button) (small blind) folded before Flop



PokerStars Hand #248038485472: Tournament #3695538054, $1.84+$0.16 USD Hold'em No Limit - Level II (15/30) - 2024/01/03 17:34:38 CET [2024/01/03 11:34:38 ET]
Table '3695538054 1' 3-max Seat #1 is the button
Seat 1: Sergeeeee (995 in chips) 
Seat 3: Mahu2021 (505 in chips) 
Sergeeeee: posts small blind 15
Mahu2021: posts big blind 30
*** HOLE CARDS ***
Dealt to Mahu2021 [5c Jh]
Sergeeeee: raises 30 to 60
Mahu2021: folds 
Uncalled bet (30) returned to Sergeeeee
Sergeeeee collected 60 from pot
*** SUMMARY ***
Total pot 60 | Rake 0 
Seat 1: Sergeeeee (button) (small blind) collected (60)
Seat 3: Mahu2021 (big blind) folded before Flop



PokerStars Hand #248038487405: Tournament #3695538054, $1.84+$0.16 USD Hold'em No Limit - Level II (15/30) - 2024/01/03 17:34:44 CET [2024/01/03 11:34:44 ET]
Table '3695538054 1' 3-max Seat #3 is the button
Seat 1: Sergeeeee (1025 in chips) 
Seat 3: Mahu2021 (475 in chips) 
Mahu2021: posts small blind 15
Sergeeeee: posts big blind 30
*** HOLE CARDS ***
Dealt to Mahu2021 [3c 6s]
Mahu2021: folds 
Uncalled bet (15) returned to Sergeeeee
Sergeeeee collected 30 from pot
*** SUMMARY ***
Total pot 30 | Rake 0 
Seat 1: Sergeeeee (big blind) collected (30)
Seat 3: Mahu2021 (button) (small blind) folded before Flop



PokerStars Hand #248038488824: Tournament #3695538054, $1.84+$0.16 USD Hold'em No Limit - Level II (15/30) - 2024/01/03 17:34:49 CET [2024/01/03 11:34:49 ET]
Table '3695538054 1' 3-max Seat #1 is the button
Seat 1: Sergeeeee (1040 in chips) 
Seat 3: Mahu2021 (460 in chips) 
Sergeeeee: posts small blind 15
Mahu2021: posts big blind 30
*** HOLE CARDS ***
Dealt to Mahu2021 [4s 4c]
Sergeeeee: calls 15
Mahu2021: raises 430 to 460 and is all-in
Sergeeeee: folds 
Uncalled bet (430) returned to Mahu2021
Mahu2021 collected 60 from pot
Mahu2021: doesn't show hand 
*** SUMMARY ***
Total pot 60 | Rake 0 
Seat 1: Sergeeeee (button) (small blind) folded before Flop
Seat 3: Mahu2021 (big blind) collected (60)



PokerStars Hand #248038490900: Tournament #3695538054, $1.84+$0.16 USD Hold'em No Limit - Level II (15/30) - 2024/01/03 17:34:56 CET [2024/01/03 11:34:56 ET]
Table '3695538054 1' 3-max Seat #3 is the button
Seat 1: Sergeeeee (1010 in chips) 
Seat 3: Mahu2021 (490 in chips) 
Mahu2021: posts small blind 15
Sergeeeee: posts big blind 30
*** HOLE CARDS ***
Dealt to Mahu2021 [9c 2s]
Mahu2021: folds 
Uncalled bet (15) returned to Sergeeeee
Sergeeeee collected 30 from pot
*** SUMMARY ***
Total pot 30 | Rake 0 
Seat 1: Sergeeeee (big blind) collected (30)
Seat 3: Mahu2021 (button) (small blind) folded before Flop



PokerStars Hand #248038492262: Tournament #3695538054, $1.84+$0.16 USD Hold'em No Limit - Level II (15/30) - 2024/01/03 17:35:01 CET [2024/01/03 11:35:01 ET]
Table '3695538054 1' 3-max Seat #1 is the button
Seat 1: Sergeeeee (1025 in chips) 
Seat 3: Mahu2021 (475 in chips) 
Sergeeeee: posts small blind 15
Mahu2021: posts big blind 30
*** HOLE CARDS ***
Dealt to Mahu2021 [3h Qc]
Sergeeeee: calls 15
Mahu2021: checks 
*** FLOP *** [5h 2s 6s]
Mahu2021: checks 
Sergeeeee: bets 90
Mahu2021: folds 
Uncalled bet (90) returned to Sergeeeee
Sergeeeee collected 60 from pot
*** SUMMARY ***
Total pot 60 | Rake 0 
Board [5h 2s 6s]
Seat 1: Sergeeeee (button) (small blind) collected (60)
Seat 3: Mahu2021 (big blind) folded on the Flop



PokerStars Hand #248038495551: Tournament #3695538054, $1.84+$0.16 USD Hold'em No Limit - Level II (15/30) - 2024/01/03 17:35:11 CET [2024/01/03 11:35:11 ET]
Table '3695538054 1' 3-max Seat #3 is the button
Seat 1: Sergeeeee (1055 in chips) 
Seat 3: Mahu2021 (445 in chips) 
Mahu2021: posts small blind 15
Sergeeeee: posts big blind 30
*** HOLE CARDS ***
Dealt to Mahu2021 [Ks Qc]
Mahu2021: calls 15
Sergeeeee: checks 
*** FLOP *** [6c Ad Jc]
Sergeeeee: checks 
Mahu2021: checks 
*** TURN *** [6c Ad Jc] [5s]
Sergeeeee: checks 
Mahu2021: checks 
*** RIVER *** [6c Ad Jc 5s] [Ac]
Sergeeeee: bets 30
Mahu2021: calls 30
*** SHOW DOWN ***
Sergeeeee: shows [8d 4h] (a pair of Aces)
Mahu2021: shows [Ks Qc] (a pair of Aces - King kicker)
Mahu2021 collected 120 from pot
*** SUMMARY ***
Total pot 120 | Rake 0 
Board [6c Ad Jc 5s Ac]
Seat 1: Sergeeeee (big blind) showed [8d 4h] and lost with a pair of Aces
Seat 3: Mahu2021 (button) (small blind) showed [Ks Qc] and won (120) with a pair of Aces



PokerStars Hand #248038500202: Tournament #3695538054, $1.84+$0.16 USD Hold'em No Limit - Level III (20/40) - 2024/01/03 17:35:27 CET [2024/01/03 11:35:27 ET]
Table '3695538054 1' 3-max Seat #1 is the button
Seat 1: Sergeeeee (995 in chips) 
Seat 3: Mahu2021 (505 in chips) 
Sergeeeee: posts small blind 20
Mahu2021: posts big blind 40
*** HOLE CARDS ***
Dealt to Mahu2021 [As Qh]
Sergeeeee: calls 20
Mahu2021: raises 40 to 80
Sergeeeee: calls 40
*** FLOP *** [Kd 3d 6h]
Mahu2021: checks 
Sergeeeee: bets 915 and is all-in
Mahu2021: folds 
Uncalled bet (915) returned to Sergeeeee
Sergeeeee collected 160 from pot
*** SUMMARY ***
Total pot 160 | Rake 0 
Board [Kd 3d 6h]
Seat 1: Sergeeeee (button) (small blind) collected (160)
Seat 3: Mahu2021 (big blind) folded on the Flop



PokerStars Hand #248038504527: Tournament #3695538054, $1.84+$0.16 USD Hold'em No Limit - Level III (20/40) - 2024/01/03 17:35:41 CET [2024/01/03 11:35:41 ET]
Table '3695538054 1' 3-max Seat #3 is the button
Seat 1: Sergeeeee (1075 in chips) 
Seat 3: Mahu2021 (425 in chips) 
Mahu2021: posts small blind 20
Sergeeeee: posts big blind 40
*** HOLE CARDS ***
Dealt to Mahu2021 [7s Ad]
Mahu2021: calls 20
Sergeeeee: checks 
*** FLOP *** [7c Ts Js]
Sergeeeee: checks 
Mahu2021: checks 
*** TURN *** [7c Ts Js] [2s]
Sergeeeee: checks 
Mahu2021: checks 
*** RIVER *** [7c Ts Js 2s] [7d]
Sergeeeee: checks 
Mahu2021: bets 40
Sergeeeee: folds 
Uncalled bet (40) returned to Mahu2021
Mahu2021 collected 80 from pot
Mahu2021: doesn't show hand 
*** SUMMARY ***
Total pot 80 | Rake 0 
Board [7c Ts Js 2s 7d]
Seat 1: Sergeeeee (big blind) folded on the River
Seat 3: Mahu2021 (button) (small blind) collected (80)



PokerStars Hand #248038509042: Tournament #3695538054, $1.84+$0.16 USD Hold'em No Limit - Level III (20/40) - 2024/01/03 17:35:56 CET [2024/01/03 11:35:56 ET]
Table '3695538054 1' 3-max Seat #1 is the button
Seat 1: Sergeeeee (1035 in chips) 
Seat 3: Mahu2021 (465 in chips) 
Sergeeeee: posts small blind 20
Mahu2021: posts big blind 40
*** HOLE CARDS ***
Dealt to Mahu2021 [8d 6d]
Sergeeeee: folds 
Uncalled bet (20) returned to Mahu2021
Mahu2021 collected 40 from pot
Mahu2021: doesn't show hand 
*** SUMMARY ***
Total pot 40 | Rake 0 
Seat 1: Sergeeeee (button) (small blind) folded before Flop
Seat 3: Mahu2021 (big blind) collected (40)



PokerStars Hand #248038510342: Tournament #3695538054, $1.84+$0.16 USD Hold'em No Limit - Level III (20/40) - 2024/01/03 17:36:00 CET [2024/01/03 11:36:00 ET]
Table '3695538054 1' 3-max Seat #3 is the button
Seat 1: Sergeeeee (1015 in chips) 
Seat 3: Mahu2021 (485 in chips) 
Mahu2021: posts small blind 20
Sergeeeee: posts big blind 40
*** HOLE CARDS ***
Dealt to Mahu2021 [3d 4h]
Mahu2021: calls 20
Sergeeeee: checks 
*** FLOP *** [6h Th 8d]
Sergeeeee: checks 
Mahu2021: checks 
*** TURN *** [6h Th 8d] [Tc]
Sergeeeee: checks 
Mahu2021: bets 40
Sergeeeee: folds 
Uncalled bet (40) returned to Mahu2021
Mahu2021 collected 80 from pot
Mahu2021: doesn't show hand 
*** SUMMARY ***
Total pot 80 | Rake 0 
Board [6h Th 8d Tc]
Seat 1: Sergeeeee (big blind) folded on the Turn
Seat 3: Mahu2021 (button) (small blind) collected (80)



PokerStars Hand #248038514042: Tournament #3695538054, $1.84+$0.16 USD Hold'em No Limit - Level III (20/40) - 2024/01/03 17:36:13 CET [2024/01/03 11:36:13 ET]
Table '3695538054 1' 3-max Seat #1 is the button
Seat 1: Sergeeeee (975 in chips) 
Seat 3: Mahu2021 (525 in chips) 
Sergeeeee: posts small blind 20
Mahu2021: posts big blind 40
*** HOLE CARDS ***
Dealt to Mahu2021 [6s Qd]
Sergeeeee: raises 40 to 80
Mahu2021: folds 
Uncalled bet (40) returned to Sergeeeee
Sergeeeee collected 80 from pot
*** SUMMARY ***
Total pot 80 | Rake 0 
Seat 1: Sergeeeee (button) (small blind) collected (80)
Seat 3: Mahu2021 (big blind) folded before Flop



PokerStars Hand #248038516531: Tournament #3695538054, $1.84+$0.16 USD Hold'em No Limit - Level III (20/40) - 2024/01/03 17:36:21 CET [2024/01/03 11:36:21 ET]
Table '3695538054 1' 3-max Seat #3 is the button
Seat 1: Sergeeeee (1015 in chips) 
Seat 3: Mahu2021 (485 in chips) 
Mahu2021: posts small blind 20
Sergeeeee: posts big blind 40
*** HOLE CARDS ***
Dealt to Mahu2021 [Ah 2h]
Mahu2021: calls 20
Sergeeeee: checks 
*** FLOP *** [Qs 3h Jd]
Sergeeeee: bets 40
Mahu2021: folds 
Uncalled bet (40) returned to Sergeeeee
Sergeeeee collected 80 from pot
*** SUMMARY ***
Total pot 80 | Rake 0 
Board [Qs 3h Jd]
Seat 1: Sergeeeee (big blind) collected (80)
Seat 3: Mahu2021 (button) (small blind) folded on the Flop



PokerStars Hand #248038519171: Tournament #3695538054, $1.84+$0.16 USD Hold'em No Limit - Level III (20/40) - 2024/01/03 17:36:30 CET [2024/01/03 11:36:30 ET]
Table '3695538054 1' 3-max Seat #1 is the button
Seat 1: Sergeeeee (1055 in chips) 
Seat 3: Mahu2021 (445 in chips) 
Sergeeeee: posts small blind 20
Mahu2021: posts big blind 40
*** HOLE CARDS ***
Dealt to Mahu2021 [4h Td]
Sergeeeee: calls 20
Mahu2021: checks 
*** FLOP *** [9c 7h 9d]
Mahu2021: checks 
Sergeeeee: bets 40
Mahu2021: folds 
Uncalled bet (40) returned to Sergeeeee
Sergeeeee collected 80 from pot
*** SUMMARY ***
Total pot 80 | Rake 0 
Board [9c 7h 9d]
Seat 1: Sergeeeee (button) (small blind) collected (80)
Seat 3: Mahu2021 (big blind) folded on the Flop



PokerStars Hand #248038521940: Tournament #3695538054, $1.84+$0.16 USD Hold'em No Limit - Level III (20/40) - 2024/01/03 17:36:39 CET [2024/01/03 11:36:39 ET]
Table '3695538054 1' 3-max Seat #3 is the button
Seat 1: Sergeeeee (1095 in chips) 
Seat 3: Mahu2021 (405 in chips) 
Mahu2021: posts small blind 20
Sergeeeee: posts big blind 40
*** HOLE CARDS ***
Dealt to Mahu2021 [8s 7h]
Mahu2021: calls 20
Sergeeeee: checks 
*** FLOP *** [4s Ah Ts]
Sergeeeee: checks 
Mahu2021: checks 
*** TURN *** [4s Ah Ts] [As]
Sergeeeee: bets 40
Mahu2021: calls 40
*** RIVER *** [4s Ah Ts As] [9c]
Sergeeeee: checks 
Mahu2021: bets 160
Sergeeeee: folds 
Uncalled bet (160) returned to Mahu2021
Mahu2021 collected 160 from pot
Mahu2021: doesn't show hand 
*** SUMMARY ***
Total pot 160 | Rake 0 
Board [4s Ah Ts As 9c]
Seat 1: Sergeeeee (big blind) folded on the River
Seat 3: Mahu2021 (button) (small blind) collected (160)



PokerStars Hand #248038526940: Tournament #3695538054, $1.84+$0.16 USD Hold'em No Limit - Level III (20/40) - 2024/01/03 17:36:55 CET [2024/01/03 11:36:55 ET]
Table '3695538054 1' 3-max Seat #1 is the button
Seat 1: Sergeeeee (1015 in chips) 
Seat 3: Mahu2021 (485 in chips) 
Sergeeeee: posts small blind 20
Mahu2021: posts big blind 40
*** HOLE CARDS ***
Dealt to Mahu2021 [Tc Ah]
Sergeeeee: calls 20
Mahu2021: raises 40 to 80
Sergeeeee: calls 40
*** FLOP *** [Ts 6c 9c]
Mahu2021: bets 40
Sergeeeee: calls 40
*** TURN *** [Ts 6c 9c] [Th]
Mahu2021: bets 40
Sergeeeee: calls 40
*** RIVER *** [Ts 6c 9c Th] [2s]
Mahu2021: bets 40
Sergeeeee: calls 40
*** SHOW DOWN ***
Mahu2021: shows [Tc Ah] (three of a kind, Tens)
Sergeeeee: mucks hand 
Mahu2021 collected 400 from pot
*** SUMMARY ***
Total pot 400 | Rake 0 
Board [Ts 6c 9c Th 2s]
Seat 1: Sergeeeee (button) (small blind) mucked [Ks 6h]
Seat 3: Mahu2021 (big blind) showed [Tc Ah] and won (400) with three of a kind, Tens



PokerStars Hand #248038532310: Tournament #3695538054, $1.84+$0.16 USD Hold'em No Limit - Level III (20/40) - 2024/01/03 17:37:13 CET [2024/01/03 11:37:13 ET]
Table '3695538054 1' 3-max Seat #3 is the button
Seat 1: Sergeeeee (815 in chips) 
Seat 3: Mahu2021 (685 in chips) 
Mahu2021: posts small blind 20
Sergeeeee: posts big blind 40
*** HOLE CARDS ***
Dealt to Mahu2021 [4d 6d]
Mahu2021: calls 20
Sergeeeee: checks 
*** FLOP *** [Th 5s 3s]
Sergeeeee: checks 
Mahu2021: bets 40
Sergeeeee: calls 40
*** TURN *** [Th 5s 3s] [3d]
Sergeeeee: checks 
Mahu2021: checks 
*** RIVER *** [Th 5s 3s 3d] [2s]
Sergeeeee: checks 
Mahu2021: bets 605 and is all-in
Sergeeeee: folds 
Uncalled bet (605) returned to Mahu2021
Mahu2021 collected 160 from pot
Mahu2021: doesn't show hand 
*** SUMMARY ***
Total pot 160 | Rake 0 
Board [Th 5s 3s 3d 2s]
Seat 1: Sergeeeee (big blind) folded on the River
Seat 3: Mahu2021 (button) (small blind) collected (160)



PokerStars Hand #248038538923: Tournament #3695538054, $1.84+$0.16 USD Hold'em No Limit - Level IV (30/60) - 2024/01/03 17:37:35 CET [2024/01/03 11:37:35 ET]
Table '3695538054 1' 3-max Seat #1 is the button
Seat 1: Sergeeeee (735 in chips) 
Seat 3: Mahu2021 (765 in chips) 
Sergeeeee: posts small blind 30
Mahu2021: posts big blind 60
*** HOLE CARDS ***
Dealt to Mahu2021 [8d 5h]
Sergeeeee: calls 30
Mahu2021: checks 
*** FLOP *** [2s 4c Kd]
Mahu2021: checks 
Sergeeeee: bets 675 and is all-in
Mahu2021: folds 
Uncalled bet (675) returned to Sergeeeee
Sergeeeee collected 120 from pot
*** SUMMARY ***
Total pot 120 | Rake 0 
Board [2s 4c Kd]
Seat 1: Sergeeeee (button) (small blind) collected (120)
Seat 3: Mahu2021 (big blind) folded on the Flop



PokerStars Hand #248038541975: Tournament #3695538054, $1.84+$0.16 USD Hold'em No Limit - Level IV (30/60) - 2024/01/03 17:37:45 CET [2024/01/03 11:37:45 ET]
Table '3695538054 1' 3-max Seat #3 is the button
Seat 1: Sergeeeee (795 in chips) 
Seat 3: Mahu2021 (705 in chips) 
Mahu2021: posts small blind 30
Sergeeeee: posts big blind 60
*** HOLE CARDS ***
Dealt to Mahu2021 [6d 7c]
Mahu2021: calls 30
Sergeeeee: raises 735 to 795 and is all-in
Mahu2021: folds 
Uncalled bet (735) returned to Sergeeeee
Sergeeeee collected 120 from pot
*** SUMMARY ***
Total pot 120 | Rake 0 
Seat 1: Sergeeeee (big blind) collected (120)
Seat 3: Mahu2021 (button) (small blind) folded before Flop



PokerStars Hand #248038544077: Tournament #3695538054, $1.84+$0.16 USD Hold'em No Limit - Level IV (30/60) - 2024/01/03 17:37:52 CET [2024/01/03 11:37:52 ET]
Table '3695538054 1' 3-max Seat #1 is the button
Seat 1: Sergeeeee (855 in chips) 
Seat 3: Mahu2021 (645 in chips) 
Sergeeeee: posts small blind 30
Mahu2021: posts big blind 60
*** HOLE CARDS ***
Dealt to Mahu2021 [2h 8d]
Sergeeeee: calls 30
Mahu2021: checks 
*** FLOP *** [Ah 3d Jc]
Mahu2021: checks 
Sergeeeee: bets 795 and is all-in
Mahu2021: folds 
Uncalled bet (795) returned to Sergeeeee
Sergeeeee collected 120 from pot
*** SUMMARY ***
Total pot 120 | Rake 0 
Board [Ah 3d Jc]
Seat 1: Sergeeeee (button) (small blind) collected (120)
Seat 3: Mahu2021 (big blind) folded on the Flop



PokerStars Hand #248038546937: Tournament #3695538054, $1.84+$0.16 USD Hold'em No Limit - Level IV (30/60) - 2024/01/03 17:38:02 CET [2024/01/03 11:38:02 ET]
Table '3695538054 1' 3-max Seat #3 is the button
Seat 1: Sergeeeee (915 in chips) 
Seat 3: Mahu2021 (585 in chips) 
Mahu2021: posts small blind 30
Sergeeeee: posts big blind 60
*** HOLE CARDS ***
Dealt to Mahu2021 [5s 5h]
Mahu2021: calls 30
Sergeeeee: checks 
*** FLOP *** [Kh 7d 5d]
Sergeeeee: bets 855 and is all-in
Mahu2021: calls 525 and is all-in
Uncalled bet (330) returned to Sergeeeee
*** TURN *** [Kh 7d 5d] [6d]
*** RIVER *** [Kh 7d 5d 6d] [Td]
*** SHOW DOWN ***
Sergeeeee: shows [3s Kc] (a pair of Kings)
Mahu2021: shows [5s 5h] (three of a kind, Fives)
Mahu2021 collected 1170 from pot
*** SUMMARY ***
Total pot 1170 | Rake 0 
Board [Kh 7d 5d 6d Td]
Seat 1: Sergeeeee (big blind) showed [3s Kc] and lost with a pair of Kings
Seat 3: Mahu2021 (button) (small blind) showed [5s 5h] and won (1170) with three of a kind, Fives



PokerStars Hand #248038551354: Tournament #3695538054, $1.84+$0.16 USD Hold'em No Limit - Level IV (30/60) - 2024/01/03 17:38:16 CET [2024/01/03 11:38:16 ET]
Table '3695538054 1' 3-max Seat #1 is the button
Seat 1: Sergeeeee (330 in chips) 
Seat 3: Mahu2021 (1170 in chips) 
Sergeeeee: posts small blind 30
Mahu2021: posts big blind 60
*** HOLE CARDS ***
Dealt to Mahu2021 [8d Kc]
Sergeeeee: folds 
Uncalled bet (30) returned to Mahu2021
Mahu2021 collected 60 from pot
Mahu2021: doesn't show hand 
*** SUMMARY ***
Total pot 60 | Rake 0 
Seat 1: Sergeeeee (button) (small blind) folded before Flop
Seat 3: Mahu2021 (big blind) collected (60)



PokerStars Hand #248038552675: Tournament #3695538054, $1.84+$0.16 USD Hold'em No Limit - Level IV (30/60) - 2024/01/03 17:38:20 CET [2024/01/03 11:38:20 ET]
Table '3695538054 1' 3-max Seat #3 is the button
Seat 1: Sergeeeee (300 in chips) 
Seat 3: Mahu2021 (1200 in chips) 
Mahu2021: posts small blind 30
Sergeeeee: posts big blind 60
*** HOLE CARDS ***
Dealt to Mahu2021 [Th 7h]
Mahu2021: calls 30
Sergeeeee: raises 240 to 300 and is all-in
Mahu2021: calls 240
*** FLOP *** [3h 9h 4h]
*** TURN *** [3h 9h 4h] [Jc]
*** RIVER *** [3h 9h 4h Jc] [Qh]
*** SHOW DOWN ***
Sergeeeee: shows [2d 2s] (a pair of Deuces)
Mahu2021: shows [Th 7h] (a flush, Queen high)
Mahu2021 collected 600 from pot
Sergeeeee finished the tournament in 2nd place
Mahu2021 wins the tournament and receives $4.00 - congratulations!
*** SUMMARY ***
Total pot 600 | Rake 0 
Board [3h 9h 4h Jc Qh]
Seat 1: Sergeeeee (big blind) showed [2d 2s] and lost with a pair of Deuces
Seat 3: Mahu2021 (button) (small blind) showed [Th 7h] and won (600) with a flush, Queen high



