PokerStars Hand #252893685929: Tournament #3811195419, $1.84+$0.16 USD Hold'em No Limit - Level I (10/20) - 2024/10/12 20:26:15 CET [2024/10/12 14:26:15 ET]
Table '3811195419 1' 3-max Seat #1 is the button
Seat 1: KruLito (500 in chips) 
Seat 2: Mahu2021 (500 in chips) 
Seat 3: killeveryons (500 in chips) 
Mahu2021: posts small blind 10
killeveryons: posts big blind 20
*** HOLE CARDS ***
Dealt to Mahu2021 [Qh 4h]
KruLito: raises 20 to 40
Mahu2021: calls 30
killeveryons: calls 20
*** FLOP *** [6h 8d Jh]
Mahu2021: checks 
killeveryons: checks 
KruLito: checks 
*** TURN *** [6h 8d Jh] [5s]
Mahu2021: checks 
killeveryons: bets 90
KruLito: folds 
Mahu2021: calls 90
*** RIVER *** [6h 8d Jh 5s] [Th]
Mahu2021: checks 
killeveryons: bets 120
Mahu2021: raises 250 to 370 and is all-in
killeveryons: calls 250 and is all-in
*** SHOW DOWN ***
Mahu2021: shows [Qh 4h] (a flush, Queen high)
killeveryons: shows [4s 7s] (a straight, Four to Eight)
Mahu2021 collected 1040 from pot
killeveryons finished the tournament in 3rd place
*** SUMMARY ***
Total pot 1040 | Rake 0 
Board [6h 8d Jh 5s Th]
Seat 1: KruLito (button) folded on the Turn
Seat 2: Mahu2021 (small blind) showed [Qh 4h] and won (1040) with a flush, Queen high
Seat 3: killeveryons (big blind) showed [4s 7s] and lost with a straight, Four to Eight



PokerStars Hand #252893699526: Tournament #3811195419, $1.84+$0.16 USD Hold'em No Limit - Level I (10/20) - 2024/10/12 20:27:04 CET [2024/10/12 14:27:04 ET]
Table '3811195419 1' 3-max Seat #2 is the button
Seat 1: KruLito (460 in chips) 
Seat 2: Mahu2021 (1040 in chips) 
Mahu2021: posts small blind 10
KruLito: posts big blind 20
*** HOLE CARDS ***
Dealt to Mahu2021 [Qh 5c]
Mahu2021: raises 20 to 40
KruLito: calls 20
*** FLOP *** [5h 9s 5d]
KruLito: checks 
Mahu2021: checks 
*** TURN *** [5h 9s 5d] [Jd]
KruLito: bets 80
Mahu2021: raises 920 to 1000 and is all-in
KruLito: calls 340 and is all-in
Uncalled bet (580) returned to Mahu2021
*** RIVER *** [5h 9s 5d Jd] [Jh]
*** SHOW DOWN ***
KruLito: shows [8d 6d] (two pair, Jacks and Fives)
Mahu2021: shows [Qh 5c] (a full house, Fives full of Jacks)
Mahu2021 collected 920 from pot
KruLito finished the tournament in 2nd place
Mahu2021 wins the tournament and receives $4.00 - congratulations!
*** SUMMARY ***
Total pot 920 | Rake 0 
Board [5h 9s 5d Jd Jh]
Seat 1: KruLito (big blind) showed [8d 6d] and lost with two pair, Jacks and Fives
Seat 2: Mahu2021 (button) (small blind) showed [Qh 5c] and won (920) with a full house, Fives full of Jacks



