PokerStars Hand #253445921333: Tournament #3824522500, $1.84+$0.16 USD Hold'em No Limit - Level I (10/20) - 2024/11/17 17:04:46 CET [2024/11/17 11:04:46 ET]
Table '3824522500 1' 3-max Seat #1 is the button
Seat 1: snake_sebi (500 in chips) 
Seat 2: marky119871 (500 in chips) 
Seat 3: Mahu2021 (500 in chips) 
marky119871: posts small blind 10
Mahu2021: posts big blind 20
*** HOLE CARDS ***
Dealt to Mahu2021 [Kd 2h]
snake_sebi: folds 
marky119871: calls 10
Mahu2021: checks 
*** FLOP *** [Jc 2d 7c]
marky119871: bets 20
Mahu2021: calls 20
*** TURN *** [Jc 2d 7c] [3h]
marky119871: bets 80
Mahu2021: calls 80
*** RIVER *** [Jc 2d 7c 3h] [4d]
marky119871: bets 120
Mahu2021: calls 120
*** SHOW DOWN ***
marky119871: shows [7h Ac] (a pair of Sevens)
Mahu2021: mucks hand 
marky119871 collected 480 from pot
*** SUMMARY ***
Total pot 480 | Rake 0 
Board [Jc 2d 7c 3h 4d]
Seat 1: snake_sebi (button) folded before Flop (didn't bet)
Seat 2: marky119871 (small blind) showed [7h Ac] and won (480) with a pair of Sevens
Seat 3: Mahu2021 (big blind) mucked [Kd 2h]



PokerStars Hand #253445928116: Tournament #3824522500, $1.84+$0.16 USD Hold'em No Limit - Level I (10/20) - 2024/11/17 17:05:11 CET [2024/11/17 11:05:11 ET]
Table '3824522500 1' 3-max Seat #2 is the button
Seat 1: snake_sebi (500 in chips) 
Seat 2: marky119871 (740 in chips) 
Seat 3: Mahu2021 (260 in chips) 
Mahu2021: posts small blind 10
snake_sebi: posts big blind 20
*** HOLE CARDS ***
Dealt to Mahu2021 [Th 7c]
marky119871: raises 20 to 40
Mahu2021: calls 30
snake_sebi: folds 
*** FLOP *** [3d 3s Js]
Mahu2021: checks 
marky119871: checks 
*** TURN *** [3d 3s Js] [As]
Mahu2021: checks 
marky119871: checks 
*** RIVER *** [3d 3s Js As] [4c]
Mahu2021: checks 
marky119871: checks 
*** SHOW DOWN ***
Mahu2021: shows [Th 7c] (a pair of Threes)
marky119871: shows [2d Td] (a pair of Threes)
Mahu2021 collected 50 from pot
marky119871 collected 50 from pot
*** SUMMARY ***
Total pot 100 | Rake 0 
Board [3d 3s Js As 4c]
Seat 1: snake_sebi (big blind) folded before Flop
Seat 2: marky119871 (button) showed [2d Td] and won (50) with a pair of Threes
Seat 3: Mahu2021 (small blind) showed [Th 7c] and won (50) with a pair of Threes



PokerStars Hand #253445933328: Tournament #3824522500, $1.84+$0.16 USD Hold'em No Limit - Level I (10/20) - 2024/11/17 17:05:31 CET [2024/11/17 11:05:31 ET]
Table '3824522500 1' 3-max Seat #3 is the button
Seat 1: snake_sebi (480 in chips) 
Seat 2: marky119871 (750 in chips) 
Seat 3: Mahu2021 (270 in chips) 
snake_sebi: posts small blind 10
marky119871: posts big blind 20
*** HOLE CARDS ***
Dealt to Mahu2021 [Kd Ac]
Mahu2021: calls 20
snake_sebi: folds 
marky119871: raises 40 to 60
Mahu2021: raises 210 to 270 and is all-in
marky119871: calls 210
*** FLOP *** [Qd Tc 8d]
*** TURN *** [Qd Tc 8d] [Ah]
*** RIVER *** [Qd Tc 8d Ah] [9h]
*** SHOW DOWN ***
marky119871: shows [8h 8s] (three of a kind, Eights)
Mahu2021: shows [Kd Ac] (a pair of Aces)
marky119871 collected 550 from pot
Mahu2021 finished the tournament in 3rd place
*** SUMMARY ***
Total pot 550 | Rake 0 
Board [Qd Tc 8d Ah 9h]
Seat 1: snake_sebi (small blind) folded before Flop
Seat 2: marky119871 (big blind) showed [8h 8s] and won (550) with three of a kind, Eights
Seat 3: Mahu2021 (button) showed [Kd Ac] and lost with a pair of Aces



