PokerStars Hand #247552765616: Tournament #3683868035, $1.84+$0.16 USD Hold'em No Limit - Level I (10/20) - 2023/12/08 22:47:54 CET [2023/12/08 16:47:54 ET]
Table '3683868035 1' 3-max Seat #1 is the button
Seat 1: harollldo (500 in chips) 
Seat 2: Mahu2021 (500 in chips) 
Seat 3: marsh_don (500 in chips) 
Mahu2021: posts small blind 10
marsh_don: posts big blind 20
*** HOLE CARDS ***
Dealt to Mahu2021 [7c 5c]
harollldo: raises 140 to 160
Mahu2021: folds 
marsh_don: folds 
Uncalled bet (140) returned to harollldo
harollldo collected 50 from pot
harollldo: doesn't show hand 
*** SUMMARY ***
Total pot 50 | Rake 0 
Seat 1: harollldo (button) collected (50)
Seat 2: Mahu2021 (small blind) folded before Flop
Seat 3: marsh_don (big blind) folded before Flop



PokerStars Hand #247552769055: Tournament #3683868035, $1.84+$0.16 USD Hold'em No Limit - Level I (10/20) - 2023/12/08 22:48:04 CET [2023/12/08 16:48:04 ET]
Table '3683868035 1' 3-max Seat #2 is the button
Seat 1: harollldo (530 in chips) 
Seat 2: Mahu2021 (490 in chips) 
Seat 3: marsh_don (480 in chips) 
marsh_don: posts small blind 10
harollldo: posts big blind 20
*** HOLE CARDS ***
Dealt to Mahu2021 [7c 5d]
Mahu2021: folds 
marsh_don: folds 
Uncalled bet (10) returned to harollldo
harollldo collected 20 from pot
harollldo: doesn't show hand 
*** SUMMARY ***
Total pot 20 | Rake 0 
Seat 1: harollldo (big blind) collected (20)
Seat 2: Mahu2021 (button) folded before Flop (didn't bet)
Seat 3: marsh_don (small blind) folded before Flop



PokerStars Hand #247552770866: Tournament #3683868035, $1.84+$0.16 USD Hold'em No Limit - Level I (10/20) - 2023/12/08 22:48:10 CET [2023/12/08 16:48:10 ET]
Table '3683868035 1' 3-max Seat #3 is the button
Seat 1: harollldo (540 in chips) 
Seat 2: Mahu2021 (490 in chips) 
Seat 3: marsh_don (470 in chips) 
harollldo: posts small blind 10
Mahu2021: posts big blind 20
*** HOLE CARDS ***
Dealt to Mahu2021 [3s Ac]
marsh_don: folds 
harollldo: folds 
Uncalled bet (10) returned to Mahu2021
Mahu2021 collected 20 from pot
Mahu2021: doesn't show hand 
*** SUMMARY ***
Total pot 20 | Rake 0 
Seat 1: harollldo (small blind) folded before Flop
Seat 2: Mahu2021 (big blind) collected (20)
Seat 3: marsh_don (button) folded before Flop (didn't bet)



PokerStars Hand #247552772679: Tournament #3683868035, $1.84+$0.16 USD Hold'em No Limit - Level I (10/20) - 2023/12/08 22:48:15 CET [2023/12/08 16:48:15 ET]
Table '3683868035 1' 3-max Seat #1 is the button
Seat 1: harollldo (530 in chips) 
Seat 2: Mahu2021 (500 in chips) 
Seat 3: marsh_don (470 in chips) 
Mahu2021: posts small blind 10
marsh_don: posts big blind 20
*** HOLE CARDS ***
Dealt to Mahu2021 [Th Ts]
harollldo: calls 20
Mahu2021: calls 10
marsh_don: raises 450 to 470 and is all-in
harollldo: folds 
Mahu2021: calls 450
*** FLOP *** [Ad 8c 5d]
*** TURN *** [Ad 8c 5d] [4h]
*** RIVER *** [Ad 8c 5d 4h] [5c]
*** SHOW DOWN ***
Mahu2021: shows [Th Ts] (two pair, Tens and Fives)
marsh_don: shows [Td Ks] (a pair of Fives)
Mahu2021 collected 960 from pot
marsh_don finished the tournament in 3rd place
*** SUMMARY ***
Total pot 960 | Rake 0 
Board [Ad 8c 5d 4h 5c]
Seat 1: harollldo (button) folded before Flop
Seat 2: Mahu2021 (small blind) showed [Th Ts] and won (960) with two pair, Tens and Fives
Seat 3: marsh_don (big blind) showed [Td Ks] and lost with a pair of Fives



PokerStars Hand #247552779889: Tournament #3683868035, $1.84+$0.16 USD Hold'em No Limit - Level I (10/20) - 2023/12/08 22:48:36 CET [2023/12/08 16:48:36 ET]
Table '3683868035 1' 3-max Seat #2 is the button
Seat 1: harollldo (510 in chips) 
Seat 2: Mahu2021 (990 in chips) 
Mahu2021: posts small blind 10
harollldo: posts big blind 20
*** HOLE CARDS ***
Dealt to Mahu2021 [4h 9s]
Mahu2021: folds 
Uncalled bet (10) returned to harollldo
harollldo collected 20 from pot
harollldo: doesn't show hand 
*** SUMMARY ***
Total pot 20 | Rake 0 
Seat 1: harollldo (big blind) collected (20)
Seat 2: Mahu2021 (button) (small blind) folded before Flop



PokerStars Hand #247552781404: Tournament #3683868035, $1.84+$0.16 USD Hold'em No Limit - Level I (10/20) - 2023/12/08 22:48:41 CET [2023/12/08 16:48:41 ET]
Table '3683868035 1' 3-max Seat #1 is the button
Seat 1: harollldo (520 in chips) 
Seat 2: Mahu2021 (980 in chips) 
harollldo: posts small blind 10
Mahu2021: posts big blind 20
*** HOLE CARDS ***
Dealt to Mahu2021 [Ac 7d]
harollldo: raises 20 to 40
Mahu2021: calls 20
*** FLOP *** [5c 8d 3h]
Mahu2021: checks 
harollldo: bets 20
Mahu2021: calls 20
*** TURN *** [5c 8d 3h] [9s]
Mahu2021: checks 
harollldo: bets 20
Mahu2021: calls 20
*** RIVER *** [5c 8d 3h 9s] [Th]
Mahu2021: checks 
harollldo: bets 100
Mahu2021: folds 
Uncalled bet (100) returned to harollldo
harollldo collected 160 from pot
harollldo: doesn't show hand 
*** SUMMARY ***
Total pot 160 | Rake 0 
Board [5c 8d 3h 9s Th]
Seat 1: harollldo (button) (small blind) collected (160)
Seat 2: Mahu2021 (big blind) folded on the River



PokerStars Hand #247552788009: Tournament #3683868035, $1.84+$0.16 USD Hold'em No Limit - Level I (10/20) - 2023/12/08 22:49:00 CET [2023/12/08 16:49:00 ET]
Table '3683868035 1' 3-max Seat #2 is the button
Seat 1: harollldo (600 in chips) 
Seat 2: Mahu2021 (900 in chips) 
Mahu2021: posts small blind 10
harollldo: posts big blind 20
*** HOLE CARDS ***
Dealt to Mahu2021 [6c 4s]
Mahu2021: folds 
Uncalled bet (10) returned to harollldo
harollldo collected 20 from pot
harollldo: doesn't show hand 
*** SUMMARY ***
Total pot 20 | Rake 0 
Seat 1: harollldo (big blind) collected (20)
Seat 2: Mahu2021 (button) (small blind) folded before Flop



PokerStars Hand #247552789522: Tournament #3683868035, $1.84+$0.16 USD Hold'em No Limit - Level I (10/20) - 2023/12/08 22:49:05 CET [2023/12/08 16:49:05 ET]
Table '3683868035 1' 3-max Seat #1 is the button
Seat 1: harollldo (610 in chips) 
Seat 2: Mahu2021 (890 in chips) 
harollldo: posts small blind 10
Mahu2021: posts big blind 20
*** HOLE CARDS ***
Dealt to Mahu2021 [6h Ks]
harollldo: raises 100 to 120
Mahu2021: folds 
Uncalled bet (100) returned to harollldo
harollldo collected 40 from pot
harollldo: doesn't show hand 
*** SUMMARY ***
Total pot 40 | Rake 0 
Seat 1: harollldo (button) (small blind) collected (40)
Seat 2: Mahu2021 (big blind) folded before Flop



PokerStars Hand #247552792274: Tournament #3683868035, $1.84+$0.16 USD Hold'em No Limit - Level I (10/20) - 2023/12/08 22:49:13 CET [2023/12/08 16:49:13 ET]
Table '3683868035 1' 3-max Seat #2 is the button
Seat 1: harollldo (630 in chips) 
Seat 2: Mahu2021 (870 in chips) 
Mahu2021: posts small blind 10
harollldo: posts big blind 20
*** HOLE CARDS ***
Dealt to Mahu2021 [7c 2d]
Mahu2021: folds 
Uncalled bet (10) returned to harollldo
harollldo collected 20 from pot
harollldo: doesn't show hand 
*** SUMMARY ***
Total pot 20 | Rake 0 
Seat 1: harollldo (big blind) collected (20)
Seat 2: Mahu2021 (button) (small blind) folded before Flop



PokerStars Hand #247552793725: Tournament #3683868035, $1.84+$0.16 USD Hold'em No Limit - Level I (10/20) - 2023/12/08 22:49:17 CET [2023/12/08 16:49:17 ET]
Table '3683868035 1' 3-max Seat #1 is the button
Seat 1: harollldo (640 in chips) 
Seat 2: Mahu2021 (860 in chips) 
harollldo: posts small blind 10
Mahu2021: posts big blind 20
*** HOLE CARDS ***
Dealt to Mahu2021 [4d 7c]
harollldo: raises 20 to 40
Mahu2021: folds 
Uncalled bet (20) returned to harollldo
harollldo collected 40 from pot
harollldo: doesn't show hand 
*** SUMMARY ***
Total pot 40 | Rake 0 
Seat 1: harollldo (button) (small blind) collected (40)
Seat 2: Mahu2021 (big blind) folded before Flop



PokerStars Hand #247552795933: Tournament #3683868035, $1.84+$0.16 USD Hold'em No Limit - Level I (10/20) - 2023/12/08 22:49:23 CET [2023/12/08 16:49:23 ET]
Table '3683868035 1' 3-max Seat #2 is the button
Seat 1: harollldo (660 in chips) 
Seat 2: Mahu2021 (840 in chips) 
Mahu2021: posts small blind 10
harollldo: posts big blind 20
*** HOLE CARDS ***
Dealt to Mahu2021 [Qd Qh]
Mahu2021: calls 10
harollldo: raises 20 to 40
Mahu2021: raises 800 to 840 and is all-in
harollldo: calls 620 and is all-in
Uncalled bet (180) returned to Mahu2021
*** FLOP *** [Ad 2h 5c]
*** TURN *** [Ad 2h 5c] [5s]
*** RIVER *** [Ad 2h 5c 5s] [7d]
*** SHOW DOWN ***
harollldo: shows [Ac As] (a full house, Aces full of Fives)
Mahu2021: shows [Qd Qh] (two pair, Queens and Fives)
harollldo collected 1320 from pot
*** SUMMARY ***
Total pot 1320 | Rake 0 
Board [Ad 2h 5c 5s 7d]
Seat 1: harollldo (big blind) showed [Ac As] and won (1320) with a full house, Aces full of Fives
Seat 2: Mahu2021 (button) (small blind) showed [Qd Qh] and lost with two pair, Queens and Fives



PokerStars Hand #247552801418: Tournament #3683868035, $1.84+$0.16 USD Hold'em No Limit - Level I (10/20) - 2023/12/08 22:49:40 CET [2023/12/08 16:49:40 ET]
Table '3683868035 1' 3-max Seat #1 is the button
Seat 1: harollldo (1320 in chips) 
Seat 2: Mahu2021 (180 in chips) 
harollldo: posts small blind 10
Mahu2021: posts big blind 20
*** HOLE CARDS ***
Dealt to Mahu2021 [7d 3d]
harollldo: raises 1300 to 1320 and is all-in
Mahu2021: folds 
Uncalled bet (1300) returned to harollldo
harollldo collected 40 from pot
harollldo: doesn't show hand 
*** SUMMARY ***
Total pot 40 | Rake 0 
Seat 1: harollldo (button) (small blind) collected (40)
Seat 2: Mahu2021 (big blind) folded before Flop



PokerStars Hand #247552803303: Tournament #3683868035, $1.84+$0.16 USD Hold'em No Limit - Level I (10/20) - 2023/12/08 22:49:45 CET [2023/12/08 16:49:45 ET]
Table '3683868035 1' 3-max Seat #2 is the button
Seat 1: harollldo (1340 in chips) 
Seat 2: Mahu2021 (160 in chips) 
Mahu2021: posts small blind 10
harollldo: posts big blind 20
*** HOLE CARDS ***
Dealt to Mahu2021 [Ac 5d]
Mahu2021: calls 10
harollldo: checks 
*** FLOP *** [Qh As 4d]
harollldo: checks 
Mahu2021: checks 
*** TURN *** [Qh As 4d] [7s]
harollldo: checks 
Mahu2021: checks 
*** RIVER *** [Qh As 4d 7s] [Ah]
harollldo: checks 
Mahu2021: bets 140 and is all-in
harollldo: folds 
Uncalled bet (140) returned to Mahu2021
Mahu2021 collected 40 from pot
Mahu2021: doesn't show hand 
*** SUMMARY ***
Total pot 40 | Rake 0 
Board [Qh As 4d 7s Ah]
Seat 1: harollldo (big blind) folded on the River
Seat 2: Mahu2021 (button) (small blind) collected (40)



PokerStars Hand #247552808262: Tournament #3683868035, $1.84+$0.16 USD Hold'em No Limit - Level I (10/20) - 2023/12/08 22:50:00 CET [2023/12/08 16:50:00 ET]
Table '3683868035 1' 3-max Seat #1 is the button
Seat 1: harollldo (1320 in chips) 
Seat 2: Mahu2021 (180 in chips) 
harollldo: posts small blind 10
Mahu2021: posts big blind 20
*** HOLE CARDS ***
Dealt to Mahu2021 [6d Qc]
harollldo: calls 10
Mahu2021: raises 160 to 180 and is all-in
harollldo: folds 
Uncalled bet (160) returned to Mahu2021
Mahu2021 collected 40 from pot
Mahu2021: doesn't show hand 
*** SUMMARY ***
Total pot 40 | Rake 0 
Seat 1: harollldo (button) (small blind) folded before Flop
Seat 2: Mahu2021 (big blind) collected (40)



PokerStars Hand #247552810812: Tournament #3683868035, $1.84+$0.16 USD Hold'em No Limit - Level I (10/20) - 2023/12/08 22:50:07 CET [2023/12/08 16:50:07 ET]
Table '3683868035 1' 3-max Seat #2 is the button
Seat 1: harollldo (1300 in chips) 
Seat 2: Mahu2021 (200 in chips) 
Mahu2021: posts small blind 10
harollldo: posts big blind 20
*** HOLE CARDS ***
Dealt to Mahu2021 [9h 2d]
Mahu2021: folds 
Uncalled bet (10) returned to harollldo
harollldo collected 20 from pot
harollldo: doesn't show hand 
*** SUMMARY ***
Total pot 20 | Rake 0 
Seat 1: harollldo (big blind) collected (20)
Seat 2: Mahu2021 (button) (small blind) folded before Flop



PokerStars Hand #247552812151: Tournament #3683868035, $1.84+$0.16 USD Hold'em No Limit - Level I (10/20) - 2023/12/08 22:50:12 CET [2023/12/08 16:50:12 ET]
Table '3683868035 1' 3-max Seat #1 is the button
Seat 1: harollldo (1310 in chips) 
Seat 2: Mahu2021 (190 in chips) 
harollldo: posts small blind 10
Mahu2021: posts big blind 20
*** HOLE CARDS ***
Dealt to Mahu2021 [6d 7s]
harollldo: calls 10
Mahu2021: checks 
*** FLOP *** [Tc 7c Th]
Mahu2021: bets 170 and is all-in
harollldo: folds 
Uncalled bet (170) returned to Mahu2021
Mahu2021 collected 40 from pot
Mahu2021: doesn't show hand 
*** SUMMARY ***
Total pot 40 | Rake 0 
Board [Tc 7c Th]
Seat 1: harollldo (button) (small blind) folded on the Flop
Seat 2: Mahu2021 (big blind) collected (40)



PokerStars Hand #247552815495: Tournament #3683868035, $1.84+$0.16 USD Hold'em No Limit - Level I (10/20) - 2023/12/08 22:50:22 CET [2023/12/08 16:50:22 ET]
Table '3683868035 1' 3-max Seat #2 is the button
Seat 1: harollldo (1290 in chips) 
Seat 2: Mahu2021 (210 in chips) 
Mahu2021: posts small blind 10
harollldo: posts big blind 20
*** HOLE CARDS ***
Dealt to Mahu2021 [7c 6h]
Mahu2021: calls 10
harollldo: checks 
*** FLOP *** [Kc Ks Qs]
harollldo: checks 
Mahu2021: bets 190 and is all-in
harollldo: folds 
Uncalled bet (190) returned to Mahu2021
Mahu2021 collected 40 from pot
Mahu2021: doesn't show hand 
*** SUMMARY ***
Total pot 40 | Rake 0 
Board [Kc Ks Qs]
Seat 1: harollldo (big blind) folded on the Flop
Seat 2: Mahu2021 (button) (small blind) collected (40)



PokerStars Hand #247552818847: Tournament #3683868035, $1.84+$0.16 USD Hold'em No Limit - Level I (10/20) - 2023/12/08 22:50:32 CET [2023/12/08 16:50:32 ET]
Table '3683868035 1' 3-max Seat #1 is the button
Seat 1: harollldo (1270 in chips) 
Seat 2: Mahu2021 (230 in chips) 
harollldo: posts small blind 10
Mahu2021: posts big blind 20
*** HOLE CARDS ***
Dealt to Mahu2021 [Th Kc]
harollldo: raises 120 to 140
Mahu2021: raises 90 to 230 and is all-in
harollldo: calls 90
*** FLOP *** [9s 8c 7h]
*** TURN *** [9s 8c 7h] [Qh]
*** RIVER *** [9s 8c 7h Qh] [8h]
*** SHOW DOWN ***
Mahu2021: shows [Th Kc] (a pair of Eights)
harollldo: shows [Qc Ad] (two pair, Queens and Eights)
harollldo collected 460 from pot
Mahu2021 finished the tournament in 2nd place
harollldo wins the tournament and receives $6.00 - congratulations!
*** SUMMARY ***
Total pot 460 | Rake 0 
Board [9s 8c 7h Qh 8h]
Seat 1: harollldo (button) (small blind) showed [Qc Ad] and won (460) with two pair, Queens and Eights
Seat 2: Mahu2021 (big blind) showed [Th Kc] and lost with a pair of Eights



