PokerStars Hand #247579101651: Tournament #3684509495, $1.84+$0.16 USD Hold'em No Limit - Level I (10/20) - 2023/12/10 8:45:15 CET [2023/12/10 2:45:15 ET]
Table '3684509495 1' 3-max Seat #1 is the button
Seat 1: Kriszcic (500 in chips) 
Seat 2: Mahu2021 (500 in chips) 
Seat 3: Loler777 (500 in chips) 
Mahu2021: posts small blind 10
Loler777: posts big blind 20
*** HOLE CARDS ***
Dealt to Mahu2021 [Kd Tc]
Kriszcic: folds 
Mahu2021: calls 10
Loler777: checks 
*** FLOP *** [As 4d 7h]
Mahu2021: checks 
Loler777: checks 
*** TURN *** [As 4d 7h] [Ts]
Mahu2021: checks 
Loler777: checks 
*** RIVER *** [As 4d 7h Ts] [9h]
Mahu2021: checks 
Loler777: checks 
*** SHOW DOWN ***
Mahu2021: shows [Kd Tc] (a pair of Tens)
Loler777: mucks hand 
Mahu2021 collected 40 from pot
*** SUMMARY ***
Total pot 40 | Rake 0 
Board [As 4d 7h Ts 9h]
Seat 1: Kriszcic (button) folded before Flop (didn't bet)
Seat 2: Mahu2021 (small blind) showed [Kd Tc] and won (40) with a pair of Tens
Seat 3: Loler777 (big blind) mucked [6c Qd]



PokerStars Hand #247579104154: Tournament #3684509495, $1.84+$0.16 USD Hold'em No Limit - Level I (10/20) - 2023/12/10 8:45:38 CET [2023/12/10 2:45:38 ET]
Table '3684509495 1' 3-max Seat #2 is the button
Seat 1: Kriszcic (500 in chips) 
Seat 2: Mahu2021 (520 in chips) 
Seat 3: Loler777 (480 in chips) 
Loler777: posts small blind 10
Kriszcic: posts big blind 20
*** HOLE CARDS ***
Dealt to Mahu2021 [4s 8c]
Mahu2021: folds 
Loler777: folds 
Uncalled bet (10) returned to Kriszcic
Kriszcic collected 20 from pot
Kriszcic: doesn't show hand 
*** SUMMARY ***
Total pot 20 | Rake 0 
Seat 1: Kriszcic (big blind) collected (20)
Seat 2: Mahu2021 (button) folded before Flop (didn't bet)
Seat 3: Loler777 (small blind) folded before Flop



PokerStars Hand #247579104713: Tournament #3684509495, $1.84+$0.16 USD Hold'em No Limit - Level I (10/20) - 2023/12/10 8:45:44 CET [2023/12/10 2:45:44 ET]
Table '3684509495 1' 3-max Seat #3 is the button
Seat 1: Kriszcic (510 in chips) 
Seat 2: Mahu2021 (520 in chips) 
Seat 3: Loler777 (470 in chips) 
Kriszcic: posts small blind 10
Mahu2021: posts big blind 20
*** HOLE CARDS ***
Dealt to Mahu2021 [4c Jh]
Loler777: calls 20
Kriszcic: calls 10
Mahu2021: checks 
*** FLOP *** [5h 6s 9h]
Kriszcic: bets 30
Mahu2021: folds 
Loler777: folds 
Uncalled bet (30) returned to Kriszcic
Kriszcic collected 60 from pot
Kriszcic: doesn't show hand 
*** SUMMARY ***
Total pot 60 | Rake 0 
Board [5h 6s 9h]
Seat 1: Kriszcic (small blind) collected (60)
Seat 2: Mahu2021 (big blind) folded on the Flop
Seat 3: Loler777 (button) folded on the Flop



PokerStars Hand #247579106445: Tournament #3684509495, $1.84+$0.16 USD Hold'em No Limit - Level I (10/20) - 2023/12/10 8:46:00 CET [2023/12/10 2:46:00 ET]
Table '3684509495 1' 3-max Seat #1 is the button
Seat 1: Kriszcic (550 in chips) 
Seat 2: Mahu2021 (500 in chips) 
Seat 3: Loler777 (450 in chips) 
Mahu2021: posts small blind 10
Loler777: posts big blind 20
*** HOLE CARDS ***
Dealt to Mahu2021 [2h 5d]
Kriszcic: raises 40 to 60
Mahu2021: folds 
Loler777: calls 40
*** FLOP *** [7h Ts Ad]
Loler777: checks 
Kriszcic: bets 60
Loler777: raises 125 to 185
Kriszcic: folds 
Uncalled bet (125) returned to Loler777
Loler777 collected 250 from pot
*** SUMMARY ***
Total pot 250 | Rake 0 
Board [7h Ts Ad]
Seat 1: Kriszcic (button) folded on the Flop
Seat 2: Mahu2021 (small blind) folded before Flop
Seat 3: Loler777 (big blind) collected (250)



PokerStars Hand #247579109213: Tournament #3684509495, $1.84+$0.16 USD Hold'em No Limit - Level I (10/20) - 2023/12/10 8:46:26 CET [2023/12/10 2:46:26 ET]
Table '3684509495 1' 3-max Seat #2 is the button
Seat 1: Kriszcic (430 in chips) 
Seat 2: Mahu2021 (490 in chips) 
Seat 3: Loler777 (580 in chips) 
Loler777: posts small blind 10
Kriszcic: posts big blind 20
*** HOLE CARDS ***
Dealt to Mahu2021 [Qs Jc]
Mahu2021: raises 40 to 60
Loler777: folds 
Kriszcic: calls 40
*** FLOP *** [9d 4c Js]
Kriszcic: checks 
Mahu2021: bets 130
Kriszcic: folds 
Uncalled bet (130) returned to Mahu2021
Mahu2021 collected 130 from pot
Mahu2021: doesn't show hand 
*** SUMMARY ***
Total pot 130 | Rake 0 
Board [9d 4c Js]
Seat 1: Kriszcic (big blind) folded on the Flop
Seat 2: Mahu2021 (button) collected (130)
Seat 3: Loler777 (small blind) folded before Flop



PokerStars Hand #247579110908: Tournament #3684509495, $1.84+$0.16 USD Hold'em No Limit - Level I (10/20) - 2023/12/10 8:46:43 CET [2023/12/10 2:46:43 ET]
Table '3684509495 1' 3-max Seat #3 is the button
Seat 1: Kriszcic (370 in chips) 
Seat 2: Mahu2021 (560 in chips) 
Seat 3: Loler777 (570 in chips) 
Kriszcic: posts small blind 10
Mahu2021: posts big blind 20
*** HOLE CARDS ***
Dealt to Mahu2021 [2c 4h]
Loler777: folds 
Kriszcic: folds 
Uncalled bet (10) returned to Mahu2021
Mahu2021 collected 20 from pot
Mahu2021: doesn't show hand 
*** SUMMARY ***
Total pot 20 | Rake 0 
Seat 1: Kriszcic (small blind) folded before Flop
Seat 2: Mahu2021 (big blind) collected (20)
Seat 3: Loler777 (button) folded before Flop (didn't bet)



PokerStars Hand #247579111584: Tournament #3684509495, $1.84+$0.16 USD Hold'em No Limit - Level I (10/20) - 2023/12/10 8:46:49 CET [2023/12/10 2:46:49 ET]
Table '3684509495 1' 3-max Seat #1 is the button
Seat 1: Kriszcic (360 in chips) 
Seat 2: Mahu2021 (570 in chips) 
Seat 3: Loler777 (570 in chips) 
Mahu2021: posts small blind 10
Loler777: posts big blind 20
*** HOLE CARDS ***
Dealt to Mahu2021 [Jc 5d]
Kriszcic: raises 40 to 60
Mahu2021: folds 
Loler777: calls 40
*** FLOP *** [3s 4c Ad]
Loler777: checks 
Kriszcic: bets 65
Loler777: raises 260 to 325
Kriszcic: calls 235 and is all-in
Uncalled bet (25) returned to Loler777
*** TURN *** [3s 4c Ad] [7c]
*** RIVER *** [3s 4c Ad 7c] [3d]
*** SHOW DOWN ***
Loler777: shows [Kd Js] (a pair of Threes)
Kriszcic: shows [Ac 7d] (two pair, Aces and Sevens)
Kriszcic collected 730 from pot
*** SUMMARY ***
Total pot 730 | Rake 0 
Board [3s 4c Ad 7c 3d]
Seat 1: Kriszcic (button) showed [Ac 7d] and won (730) with two pair, Aces and Sevens
Seat 2: Mahu2021 (small blind) folded before Flop
Seat 3: Loler777 (big blind) showed [Kd Js] and lost with a pair of Threes



PokerStars Hand #247579113942: Tournament #3684509495, $1.84+$0.16 USD Hold'em No Limit - Level I (10/20) - 2023/12/10 8:47:11 CET [2023/12/10 2:47:11 ET]
Table '3684509495 1' 3-max Seat #2 is the button
Seat 1: Kriszcic (730 in chips) 
Seat 2: Mahu2021 (560 in chips) 
Seat 3: Loler777 (210 in chips) 
Loler777: posts small blind 10
Kriszcic: posts big blind 20
*** HOLE CARDS ***
Dealt to Mahu2021 [Qs 3c]
Mahu2021: folds 
Loler777: raises 190 to 210 and is all-in
Kriszcic: folds 
Uncalled bet (190) returned to Loler777
Loler777 collected 40 from pot
*** SUMMARY ***
Total pot 40 | Rake 0 
Seat 1: Kriszcic (big blind) folded before Flop
Seat 2: Mahu2021 (button) folded before Flop (didn't bet)
Seat 3: Loler777 (small blind) collected (40)



PokerStars Hand #247579114795: Tournament #3684509495, $1.84+$0.16 USD Hold'em No Limit - Level I (10/20) - 2023/12/10 8:47:20 CET [2023/12/10 2:47:20 ET]
Table '3684509495 1' 3-max Seat #3 is the button
Seat 1: Kriszcic (710 in chips) 
Seat 2: Mahu2021 (560 in chips) 
Seat 3: Loler777 (230 in chips) 
Kriszcic: posts small blind 10
Mahu2021: posts big blind 20
*** HOLE CARDS ***
Dealt to Mahu2021 [5s Tc]
Loler777: folds 
Kriszcic: folds 
Uncalled bet (10) returned to Mahu2021
Mahu2021 collected 20 from pot
Mahu2021: doesn't show hand 
*** SUMMARY ***
Total pot 20 | Rake 0 
Seat 1: Kriszcic (small blind) folded before Flop
Seat 2: Mahu2021 (big blind) collected (20)
Seat 3: Loler777 (button) folded before Flop (didn't bet)



PokerStars Hand #247579115489: Tournament #3684509495, $1.84+$0.16 USD Hold'em No Limit - Level I (10/20) - 2023/12/10 8:47:26 CET [2023/12/10 2:47:26 ET]
Table '3684509495 1' 3-max Seat #1 is the button
Seat 1: Kriszcic (700 in chips) 
Seat 2: Mahu2021 (570 in chips) 
Seat 3: Loler777 (230 in chips) 
Mahu2021: posts small blind 10
Loler777: posts big blind 20
*** HOLE CARDS ***
Dealt to Mahu2021 [Ac 9c]
Kriszcic: folds 
Mahu2021: raises 20 to 40
Loler777: raises 190 to 230 and is all-in
Mahu2021: calls 190
*** FLOP *** [7s 5h Qd]
*** TURN *** [7s 5h Qd] [2s]
*** RIVER *** [7s 5h Qd 2s] [6h]
*** SHOW DOWN ***
Mahu2021: shows [Ac 9c] (high card Ace)
Loler777: shows [Tc Kc] (high card King)
Mahu2021 collected 460 from pot
Loler777 finished the tournament in 3rd place
*** SUMMARY ***
Total pot 460 | Rake 0 
Board [7s 5h Qd 2s 6h]
Seat 1: Kriszcic (button) folded before Flop (didn't bet)
Seat 2: Mahu2021 (small blind) showed [Ac 9c] and won (460) with high card Ace
Seat 3: Loler777 (big blind) showed [Tc Kc] and lost with high card King



PokerStars Hand #247579118069: Tournament #3684509495, $1.84+$0.16 USD Hold'em No Limit - Level I (10/20) - 2023/12/10 8:47:51 CET [2023/12/10 2:47:51 ET]
Table '3684509495 1' 3-max Seat #2 is the button
Seat 1: Kriszcic (700 in chips) 
Seat 2: Mahu2021 (800 in chips) 
Mahu2021: posts small blind 10
Kriszcic: posts big blind 20
*** HOLE CARDS ***
Dealt to Mahu2021 [As Kc]
Mahu2021: raises 20 to 40
Kriszcic: raises 80 to 120
Mahu2021: raises 680 to 800 and is all-in
Kriszcic: calls 580 and is all-in
Uncalled bet (100) returned to Mahu2021
*** FLOP *** [Ts Ad Qs]
*** TURN *** [Ts Ad Qs] [7c]
*** RIVER *** [Ts Ad Qs 7c] [8s]
*** SHOW DOWN ***
Kriszcic: shows [Ac 9h] (a pair of Aces)
Mahu2021: shows [As Kc] (a pair of Aces - King kicker)
Mahu2021 collected 1400 from pot
Kriszcic finished the tournament in 2nd place
Mahu2021 wins the tournament and receives $8.00 - congratulations!
*** SUMMARY ***
Total pot 1400 | Rake 0 
Board [Ts Ad Qs 7c 8s]
Seat 1: Kriszcic (big blind) showed [Ac 9h] and lost with a pair of Aces
Seat 2: Mahu2021 (button) (small blind) showed [As Kc] and won (1400) with a pair of Aces



