PokerStars Hand #243112534330: Tournament #3578023214, $0.92+$0.08 USD Hold'em No Limit - Level I (10/20) - 2023/04/15 21:42:03 CET [2023/04/15 15:42:03 ET]
Table '3578023214 1' 3-max Seat #1 is the button
Seat 1: Sergynia312 (500 in chips) 
Seat 2: Fagnerlemos (500 in chips) 
Seat 3: Mahu2021 (500 in chips) 
Fagnerlemos: posts small blind 10
Mahu2021: posts big blind 20
*** HOLE CARDS ***
Dealt to Mahu2021 [9d 5d]
Sergynia312: raises 40 to 60
Fagnerlemos: folds 
Mahu2021: folds 
Uncalled bet (40) returned to Sergynia312
Sergynia312 collected 50 from pot
Sergynia312: doesn't show hand 
*** SUMMARY ***
Total pot 50 | Rake 0 
Seat 1: Sergynia312 (button) collected (50)
Seat 2: Fagnerlemos (small blind) folded before Flop
Seat 3: Mahu2021 (big blind) folded before Flop



PokerStars Hand #243112542958: Tournament #3578023214, $0.92+$0.08 USD Hold'em No Limit - Level I (10/20) - 2023/04/15 21:42:26 CET [2023/04/15 15:42:26 ET]
Table '3578023214 1' 3-max Seat #2 is the button
Seat 1: Sergynia312 (530 in chips) 
Seat 2: Fagnerlemos (490 in chips) 
Seat 3: Mahu2021 (480 in chips) 
Mahu2021: posts small blind 10
Sergynia312: posts big blind 20
*** HOLE CARDS ***
Dealt to Mahu2021 [9d 2c]
Fagnerlemos: raises 20 to 40
Mahu2021: folds 
Sergynia312: folds 
Uncalled bet (20) returned to Fagnerlemos
Fagnerlemos collected 50 from pot
*** SUMMARY ***
Total pot 50 | Rake 0 
Seat 1: Sergynia312 (big blind) folded before Flop
Seat 2: Fagnerlemos (button) collected (50)
Seat 3: Mahu2021 (small blind) folded before Flop



PokerStars Hand #243112546170: Tournament #3578023214, $0.92+$0.08 USD Hold'em No Limit - Level I (10/20) - 2023/04/15 21:42:34 CET [2023/04/15 15:42:34 ET]
Table '3578023214 1' 3-max Seat #3 is the button
Seat 1: Sergynia312 (510 in chips) 
Seat 2: Fagnerlemos (520 in chips) 
Seat 3: Mahu2021 (470 in chips) 
Sergynia312: posts small blind 10
Fagnerlemos: posts big blind 20
*** HOLE CARDS ***
Dealt to Mahu2021 [8c Qc]
Mahu2021: calls 20
Sergynia312: calls 10
Fagnerlemos: raises 30 to 50
Mahu2021: calls 30
Sergynia312: folds 
*** FLOP *** [4c 5s 2c]
Fagnerlemos: bets 30
Mahu2021: calls 30
*** TURN *** [4c 5s 2c] [Jd]
Fagnerlemos: bets 45
Mahu2021: calls 45
*** RIVER *** [4c 5s 2c Jd] [7s]
Fagnerlemos: bets 135
Mahu2021: folds 
Uncalled bet (135) returned to Fagnerlemos
Fagnerlemos collected 270 from pot
*** SUMMARY ***
Total pot 270 | Rake 0 
Board [4c 5s 2c Jd 7s]
Seat 1: Sergynia312 (small blind) folded before Flop
Seat 2: Fagnerlemos (big blind) collected (270)
Seat 3: Mahu2021 (button) folded on the River



PokerStars Hand #243112556672: Tournament #3578023214, $0.92+$0.08 USD Hold'em No Limit - Level I (10/20) - 2023/04/15 21:43:01 CET [2023/04/15 15:43:01 ET]
Table '3578023214 1' 3-max Seat #1 is the button
Seat 1: Sergynia312 (490 in chips) 
Seat 2: Fagnerlemos (665 in chips) 
Seat 3: Mahu2021 (345 in chips) 
Fagnerlemos: posts small blind 10
Mahu2021: posts big blind 20
*** HOLE CARDS ***
Dealt to Mahu2021 [3s 9s]
Sergynia312: folds 
Fagnerlemos: calls 10
Mahu2021: checks 
*** FLOP *** [Ac 6s 4d]
Fagnerlemos: checks 
Mahu2021: checks 
*** TURN *** [Ac 6s 4d] [8c]
Fagnerlemos: checks 
Mahu2021: checks 
*** RIVER *** [Ac 6s 4d 8c] [Ah]
Fagnerlemos: checks 
Mahu2021: bets 20
Fagnerlemos: folds 
Uncalled bet (20) returned to Mahu2021
Mahu2021 collected 40 from pot
Mahu2021: doesn't show hand 
*** SUMMARY ***
Total pot 40 | Rake 0 
Board [Ac 6s 4d 8c Ah]
Seat 1: Sergynia312 (button) folded before Flop (didn't bet)
Seat 2: Fagnerlemos (small blind) folded on the River
Seat 3: Mahu2021 (big blind) collected (40)



PokerStars Hand #243112571510: Tournament #3578023214, $0.92+$0.08 USD Hold'em No Limit - Level I (10/20) - 2023/04/15 21:43:40 CET [2023/04/15 15:43:40 ET]
Table '3578023214 1' 3-max Seat #2 is the button
Seat 1: Sergynia312 (490 in chips) 
Seat 2: Fagnerlemos (645 in chips) 
Seat 3: Mahu2021 (365 in chips) 
Mahu2021: posts small blind 10
Sergynia312: posts big blind 20
*** HOLE CARDS ***
Dealt to Mahu2021 [3d 3s]
Fagnerlemos: folds 
Mahu2021: raises 345 to 365 and is all-in
Sergynia312: folds 
Uncalled bet (345) returned to Mahu2021
Mahu2021 collected 40 from pot
Mahu2021: doesn't show hand 
*** SUMMARY ***
Total pot 40 | Rake 0 
Seat 1: Sergynia312 (big blind) folded before Flop
Seat 2: Fagnerlemos (button) folded before Flop (didn't bet)
Seat 3: Mahu2021 (small blind) collected (40)



PokerStars Hand #243112575406: Tournament #3578023214, $0.92+$0.08 USD Hold'em No Limit - Level I (10/20) - 2023/04/15 21:43:49 CET [2023/04/15 15:43:49 ET]
Table '3578023214 1' 3-max Seat #3 is the button
Seat 1: Sergynia312 (470 in chips) 
Seat 2: Fagnerlemos (645 in chips) 
Seat 3: Mahu2021 (385 in chips) 
Sergynia312: posts small blind 10
Fagnerlemos: posts big blind 20
*** HOLE CARDS ***
Dealt to Mahu2021 [4d 9d]
Mahu2021: folds 
Sergynia312: raises 30 to 50
Fagnerlemos: calls 30
*** FLOP *** [8c Ts 9s]
Sergynia312: bets 67
Fagnerlemos: raises 528 to 595 and is all-in
Sergynia312: calls 353 and is all-in
Uncalled bet (175) returned to Fagnerlemos
*** TURN *** [8c Ts 9s] [9c]
*** RIVER *** [8c Ts 9s 9c] [5c]
*** SHOW DOWN ***
Sergynia312: shows [Th As] (two pair, Tens and Nines)
Fagnerlemos: shows [7s Ac] (a pair of Nines)
Sergynia312 collected 940 from pot
*** SUMMARY ***
Total pot 940 | Rake 0 
Board [8c Ts 9s 9c 5c]
Seat 1: Sergynia312 (small blind) showed [Th As] and won (940) with two pair, Tens and Nines
Seat 2: Fagnerlemos (big blind) showed [7s Ac] and lost with a pair of Nines
Seat 3: Mahu2021 (button) folded before Flop (didn't bet)



PokerStars Hand #243112586470: Tournament #3578023214, $0.92+$0.08 USD Hold'em No Limit - Level II (15/30) - 2023/04/15 21:44:18 CET [2023/04/15 15:44:18 ET]
Table '3578023214 1' 3-max Seat #1 is the button
Seat 1: Sergynia312 (940 in chips) 
Seat 2: Fagnerlemos (175 in chips) 
Seat 3: Mahu2021 (385 in chips) 
Fagnerlemos: posts small blind 15
Mahu2021: posts big blind 30
*** HOLE CARDS ***
Dealt to Mahu2021 [9h Ks]
Sergynia312: calls 30
Fagnerlemos: calls 15
Mahu2021: checks 
*** FLOP *** [4d 3c 7h]
Fagnerlemos: checks 
Mahu2021: checks 
Sergynia312: checks 
*** TURN *** [4d 3c 7h] [6c]
Fagnerlemos: checks 
Mahu2021: checks 
Sergynia312: checks 
*** RIVER *** [4d 3c 7h 6c] [Jh]
Fagnerlemos: checks 
Mahu2021: checks 
Sergynia312: checks 
*** SHOW DOWN ***
Fagnerlemos: shows [9c Qh] (high card Queen)
Mahu2021: shows [9h Ks] (high card King)
Sergynia312: mucks hand 
Mahu2021 collected 90 from pot
*** SUMMARY ***
Total pot 90 | Rake 0 
Board [4d 3c 7h 6c Jh]
Seat 1: Sergynia312 (button) mucked [Kh 8h]
Seat 2: Fagnerlemos (small blind) showed [9c Qh] and lost with high card Queen
Seat 3: Mahu2021 (big blind) showed [9h Ks] and won (90) with high card King



PokerStars Hand #243112599679: Tournament #3578023214, $0.92+$0.08 USD Hold'em No Limit - Level II (15/30) - 2023/04/15 21:44:52 CET [2023/04/15 15:44:52 ET]
Table '3578023214 1' 3-max Seat #2 is the button
Seat 1: Sergynia312 (910 in chips) 
Seat 2: Fagnerlemos (145 in chips) 
Seat 3: Mahu2021 (445 in chips) 
Mahu2021: posts small blind 15
Sergynia312: posts big blind 30
*** HOLE CARDS ***
Dealt to Mahu2021 [5s Kd]
Fagnerlemos: calls 30
Mahu2021: folds 
Sergynia312: checks 
*** FLOP *** [6d Ac 2s]
Sergynia312: checks 
Fagnerlemos: checks 
*** TURN *** [6d Ac 2s] [8d]
Sergynia312: checks 
Fagnerlemos: checks 
*** RIVER *** [6d Ac 2s 8d] [5c]
Sergynia312: checks 
Fagnerlemos: checks 
*** SHOW DOWN ***
Sergynia312: shows [Qs Ts] (high card Ace)
Fagnerlemos: mucks hand 
Sergynia312 collected 75 from pot
*** SUMMARY ***
Total pot 75 | Rake 0 
Board [6d Ac 2s 8d 5c]
Seat 1: Sergynia312 (big blind) showed [Qs Ts] and won (75) with high card Ace
Seat 2: Fagnerlemos (button) mucked [Jh Tc]
Seat 3: Mahu2021 (small blind) folded before Flop



PokerStars Hand #243112608335: Tournament #3578023214, $0.92+$0.08 USD Hold'em No Limit - Level II (15/30) - 2023/04/15 21:45:15 CET [2023/04/15 15:45:15 ET]
Table '3578023214 1' 3-max Seat #3 is the button
Seat 1: Sergynia312 (955 in chips) 
Seat 2: Fagnerlemos (115 in chips) 
Seat 3: Mahu2021 (430 in chips) 
Sergynia312: posts small blind 15
Fagnerlemos: posts big blind 30
*** HOLE CARDS ***
Dealt to Mahu2021 [9c 3d]
Mahu2021: folds 
Sergynia312: calls 15
Fagnerlemos: checks 
*** FLOP *** [3h Js As]
Sergynia312: checks 
Fagnerlemos: checks 
*** TURN *** [3h Js As] [Ah]
Sergynia312: checks 
Fagnerlemos: checks 
*** RIVER *** [3h Js As Ah] [Qs]
Sergynia312: checks 
Fagnerlemos: bets 45
Sergynia312: folds 
Uncalled bet (45) returned to Fagnerlemos
Fagnerlemos collected 60 from pot
*** SUMMARY ***
Total pot 60 | Rake 0 
Board [3h Js As Ah Qs]
Seat 1: Sergynia312 (small blind) folded on the River
Seat 2: Fagnerlemos (big blind) collected (60)
Seat 3: Mahu2021 (button) folded before Flop (didn't bet)



PokerStars Hand #243112619752: Tournament #3578023214, $0.92+$0.08 USD Hold'em No Limit - Level II (15/30) - 2023/04/15 21:45:44 CET [2023/04/15 15:45:44 ET]
Table '3578023214 1' 3-max Seat #1 is the button
Seat 1: Sergynia312 (925 in chips) 
Seat 2: Fagnerlemos (145 in chips) 
Seat 3: Mahu2021 (430 in chips) 
Fagnerlemos: posts small blind 15
Mahu2021: posts big blind 30
*** HOLE CARDS ***
Dealt to Mahu2021 [9d 2c]
Sergynia312: raises 30 to 60
Fagnerlemos: raises 85 to 145 and is all-in
Mahu2021: folds 
Sergynia312: calls 85
*** FLOP *** [2d 8c 7c]
*** TURN *** [2d 8c 7c] [Qc]
*** RIVER *** [2d 8c 7c Qc] [Th]
*** SHOW DOWN ***
Fagnerlemos: shows [Kc Ah] (high card Ace)
Sergynia312: shows [Qd 4d] (a pair of Queens)
Sergynia312 collected 320 from pot
Fagnerlemos finished the tournament in 3rd place
*** SUMMARY ***
Total pot 320 | Rake 0 
Board [2d 8c 7c Qc Th]
Seat 1: Sergynia312 (button) showed [Qd 4d] and won (320) with a pair of Queens
Seat 2: Fagnerlemos (small blind) showed [Kc Ah] and lost with high card Ace
Seat 3: Mahu2021 (big blind) folded before Flop



PokerStars Hand #243112626734: Tournament #3578023214, $0.92+$0.08 USD Hold'em No Limit - Level II (15/30) - 2023/04/15 21:46:02 CET [2023/04/15 15:46:02 ET]
Table '3578023214 1' 3-max Seat #3 is the button
Seat 1: Sergynia312 (1100 in chips) 
Seat 3: Mahu2021 (400 in chips) 
Mahu2021: posts small blind 15
Sergynia312: posts big blind 30
*** HOLE CARDS ***
Dealt to Mahu2021 [8s 8h]
Mahu2021: raises 370 to 400 and is all-in
Sergynia312: folds 
Uncalled bet (370) returned to Mahu2021
Mahu2021 collected 60 from pot
Mahu2021: doesn't show hand 
*** SUMMARY ***
Total pot 60 | Rake 0 
Seat 1: Sergynia312 (big blind) folded before Flop
Seat 3: Mahu2021 (button) (small blind) collected (60)



PokerStars Hand #243112631329: Tournament #3578023214, $0.92+$0.08 USD Hold'em No Limit - Level III (20/40) - 2023/04/15 21:46:14 CET [2023/04/15 15:46:14 ET]
Table '3578023214 1' 3-max Seat #1 is the button
Seat 1: Sergynia312 (1070 in chips) 
Seat 3: Mahu2021 (430 in chips) 
Sergynia312: posts small blind 20
Mahu2021: posts big blind 40
*** HOLE CARDS ***
Dealt to Mahu2021 [Jh 8s]
Sergynia312: folds 
Uncalled bet (20) returned to Mahu2021
Mahu2021 collected 40 from pot
Mahu2021: doesn't show hand 
*** SUMMARY ***
Total pot 40 | Rake 0 
Seat 1: Sergynia312 (button) (small blind) folded before Flop
Seat 3: Mahu2021 (big blind) collected (40)



PokerStars Hand #243112633113: Tournament #3578023214, $0.92+$0.08 USD Hold'em No Limit - Level III (20/40) - 2023/04/15 21:46:19 CET [2023/04/15 15:46:19 ET]
Table '3578023214 1' 3-max Seat #3 is the button
Seat 1: Sergynia312 (1050 in chips) 
Seat 3: Mahu2021 (450 in chips) 
Mahu2021: posts small blind 20
Sergynia312: posts big blind 40
*** HOLE CARDS ***
Dealt to Mahu2021 [7d 7h]
Mahu2021: raises 410 to 450 and is all-in
Sergynia312: calls 410
*** FLOP *** [Ac 5s Jc]
*** TURN *** [Ac 5s Jc] [4d]
*** RIVER *** [Ac 5s Jc 4d] [9c]
*** SHOW DOWN ***
Sergynia312: shows [3s 3h] (a pair of Threes)
Mahu2021: shows [7d 7h] (a pair of Sevens)
Mahu2021 collected 900 from pot
*** SUMMARY ***
Total pot 900 | Rake 0 
Board [Ac 5s Jc 4d 9c]
Seat 1: Sergynia312 (big blind) showed [3s 3h] and lost with a pair of Threes
Seat 3: Mahu2021 (button) (small blind) showed [7d 7h] and won (900) with a pair of Sevens



PokerStars Hand #243112638641: Tournament #3578023214, $0.92+$0.08 USD Hold'em No Limit - Level III (20/40) - 2023/04/15 21:46:33 CET [2023/04/15 15:46:33 ET]
Table '3578023214 1' 3-max Seat #1 is the button
Seat 1: Sergynia312 (600 in chips) 
Seat 3: Mahu2021 (900 in chips) 
Sergynia312: posts small blind 20
Mahu2021: posts big blind 40
*** HOLE CARDS ***
Dealt to Mahu2021 [4c Ad]
Sergynia312: raises 560 to 600 and is all-in
Mahu2021: calls 560
*** FLOP *** [Jc Qd Jd]
*** TURN *** [Jc Qd Jd] [6h]
*** RIVER *** [Jc Qd Jd 6h] [Td]
*** SHOW DOWN ***
Mahu2021: shows [4c Ad] (a pair of Jacks)
Sergynia312: shows [6d 6c] (a full house, Sixes full of Jacks)
Sergynia312 collected 1200 from pot
*** SUMMARY ***
Total pot 1200 | Rake 0 
Board [Jc Qd Jd 6h Td]
Seat 1: Sergynia312 (button) (small blind) showed [6d 6c] and won (1200) with a full house, Sixes full of Jacks
Seat 3: Mahu2021 (big blind) showed [4c Ad] and lost with a pair of Jacks



PokerStars Hand #243112645736: Tournament #3578023214, $0.92+$0.08 USD Hold'em No Limit - Level III (20/40) - 2023/04/15 21:46:52 CET [2023/04/15 15:46:52 ET]
Table '3578023214 1' 3-max Seat #3 is the button
Seat 1: Sergynia312 (1200 in chips) 
Seat 3: Mahu2021 (300 in chips) 
Mahu2021: posts small blind 20
Sergynia312: posts big blind 40
*** HOLE CARDS ***
Dealt to Mahu2021 [4d Ac]
Mahu2021: raises 260 to 300 and is all-in
Sergynia312: folds 
Uncalled bet (260) returned to Mahu2021
Mahu2021 collected 80 from pot
Mahu2021: doesn't show hand 
*** SUMMARY ***
Total pot 80 | Rake 0 
Seat 1: Sergynia312 (big blind) folded before Flop
Seat 3: Mahu2021 (button) (small blind) collected (80)



PokerStars Hand #243112648637: Tournament #3578023214, $0.92+$0.08 USD Hold'em No Limit - Level III (20/40) - 2023/04/15 21:46:59 CET [2023/04/15 15:46:59 ET]
Table '3578023214 1' 3-max Seat #1 is the button
Seat 1: Sergynia312 (1160 in chips) 
Seat 3: Mahu2021 (340 in chips) 
Sergynia312: posts small blind 20
Mahu2021: posts big blind 40
*** HOLE CARDS ***
Dealt to Mahu2021 [5c 2c]
Sergynia312: raises 1120 to 1160 and is all-in
Mahu2021: folds 
Uncalled bet (1120) returned to Sergynia312
Sergynia312 collected 80 from pot
Sergynia312: doesn't show hand 
*** SUMMARY ***
Total pot 80 | Rake 0 
Seat 1: Sergynia312 (button) (small blind) collected (80)
Seat 3: Mahu2021 (big blind) folded before Flop



PokerStars Hand #243112651742: Tournament #3578023214, $0.92+$0.08 USD Hold'em No Limit - Level III (20/40) - 2023/04/15 21:47:07 CET [2023/04/15 15:47:07 ET]
Table '3578023214 1' 3-max Seat #3 is the button
Seat 1: Sergynia312 (1200 in chips) 
Seat 3: Mahu2021 (300 in chips) 
Mahu2021: posts small blind 20
Sergynia312: posts big blind 40
*** HOLE CARDS ***
Dealt to Mahu2021 [Jd 7c]
Mahu2021: calls 20
Sergynia312: checks 
*** FLOP *** [Ac 5d 8s]
Sergynia312: bets 40
Mahu2021: folds 
Uncalled bet (40) returned to Sergynia312
Sergynia312 collected 80 from pot
Sergynia312: doesn't show hand 
*** SUMMARY ***
Total pot 80 | Rake 0 
Board [Ac 5d 8s]
Seat 1: Sergynia312 (big blind) collected (80)
Seat 3: Mahu2021 (button) (small blind) folded on the Flop



PokerStars Hand #243112656003: Tournament #3578023214, $0.92+$0.08 USD Hold'em No Limit - Level III (20/40) - 2023/04/15 21:47:18 CET [2023/04/15 15:47:18 ET]
Table '3578023214 1' 3-max Seat #1 is the button
Seat 1: Sergynia312 (1240 in chips) 
Seat 3: Mahu2021 (260 in chips) 
Sergynia312: posts small blind 20
Mahu2021: posts big blind 40
*** HOLE CARDS ***
Dealt to Mahu2021 [7h Ad]
Sergynia312: calls 20
Mahu2021: raises 220 to 260 and is all-in
Sergynia312: folds 
Uncalled bet (220) returned to Mahu2021
Mahu2021 collected 80 from pot
Mahu2021: doesn't show hand 
*** SUMMARY ***
Total pot 80 | Rake 0 
Seat 1: Sergynia312 (button) (small blind) folded before Flop
Seat 3: Mahu2021 (big blind) collected (80)



PokerStars Hand #243112659384: Tournament #3578023214, $0.92+$0.08 USD Hold'em No Limit - Level III (20/40) - 2023/04/15 21:47:27 CET [2023/04/15 15:47:27 ET]
Table '3578023214 1' 3-max Seat #3 is the button
Seat 1: Sergynia312 (1200 in chips) 
Seat 3: Mahu2021 (300 in chips) 
Mahu2021: posts small blind 20
Sergynia312: posts big blind 40
*** HOLE CARDS ***
Dealt to Mahu2021 [3d 9h]
Mahu2021: folds 
Uncalled bet (20) returned to Sergynia312
Sergynia312 collected 40 from pot
Sergynia312: doesn't show hand 
*** SUMMARY ***
Total pot 40 | Rake 0 
Seat 1: Sergynia312 (big blind) collected (40)
Seat 3: Mahu2021 (button) (small blind) folded before Flop



PokerStars Hand #243112661141: Tournament #3578023214, $0.92+$0.08 USD Hold'em No Limit - Level III (20/40) - 2023/04/15 21:47:31 CET [2023/04/15 15:47:31 ET]
Table '3578023214 1' 3-max Seat #1 is the button
Seat 1: Sergynia312 (1220 in chips) 
Seat 3: Mahu2021 (280 in chips) 
Sergynia312: posts small blind 20
Mahu2021: posts big blind 40
*** HOLE CARDS ***
Dealt to Mahu2021 [Kh 7c]
Sergynia312: folds 
Uncalled bet (20) returned to Mahu2021
Mahu2021 collected 40 from pot
Mahu2021: doesn't show hand 
*** SUMMARY ***
Total pot 40 | Rake 0 
Seat 1: Sergynia312 (button) (small blind) folded before Flop
Seat 3: Mahu2021 (big blind) collected (40)



PokerStars Hand #243112666685: Tournament #3578023214, $0.92+$0.08 USD Hold'em No Limit - Level III (20/40) - 2023/04/15 21:47:45 CET [2023/04/15 15:47:45 ET]
Table '3578023214 1' 3-max Seat #3 is the button
Seat 1: Sergynia312 (1200 in chips) 
Seat 3: Mahu2021 (300 in chips) 
Mahu2021: posts small blind 20
Sergynia312: posts big blind 40
*** HOLE CARDS ***
Dealt to Mahu2021 [As Ah]
Mahu2021: raises 40 to 80
Sergynia312: folds 
Uncalled bet (40) returned to Mahu2021
Mahu2021 collected 80 from pot
Mahu2021: doesn't show hand 
*** SUMMARY ***
Total pot 80 | Rake 0 
Seat 1: Sergynia312 (big blind) folded before Flop
Seat 3: Mahu2021 (button) (small blind) collected (80)



PokerStars Hand #243112673598: Tournament #3578023214, $0.92+$0.08 USD Hold'em No Limit - Level III (20/40) - 2023/04/15 21:48:03 CET [2023/04/15 15:48:03 ET]
Table '3578023214 1' 3-max Seat #1 is the button
Seat 1: Sergynia312 (1160 in chips) 
Seat 3: Mahu2021 (340 in chips) 
Sergynia312: posts small blind 20
Mahu2021: posts big blind 40
*** HOLE CARDS ***
Dealt to Mahu2021 [4h 2d]
Sergynia312: raises 40 to 80
Mahu2021: folds 
Uncalled bet (40) returned to Sergynia312
Sergynia312 collected 80 from pot
Sergynia312: doesn't show hand 
*** SUMMARY ***
Total pot 80 | Rake 0 
Seat 1: Sergynia312 (button) (small blind) collected (80)
Seat 3: Mahu2021 (big blind) folded before Flop



PokerStars Hand #243112677098: Tournament #3578023214, $0.92+$0.08 USD Hold'em No Limit - Level IV (30/60) - 2023/04/15 21:48:12 CET [2023/04/15 15:48:12 ET]
Table '3578023214 1' 3-max Seat #3 is the button
Seat 1: Sergynia312 (1200 in chips) 
Seat 3: Mahu2021 (300 in chips) 
Mahu2021: posts small blind 30
Sergynia312: posts big blind 60
*** HOLE CARDS ***
Dealt to Mahu2021 [3c 4s]
Mahu2021: folds 
Uncalled bet (30) returned to Sergynia312
Sergynia312 collected 60 from pot
Sergynia312: doesn't show hand 
*** SUMMARY ***
Total pot 60 | Rake 0 
Seat 1: Sergynia312 (big blind) collected (60)
Seat 3: Mahu2021 (button) (small blind) folded before Flop



PokerStars Hand #243112678925: Tournament #3578023214, $0.92+$0.08 USD Hold'em No Limit - Level IV (30/60) - 2023/04/15 21:48:17 CET [2023/04/15 15:48:17 ET]
Table '3578023214 1' 3-max Seat #1 is the button
Seat 1: Sergynia312 (1230 in chips) 
Seat 3: Mahu2021 (270 in chips) 
Sergynia312: posts small blind 30
Mahu2021: posts big blind 60
*** HOLE CARDS ***
Dealt to Mahu2021 [6c Qh]
Sergynia312: folds 
Uncalled bet (30) returned to Mahu2021
Mahu2021 collected 60 from pot
Mahu2021: doesn't show hand 
*** SUMMARY ***
Total pot 60 | Rake 0 
Seat 1: Sergynia312 (button) (small blind) folded before Flop
Seat 3: Mahu2021 (big blind) collected (60)



PokerStars Hand #243112680947: Tournament #3578023214, $0.92+$0.08 USD Hold'em No Limit - Level IV (30/60) - 2023/04/15 21:48:22 CET [2023/04/15 15:48:22 ET]
Table '3578023214 1' 3-max Seat #3 is the button
Seat 1: Sergynia312 (1200 in chips) 
Seat 3: Mahu2021 (300 in chips) 
Mahu2021: posts small blind 30
Sergynia312: posts big blind 60
*** HOLE CARDS ***
Dealt to Mahu2021 [2h Qh]
Mahu2021: raises 240 to 300 and is all-in
Sergynia312: folds 
Uncalled bet (240) returned to Mahu2021
Mahu2021 collected 120 from pot
Mahu2021: doesn't show hand 
*** SUMMARY ***
Total pot 120 | Rake 0 
Seat 1: Sergynia312 (big blind) folded before Flop
Seat 3: Mahu2021 (button) (small blind) collected (120)



PokerStars Hand #243112685100: Tournament #3578023214, $0.92+$0.08 USD Hold'em No Limit - Level IV (30/60) - 2023/04/15 21:48:33 CET [2023/04/15 15:48:33 ET]
Table '3578023214 1' 3-max Seat #1 is the button
Seat 1: Sergynia312 (1140 in chips) 
Seat 3: Mahu2021 (360 in chips) 
Sergynia312: posts small blind 30
Mahu2021: posts big blind 60
*** HOLE CARDS ***
Dealt to Mahu2021 [9d Jh]
Sergynia312: folds 
Uncalled bet (30) returned to Mahu2021
Mahu2021 collected 60 from pot
Mahu2021: doesn't show hand 
*** SUMMARY ***
Total pot 60 | Rake 0 
Seat 1: Sergynia312 (button) (small blind) folded before Flop
Seat 3: Mahu2021 (big blind) collected (60)



PokerStars Hand #243112687718: Tournament #3578023214, $0.92+$0.08 USD Hold'em No Limit - Level IV (30/60) - 2023/04/15 21:48:40 CET [2023/04/15 15:48:40 ET]
Table '3578023214 1' 3-max Seat #3 is the button
Seat 1: Sergynia312 (1110 in chips) 
Seat 3: Mahu2021 (390 in chips) 
Mahu2021: posts small blind 30
Sergynia312: posts big blind 60
*** HOLE CARDS ***
Dealt to Mahu2021 [3c 4s]
Mahu2021: folds 
Uncalled bet (30) returned to Sergynia312
Sergynia312 collected 60 from pot
Sergynia312: doesn't show hand 
*** SUMMARY ***
Total pot 60 | Rake 0 
Seat 1: Sergynia312 (big blind) collected (60)
Seat 3: Mahu2021 (button) (small blind) folded before Flop



PokerStars Hand #243112689467: Tournament #3578023214, $0.92+$0.08 USD Hold'em No Limit - Level IV (30/60) - 2023/04/15 21:48:44 CET [2023/04/15 15:48:44 ET]
Table '3578023214 1' 3-max Seat #1 is the button
Seat 1: Sergynia312 (1140 in chips) 
Seat 3: Mahu2021 (360 in chips) 
Sergynia312: posts small blind 30
Mahu2021: posts big blind 60
*** HOLE CARDS ***
Dealt to Mahu2021 [2h 5h]
Sergynia312: raises 1080 to 1140 and is all-in
Mahu2021: folds 
Uncalled bet (1080) returned to Sergynia312
Sergynia312 collected 120 from pot
Sergynia312: doesn't show hand 
*** SUMMARY ***
Total pot 120 | Rake 0 
Seat 1: Sergynia312 (button) (small blind) collected (120)
Seat 3: Mahu2021 (big blind) folded before Flop



PokerStars Hand #243112692085: Tournament #3578023214, $0.92+$0.08 USD Hold'em No Limit - Level IV (30/60) - 2023/04/15 21:48:51 CET [2023/04/15 15:48:51 ET]
Table '3578023214 1' 3-max Seat #3 is the button
Seat 1: Sergynia312 (1200 in chips) 
Seat 3: Mahu2021 (300 in chips) 
Mahu2021: posts small blind 30
Sergynia312: posts big blind 60
*** HOLE CARDS ***
Dealt to Mahu2021 [2h 5s]
Mahu2021: folds 
Uncalled bet (30) returned to Sergynia312
Sergynia312 collected 60 from pot
Sergynia312: doesn't show hand 
*** SUMMARY ***
Total pot 60 | Rake 0 
Seat 1: Sergynia312 (big blind) collected (60)
Seat 3: Mahu2021 (button) (small blind) folded before Flop



PokerStars Hand #243112694103: Tournament #3578023214, $0.92+$0.08 USD Hold'em No Limit - Level IV (30/60) - 2023/04/15 21:48:56 CET [2023/04/15 15:48:56 ET]
Table '3578023214 1' 3-max Seat #1 is the button
Seat 1: Sergynia312 (1230 in chips) 
Seat 3: Mahu2021 (270 in chips) 
Sergynia312: posts small blind 30
Mahu2021: posts big blind 60
*** HOLE CARDS ***
Dealt to Mahu2021 [8s Ts]
Sergynia312: raises 1170 to 1230 and is all-in
Mahu2021: calls 210 and is all-in
Uncalled bet (960) returned to Sergynia312
*** FLOP *** [7c 6s 3d]
*** TURN *** [7c 6s 3d] [5h]
*** RIVER *** [7c 6s 3d 5h] [Js]
*** SHOW DOWN ***
Mahu2021: shows [8s Ts] (high card Jack)
Sergynia312: shows [Ad 9s] (high card Ace)
Sergynia312 collected 540 from pot
Mahu2021 finished the tournament in 2nd place
Sergynia312 wins the tournament and receives $2.00 - congratulations!
*** SUMMARY ***
Total pot 540 | Rake 0 
Board [7c 6s 3d 5h Js]
Seat 1: Sergynia312 (button) (small blind) showed [Ad 9s] and won (540) with high card Ace
Seat 3: Mahu2021 (big blind) showed [8s Ts] and lost with high card Jack



