PokerStars Hand #245175253885: Tournament #3626122470, $0.92+$0.08 USD Hold'em No Limit - Level I (10/20) - 2023/08/03 10:50:14 CET [2023/08/03 4:50:14 ET]
Table '3626122470 1' 3-max Seat #1 is the button
Seat 1: Mahu2021 (500 in chips) 
Seat 2: Sandoca591 (500 in chips) 
Seat 3: AIM1M (500 in chips) 
Sandoca591: posts small blind 10
AIM1M: posts big blind 20
*** HOLE CARDS ***
Dealt to Mahu2021 [Js 9d]
Mahu2021: folds 
Sandoca591: calls 10
AIM1M: checks 
*** FLOP *** [Kh 6c 4d]
Sandoca591: checks 
AIM1M: checks 
*** TURN *** [Kh 6c 4d] [5h]
Sandoca591: checks 
AIM1M: checks 
*** RIVER *** [Kh 6c 4d 5h] [8d]
Sandoca591: checks 
AIM1M: bets 40
Sandoca591: folds 
Uncalled bet (40) returned to AIM1M
AIM1M collected 40 from pot
*** SUMMARY ***
Total pot 40 | Rake 0 
Board [Kh 6c 4d 5h 8d]
Seat 1: Mahu2021 (button) folded before Flop (didn't bet)
Seat 2: Sandoca591 (small blind) folded on the River
Seat 3: AIM1M (big blind) collected (40)



PokerStars Hand #245175256073: Tournament #3626122470, $0.92+$0.08 USD Hold'em No Limit - Level I (10/20) - 2023/08/03 10:50:32 CET [2023/08/03 4:50:32 ET]
Table '3626122470 1' 3-max Seat #2 is the button
Seat 1: Mahu2021 (500 in chips) 
Seat 2: Sandoca591 (480 in chips) 
Seat 3: AIM1M (520 in chips) 
AIM1M: posts small blind 10
Mahu2021: posts big blind 20
*** HOLE CARDS ***
Dealt to Mahu2021 [9s 7c]
Sandoca591: calls 20
AIM1M: folds 
Mahu2021: checks 
*** FLOP *** [Qc Tc As]
Mahu2021: checks 
Sandoca591: checks 
*** TURN *** [Qc Tc As] [7d]
Mahu2021: bets 20
Sandoca591: folds 
Uncalled bet (20) returned to Mahu2021
Mahu2021 collected 50 from pot
Mahu2021: doesn't show hand 
*** SUMMARY ***
Total pot 50 | Rake 0 
Board [Qc Tc As 7d]
Seat 1: Mahu2021 (big blind) collected (50)
Seat 2: Sandoca591 (button) folded on the Turn
Seat 3: AIM1M (small blind) folded before Flop



PokerStars Hand #245175258123: Tournament #3626122470, $0.92+$0.08 USD Hold'em No Limit - Level I (10/20) - 2023/08/03 10:50:49 CET [2023/08/03 4:50:49 ET]
Table '3626122470 1' 3-max Seat #3 is the button
Seat 1: Mahu2021 (530 in chips) 
Seat 2: Sandoca591 (460 in chips) 
Seat 3: AIM1M (510 in chips) 
Mahu2021: posts small blind 10
Sandoca591: posts big blind 20
*** HOLE CARDS ***
Dealt to Mahu2021 [4h Ks]
AIM1M: raises 50 to 70
Mahu2021: folds 
Sandoca591: folds 
Uncalled bet (50) returned to AIM1M
AIM1M collected 50 from pot
*** SUMMARY ***
Total pot 50 | Rake 0 
Seat 1: Mahu2021 (small blind) folded before Flop
Seat 2: Sandoca591 (big blind) folded before Flop
Seat 3: AIM1M (button) collected (50)



PokerStars Hand #245175259053: Tournament #3626122470, $0.92+$0.08 USD Hold'em No Limit - Level I (10/20) - 2023/08/03 10:50:57 CET [2023/08/03 4:50:57 ET]
Table '3626122470 1' 3-max Seat #1 is the button
Seat 1: Mahu2021 (520 in chips) 
Seat 2: Sandoca591 (440 in chips) 
Seat 3: AIM1M (540 in chips) 
Sandoca591: posts small blind 10
AIM1M: posts big blind 20
*** HOLE CARDS ***
Dealt to Mahu2021 [6c 8c]
Mahu2021: folds 
Sandoca591: calls 10
AIM1M: checks 
*** FLOP *** [6h 2h 3h]
Sandoca591: checks 
AIM1M: checks 
*** TURN *** [6h 2h 3h] [7d]
Sandoca591: checks 
AIM1M: checks 
*** RIVER *** [6h 2h 3h 7d] [Js]
Sandoca591: checks 
AIM1M: checks 
*** SHOW DOWN ***
Sandoca591: shows [Ad 2d] (a pair of Deuces)
AIM1M: mucks hand 
Sandoca591 collected 40 from pot
*** SUMMARY ***
Total pot 40 | Rake 0 
Board [6h 2h 3h 7d Js]
Seat 1: Mahu2021 (button) folded before Flop (didn't bet)
Seat 2: Sandoca591 (small blind) showed [Ad 2d] and won (40) with a pair of Deuces
Seat 3: AIM1M (big blind) mucked [8d Kc]



PokerStars Hand #245175260923: Tournament #3626122470, $0.92+$0.08 USD Hold'em No Limit - Level I (10/20) - 2023/08/03 10:51:12 CET [2023/08/03 4:51:12 ET]
Table '3626122470 1' 3-max Seat #2 is the button
Seat 1: Mahu2021 (520 in chips) 
Seat 2: Sandoca591 (460 in chips) 
Seat 3: AIM1M (520 in chips) 
AIM1M: posts small blind 10
Mahu2021: posts big blind 20
*** HOLE CARDS ***
Dealt to Mahu2021 [Qd 9d]
Sandoca591: folds 
AIM1M: raises 40 to 60
Mahu2021: calls 40
*** FLOP *** [Ts 6d 5c]
AIM1M: bets 60
Mahu2021: folds 
Uncalled bet (60) returned to AIM1M
AIM1M collected 120 from pot
*** SUMMARY ***
Total pot 120 | Rake 0 
Board [Ts 6d 5c]
Seat 1: Mahu2021 (big blind) folded on the Flop
Seat 2: Sandoca591 (button) folded before Flop (didn't bet)
Seat 3: AIM1M (small blind) collected (120)



PokerStars Hand #245175263370: Tournament #3626122470, $0.92+$0.08 USD Hold'em No Limit - Level I (10/20) - 2023/08/03 10:51:32 CET [2023/08/03 4:51:32 ET]
Table '3626122470 1' 3-max Seat #3 is the button
Seat 1: Mahu2021 (460 in chips) 
Seat 2: Sandoca591 (460 in chips) 
Seat 3: AIM1M (580 in chips) 
Mahu2021: posts small blind 10
Sandoca591: posts big blind 20
*** HOLE CARDS ***
Dealt to Mahu2021 [Ts 3c]
AIM1M: calls 20
Mahu2021: folds 
Sandoca591: checks 
*** FLOP *** [7h 4c 9c]
Sandoca591: checks 
AIM1M: bets 50
Sandoca591: folds 
Uncalled bet (50) returned to AIM1M
AIM1M collected 50 from pot
*** SUMMARY ***
Total pot 50 | Rake 0 
Board [7h 4c 9c]
Seat 1: Mahu2021 (small blind) folded before Flop
Seat 2: Sandoca591 (big blind) folded on the Flop
Seat 3: AIM1M (button) collected (50)



PokerStars Hand #245175264596: Tournament #3626122470, $0.92+$0.08 USD Hold'em No Limit - Level I (10/20) - 2023/08/03 10:51:41 CET [2023/08/03 4:51:41 ET]
Table '3626122470 1' 3-max Seat #1 is the button
Seat 1: Mahu2021 (450 in chips) 
Seat 2: Sandoca591 (440 in chips) 
Seat 3: AIM1M (610 in chips) 
Sandoca591: posts small blind 10
AIM1M: posts big blind 20
*** HOLE CARDS ***
Dealt to Mahu2021 [5d Jc]
Mahu2021: folds 
Sandoca591: calls 10
AIM1M: checks 
*** FLOP *** [6s Jd Kd]
Sandoca591: checks 
AIM1M: checks 
*** TURN *** [6s Jd Kd] [Ts]
Sandoca591: checks 
AIM1M: checks 
*** RIVER *** [6s Jd Kd Ts] [4s]
Sandoca591: bets 40
AIM1M: folds 
Uncalled bet (40) returned to Sandoca591
Sandoca591 collected 40 from pot
*** SUMMARY ***
Total pot 40 | Rake 0 
Board [6s Jd Kd Ts 4s]
Seat 1: Mahu2021 (button) folded before Flop (didn't bet)
Seat 2: Sandoca591 (small blind) collected (40)
Seat 3: AIM1M (big blind) folded on the River



PokerStars Hand #245175266496: Tournament #3626122470, $0.92+$0.08 USD Hold'em No Limit - Level I (10/20) - 2023/08/03 10:51:57 CET [2023/08/03 4:51:57 ET]
Table '3626122470 1' 3-max Seat #2 is the button
Seat 1: Mahu2021 (450 in chips) 
Seat 2: Sandoca591 (460 in chips) 
Seat 3: AIM1M (590 in chips) 
AIM1M: posts small blind 10
Mahu2021: posts big blind 20
*** HOLE CARDS ***
Dealt to Mahu2021 [Kh 6d]
Sandoca591: calls 20
AIM1M: raises 570 to 590 and is all-in
Mahu2021: folds 
Sandoca591: calls 440 and is all-in
Uncalled bet (130) returned to AIM1M
*** FLOP *** [Jc Qs 2d]
*** TURN *** [Jc Qs 2d] [7h]
*** RIVER *** [Jc Qs 2d 7h] [8d]
*** SHOW DOWN ***
AIM1M: shows [8s Ah] (a pair of Eights)
Sandoca591: shows [Td Jd] (a pair of Jacks)
Sandoca591 collected 940 from pot
*** SUMMARY ***
Total pot 940 | Rake 0 
Board [Jc Qs 2d 7h 8d]
Seat 1: Mahu2021 (big blind) folded before Flop
Seat 2: Sandoca591 (button) showed [Td Jd] and won (940) with a pair of Jacks
Seat 3: AIM1M (small blind) showed [8s Ah] and lost with a pair of Eights



PokerStars Hand #245175268513: Tournament #3626122470, $0.92+$0.08 USD Hold'em No Limit - Level I (10/20) - 2023/08/03 10:52:13 CET [2023/08/03 4:52:13 ET]
Table '3626122470 1' 3-max Seat #3 is the button
Seat 1: Mahu2021 (430 in chips) 
Seat 2: Sandoca591 (940 in chips) 
Seat 3: AIM1M (130 in chips) 
Mahu2021: posts small blind 10
Sandoca591: posts big blind 20
*** HOLE CARDS ***
Dealt to Mahu2021 [Ks Jc]
AIM1M: raises 110 to 130 and is all-in
Mahu2021: calls 120
Sandoca591: folds 
*** FLOP *** [3d Tc Ad]
*** TURN *** [3d Tc Ad] [9c]
*** RIVER *** [3d Tc Ad 9c] [8h]
*** SHOW DOWN ***
Mahu2021: shows [Ks Jc] (high card Ace)
AIM1M: shows [2h Ah] (a pair of Aces)
AIM1M collected 280 from pot
*** SUMMARY ***
Total pot 280 | Rake 0 
Board [3d Tc Ad 9c 8h]
Seat 1: Mahu2021 (small blind) showed [Ks Jc] and lost with high card Ace
Seat 2: Sandoca591 (big blind) folded before Flop
Seat 3: AIM1M (button) showed [2h Ah] and won (280) with a pair of Aces



PokerStars Hand #245175270532: Tournament #3626122470, $0.92+$0.08 USD Hold'em No Limit - Level II (15/30) - 2023/08/03 10:52:29 CET [2023/08/03 4:52:29 ET]
Table '3626122470 1' 3-max Seat #1 is the button
Seat 1: Mahu2021 (300 in chips) 
Seat 2: Sandoca591 (920 in chips) 
Seat 3: AIM1M (280 in chips) 
Sandoca591: posts small blind 15
AIM1M: posts big blind 30
*** HOLE CARDS ***
Dealt to Mahu2021 [9h 3s]
Mahu2021: folds 
Sandoca591: folds 
Uncalled bet (15) returned to AIM1M
AIM1M collected 30 from pot
*** SUMMARY ***
Total pot 30 | Rake 0 
Seat 1: Mahu2021 (button) folded before Flop (didn't bet)
Seat 2: Sandoca591 (small blind) folded before Flop
Seat 3: AIM1M (big blind) collected (30)



PokerStars Hand #245175271179: Tournament #3626122470, $0.92+$0.08 USD Hold'em No Limit - Level II (15/30) - 2023/08/03 10:52:34 CET [2023/08/03 4:52:34 ET]
Table '3626122470 1' 3-max Seat #2 is the button
Seat 1: Mahu2021 (300 in chips) 
Seat 2: Sandoca591 (905 in chips) 
Seat 3: AIM1M (295 in chips) 
AIM1M: posts small blind 15
Mahu2021: posts big blind 30
*** HOLE CARDS ***
Dealt to Mahu2021 [5c Td]
Sandoca591: calls 30
AIM1M: raises 265 to 295 and is all-in
Mahu2021: folds 
Sandoca591: calls 265
*** FLOP *** [3s Ts 5h]
*** TURN *** [3s Ts 5h] [8c]
*** RIVER *** [3s Ts 5h 8c] [Jd]
*** SHOW DOWN ***
AIM1M: shows [As 5s] (a pair of Fives)
Sandoca591: shows [Qh Jc] (a pair of Jacks)
Sandoca591 collected 620 from pot
AIM1M finished the tournament in 3rd place
*** SUMMARY ***
Total pot 620 | Rake 0 
Board [3s Ts 5h 8c Jd]
Seat 1: Mahu2021 (big blind) folded before Flop
Seat 2: Sandoca591 (button) showed [Qh Jc] and won (620) with a pair of Jacks
Seat 3: AIM1M (small blind) showed [As 5s] and lost with a pair of Fives



PokerStars Hand #245175273353: Tournament #3626122470, $0.92+$0.08 USD Hold'em No Limit - Level II (15/30) - 2023/08/03 10:52:51 CET [2023/08/03 4:52:51 ET]
Table '3626122470 1' 3-max Seat #1 is the button
Seat 1: Mahu2021 (270 in chips) 
Seat 2: Sandoca591 (1230 in chips) 
Mahu2021: posts small blind 15
Sandoca591: posts big blind 30
*** HOLE CARDS ***
Dealt to Mahu2021 [Ad 6c]
Mahu2021: raises 240 to 270 and is all-in
Sandoca591: folds 
Uncalled bet (240) returned to Mahu2021
Mahu2021 collected 60 from pot
Mahu2021: doesn't show hand 
*** SUMMARY ***
Total pot 60 | Rake 0 
Seat 1: Mahu2021 (button) (small blind) collected (60)
Seat 2: Sandoca591 (big blind) folded before Flop



PokerStars Hand #245175274379: Tournament #3626122470, $0.92+$0.08 USD Hold'em No Limit - Level II (15/30) - 2023/08/03 10:53:00 CET [2023/08/03 4:53:00 ET]
Table '3626122470 1' 3-max Seat #2 is the button
Seat 1: Mahu2021 (300 in chips) 
Seat 2: Sandoca591 (1200 in chips) 
Sandoca591: posts small blind 15
Mahu2021: posts big blind 30
*** HOLE CARDS ***
Dealt to Mahu2021 [6h 6s]
Sandoca591: folds 
Uncalled bet (15) returned to Mahu2021
Mahu2021 collected 30 from pot
Mahu2021: doesn't show hand 
*** SUMMARY ***
Total pot 30 | Rake 0 
Seat 1: Mahu2021 (big blind) collected (30)
Seat 2: Sandoca591 (button) (small blind) folded before Flop



PokerStars Hand #245175274970: Tournament #3626122470, $0.92+$0.08 USD Hold'em No Limit - Level II (15/30) - 2023/08/03 10:53:04 CET [2023/08/03 4:53:04 ET]
Table '3626122470 1' 3-max Seat #1 is the button
Seat 1: Mahu2021 (315 in chips) 
Seat 2: Sandoca591 (1185 in chips) 
Mahu2021: posts small blind 15
Sandoca591: posts big blind 30
*** HOLE CARDS ***
Dealt to Mahu2021 [Qd 3d]
Mahu2021: calls 15
Sandoca591: checks 
*** FLOP *** [7c 8c 4c]
Sandoca591: checks 
Mahu2021: checks 
*** TURN *** [7c 8c 4c] [6h]
Sandoca591: checks 
Mahu2021: checks 
*** RIVER *** [7c 8c 4c 6h] [2c]
Sandoca591: bets 60
Mahu2021: folds 
Uncalled bet (60) returned to Sandoca591
Sandoca591 collected 60 from pot
*** SUMMARY ***
Total pot 60 | Rake 0 
Board [7c 8c 4c 6h 2c]
Seat 1: Mahu2021 (button) (small blind) folded on the River
Seat 2: Sandoca591 (big blind) collected (60)



PokerStars Hand #245175276727: Tournament #3626122470, $0.92+$0.08 USD Hold'em No Limit - Level II (15/30) - 2023/08/03 10:53:19 CET [2023/08/03 4:53:19 ET]
Table '3626122470 1' 3-max Seat #2 is the button
Seat 1: Mahu2021 (285 in chips) 
Seat 2: Sandoca591 (1215 in chips) 
Sandoca591: posts small blind 15
Mahu2021: posts big blind 30
*** HOLE CARDS ***
Dealt to Mahu2021 [Jd Qd]
Sandoca591: calls 15
Mahu2021: raises 60 to 90
Sandoca591: calls 60
*** FLOP *** [4d As 5d]
Mahu2021: bets 195 and is all-in
Sandoca591: folds 
Uncalled bet (195) returned to Mahu2021
Mahu2021 collected 180 from pot
Mahu2021: doesn't show hand 
*** SUMMARY ***
Total pot 180 | Rake 0 
Board [4d As 5d]
Seat 1: Mahu2021 (big blind) collected (180)
Seat 2: Sandoca591 (button) (small blind) folded on the Flop



PokerStars Hand #245175278299: Tournament #3626122470, $0.92+$0.08 USD Hold'em No Limit - Level II (15/30) - 2023/08/03 10:53:32 CET [2023/08/03 4:53:32 ET]
Table '3626122470 1' 3-max Seat #1 is the button
Seat 1: Mahu2021 (375 in chips) 
Seat 2: Sandoca591 (1125 in chips) 
Mahu2021: posts small blind 15
Sandoca591: posts big blind 30
*** HOLE CARDS ***
Dealt to Mahu2021 [8d Tc]
Mahu2021: folds 
Uncalled bet (15) returned to Sandoca591
Sandoca591 collected 30 from pot
*** SUMMARY ***
Total pot 30 | Rake 0 
Seat 1: Mahu2021 (button) (small blind) folded before Flop
Seat 2: Sandoca591 (big blind) collected (30)



PokerStars Hand #245175278954: Tournament #3626122470, $0.92+$0.08 USD Hold'em No Limit - Level II (15/30) - 2023/08/03 10:53:37 CET [2023/08/03 4:53:37 ET]
Table '3626122470 1' 3-max Seat #2 is the button
Seat 1: Mahu2021 (360 in chips) 
Seat 2: Sandoca591 (1140 in chips) 
Sandoca591: posts small blind 15
Mahu2021: posts big blind 30
*** HOLE CARDS ***
Dealt to Mahu2021 [Td 5h]
Sandoca591: folds 
Uncalled bet (15) returned to Mahu2021
Mahu2021 collected 30 from pot
Mahu2021: doesn't show hand 
*** SUMMARY ***
Total pot 30 | Rake 0 
Seat 1: Mahu2021 (big blind) collected (30)
Seat 2: Sandoca591 (button) (small blind) folded before Flop



PokerStars Hand #245175279478: Tournament #3626122470, $0.92+$0.08 USD Hold'em No Limit - Level II (15/30) - 2023/08/03 10:53:41 CET [2023/08/03 4:53:41 ET]
Table '3626122470 1' 3-max Seat #1 is the button
Seat 1: Mahu2021 (375 in chips) 
Seat 2: Sandoca591 (1125 in chips) 
Mahu2021: posts small blind 15
Sandoca591: posts big blind 30
*** HOLE CARDS ***
Dealt to Mahu2021 [Ah 4d]
Mahu2021: raises 30 to 60
Sandoca591: folds 
Uncalled bet (30) returned to Mahu2021
Mahu2021 collected 60 from pot
Mahu2021: doesn't show hand 
*** SUMMARY ***
Total pot 60 | Rake 0 
Seat 1: Mahu2021 (button) (small blind) collected (60)
Seat 2: Sandoca591 (big blind) folded before Flop



PokerStars Hand #245175280125: Tournament #3626122470, $0.92+$0.08 USD Hold'em No Limit - Level II (15/30) - 2023/08/03 10:53:47 CET [2023/08/03 4:53:47 ET]
Table '3626122470 1' 3-max Seat #2 is the button
Seat 1: Mahu2021 (405 in chips) 
Seat 2: Sandoca591 (1095 in chips) 
Sandoca591: posts small blind 15
Mahu2021: posts big blind 30
*** HOLE CARDS ***
Dealt to Mahu2021 [7s Js]
Sandoca591: calls 15
Mahu2021: checks 
*** FLOP *** [4c Ks Kc]
Mahu2021: checks 
Sandoca591: checks 
*** TURN *** [4c Ks Kc] [Jd]
Mahu2021: bets 30
Sandoca591: calls 30
*** RIVER *** [4c Ks Kc Jd] [9c]
Mahu2021: bets 120
Sandoca591: raises 120 to 240
Mahu2021: calls 120
*** SHOW DOWN ***
Sandoca591: shows [Td Qh] (a straight, Nine to King)
Mahu2021: mucks hand 
Sandoca591 collected 600 from pot
*** SUMMARY ***
Total pot 600 | Rake 0 
Board [4c Ks Kc Jd 9c]
Seat 1: Mahu2021 (big blind) mucked [7s Js]
Seat 2: Sandoca591 (button) (small blind) showed [Td Qh] and won (600) with a straight, Nine to King



PokerStars Hand #245175282302: Tournament #3626122470, $0.92+$0.08 USD Hold'em No Limit - Level II (15/30) - 2023/08/03 10:54:04 CET [2023/08/03 4:54:04 ET]
Table '3626122470 1' 3-max Seat #1 is the button
Seat 1: Mahu2021 (105 in chips) 
Seat 2: Sandoca591 (1395 in chips) 
Mahu2021: posts small blind 15
Sandoca591: posts big blind 30
*** HOLE CARDS ***
Dealt to Mahu2021 [Ah 7h]
Mahu2021: raises 75 to 105 and is all-in
Sandoca591: calls 75
*** FLOP *** [2d 3h 3c]
*** TURN *** [2d 3h 3c] [6c]
*** RIVER *** [2d 3h 3c 6c] [9s]
*** SHOW DOWN ***
Sandoca591: shows [6h Ad] (two pair, Sixes and Threes)
Mahu2021: shows [Ah 7h] (a pair of Threes)
Sandoca591 collected 210 from pot
Mahu2021 finished the tournament in 2nd place
Sandoca591 wins the tournament and receives $2.00 - congratulations!
*** SUMMARY ***
Total pot 210 | Rake 0 
Board [2d 3h 3c 6c 9s]
Seat 1: Mahu2021 (button) (small blind) showed [Ah 7h] and lost with a pair of Threes
Seat 2: Sandoca591 (big blind) showed [6h Ad] and won (210) with two pair, Sixes and Threes



