PokerStars Hand #247694044394: Tournament #3687285881, $1.84+$0.16 USD Hold'em No Limit - Level I (10/20) - 2023/12/16 18:02:35 CET [2023/12/16 12:02:35 ET]
Table '3687285881 1' 3-max Seat #1 is the button
Seat 1: PrOKatana (500 in chips) 
Seat 2: Mahu2021 (500 in chips) 
Seat 3: Sajomard (500 in chips) 
Mahu2021: posts small blind 10
Sajomard: posts big blind 20
*** HOLE CARDS ***
Dealt to Mahu2021 [6d 8h]
PrOKatana: folds 
Mahu2021: folds 
Uncalled bet (10) returned to Sajomard
Sajomard collected 20 from pot
Sajomard: doesn't show hand 
*** SUMMARY ***
Total pot 20 | Rake 0 
Seat 1: PrOKatana (button) folded before Flop (didn't bet)
Seat 2: Mahu2021 (small blind) folded before Flop
Seat 3: Sajomard (big blind) collected (20)



PokerStars Hand #247694045588: Tournament #3687285881, $1.84+$0.16 USD Hold'em No Limit - Level I (10/20) - 2023/12/16 18:02:39 CET [2023/12/16 12:02:39 ET]
Table '3687285881 1' 3-max Seat #2 is the button
Seat 1: PrOKatana (500 in chips) 
Seat 2: Mahu2021 (490 in chips) 
Seat 3: Sajomard (510 in chips) 
Sajomard: posts small blind 10
PrOKatana: posts big blind 20
*** HOLE CARDS ***
Dealt to Mahu2021 [Jc Ad]
Mahu2021: calls 20
Sajomard: raises 20 to 40
PrOKatana: calls 20
Mahu2021: calls 20
*** FLOP *** [Qd 8h 8s]
Sajomard: checks 
PrOKatana: bets 100
Mahu2021: folds 
Sajomard: raises 370 to 470 and is all-in
PrOKatana: calls 360 and is all-in
Uncalled bet (10) returned to Sajomard
*** TURN *** [Qd 8h 8s] [Jd]
*** RIVER *** [Qd 8h 8s Jd] [Js]
*** SHOW DOWN ***
Sajomard: shows [8c Qs] (a full house, Eights full of Queens)
PrOKatana: shows [Qh 6h] (two pair, Queens and Jacks)
Sajomard collected 1040 from pot
PrOKatana finished the tournament in 3rd place
*** SUMMARY ***
Total pot 1040 | Rake 0 
Board [Qd 8h 8s Jd Js]
Seat 1: PrOKatana (big blind) showed [Qh 6h] and lost with two pair, Queens and Jacks
Seat 2: Mahu2021 (button) folded on the Flop
Seat 3: Sajomard (small blind) showed [8c Qs] and won (1040) with a full house, Eights full of Queens



PokerStars Hand #247694055348: Tournament #3687285881, $1.84+$0.16 USD Hold'em No Limit - Level I (10/20) - 2023/12/16 18:03:15 CET [2023/12/16 12:03:15 ET]
Table '3687285881 1' 3-max Seat #3 is the button
Seat 2: Mahu2021 (450 in chips) 
Seat 3: Sajomard (1050 in chips) 
Sajomard: posts small blind 10
Mahu2021: posts big blind 20
*** HOLE CARDS ***
Dealt to Mahu2021 [4c 6c]
Sajomard: raises 20 to 40
Mahu2021: calls 20
*** FLOP *** [Qc Kd 7s]
Mahu2021: checks 
Sajomard: bets 80
Mahu2021: folds 
Uncalled bet (80) returned to Sajomard
Sajomard collected 80 from pot
Sajomard: doesn't show hand 
*** SUMMARY ***
Total pot 80 | Rake 0 
Board [Qc Kd 7s]
Seat 2: Mahu2021 (big blind) folded on the Flop
Seat 3: Sajomard (button) (small blind) collected (80)



PokerStars Hand #247694059706: Tournament #3687285881, $1.84+$0.16 USD Hold'em No Limit - Level I (10/20) - 2023/12/16 18:03:31 CET [2023/12/16 12:03:31 ET]
Table '3687285881 1' 3-max Seat #2 is the button
Seat 2: Mahu2021 (410 in chips) 
Seat 3: Sajomard (1090 in chips) 
Mahu2021: posts small blind 10
Sajomard: posts big blind 20
*** HOLE CARDS ***
Dealt to Mahu2021 [6h Kh]
Mahu2021: calls 10
Sajomard: checks 
*** FLOP *** [7s Jh 2h]
Sajomard: checks 
Mahu2021: bets 40
Sajomard: calls 40
*** TURN *** [7s Jh 2h] [5s]
Sajomard: checks 
Mahu2021: checks 
*** RIVER *** [7s Jh 2h 5s] [Th]
Sajomard: checks 
Mahu2021: bets 40
Sajomard: folds 
Uncalled bet (40) returned to Mahu2021
Mahu2021 collected 120 from pot
Mahu2021: doesn't show hand 
*** SUMMARY ***
Total pot 120 | Rake 0 
Board [7s Jh 2h 5s Th]
Seat 2: Mahu2021 (button) (small blind) collected (120)
Seat 3: Sajomard (big blind) folded on the River



PokerStars Hand #247694066311: Tournament #3687285881, $1.84+$0.16 USD Hold'em No Limit - Level I (10/20) - 2023/12/16 18:03:54 CET [2023/12/16 12:03:54 ET]
Table '3687285881 1' 3-max Seat #3 is the button
Seat 2: Mahu2021 (470 in chips) 
Seat 3: Sajomard (1030 in chips) 
Sajomard: posts small blind 10
Mahu2021: posts big blind 20
*** HOLE CARDS ***
Dealt to Mahu2021 [Kc Ks]
Sajomard: raises 40 to 60
Mahu2021: raises 410 to 470 and is all-in
Sajomard: calls 410
*** FLOP *** [9h 7c 9s]
*** TURN *** [9h 7c 9s] [8c]
*** RIVER *** [9h 7c 9s 8c] [5c]
*** SHOW DOWN ***
Mahu2021: shows [Kc Ks] (two pair, Kings and Nines)
Sajomard: shows [Ad 7s] (two pair, Nines and Sevens)
Mahu2021 collected 940 from pot
*** SUMMARY ***
Total pot 940 | Rake 0 
Board [9h 7c 9s 8c 5c]
Seat 2: Mahu2021 (big blind) showed [Kc Ks] and won (940) with two pair, Kings and Nines
Seat 3: Sajomard (button) (small blind) showed [Ad 7s] and lost with two pair, Nines and Sevens



PokerStars Hand #247694071622: Tournament #3687285881, $1.84+$0.16 USD Hold'em No Limit - Level I (10/20) - 2023/12/16 18:04:13 CET [2023/12/16 12:04:13 ET]
Table '3687285881 1' 3-max Seat #2 is the button
Seat 2: Mahu2021 (940 in chips) 
Seat 3: Sajomard (560 in chips) 
Mahu2021: posts small blind 10
Sajomard: posts big blind 20
*** HOLE CARDS ***
Dealt to Mahu2021 [Qh 5s]
Mahu2021: calls 10
Sajomard: checks 
*** FLOP *** [8s 6d Tc]
Sajomard: checks 
Mahu2021: bets 20
Sajomard: calls 20
*** TURN *** [8s 6d Tc] [7h]
Sajomard: checks 
Mahu2021: checks 
*** RIVER *** [8s 6d Tc 7h] [9d]
Sajomard: bets 80
Mahu2021: calls 80
*** SHOW DOWN ***
Sajomard: shows [Ac 3d] (a straight, Six to Ten)
Mahu2021: shows [Qh 5s] (a straight, Six to Ten)
Sajomard collected 120 from pot
Mahu2021 collected 120 from pot
*** SUMMARY ***
Total pot 240 | Rake 0 
Board [8s 6d Tc 7h 9d]
Seat 2: Mahu2021 (button) (small blind) showed [Qh 5s] and won (120) with a straight, Six to Ten
Seat 3: Sajomard (big blind) showed [Ac 3d] and won (120) with a straight, Six to Ten



PokerStars Hand #247694078948: Tournament #3687285881, $1.84+$0.16 USD Hold'em No Limit - Level II (15/30) - 2023/12/16 18:04:39 CET [2023/12/16 12:04:39 ET]
Table '3687285881 1' 3-max Seat #3 is the button
Seat 2: Mahu2021 (940 in chips) 
Seat 3: Sajomard (560 in chips) 
Sajomard: posts small blind 15
Mahu2021: posts big blind 30
*** HOLE CARDS ***
Dealt to Mahu2021 [5h 7h]
Sajomard: raises 30 to 60
Mahu2021: calls 30
*** FLOP *** [Kd 3h 8d]
Mahu2021: checks 
Sajomard: checks 
*** TURN *** [Kd 3h 8d] [Ac]
Mahu2021: checks 
Sajomard: bets 60
Mahu2021: folds 
Uncalled bet (60) returned to Sajomard
Sajomard collected 120 from pot
Sajomard: doesn't show hand 
*** SUMMARY ***
Total pot 120 | Rake 0 
Board [Kd 3h 8d Ac]
Seat 2: Mahu2021 (big blind) folded on the Turn
Seat 3: Sajomard (button) (small blind) collected (120)



PokerStars Hand #247694084132: Tournament #3687285881, $1.84+$0.16 USD Hold'em No Limit - Level II (15/30) - 2023/12/16 18:04:57 CET [2023/12/16 12:04:57 ET]
Table '3687285881 1' 3-max Seat #2 is the button
Seat 2: Mahu2021 (880 in chips) 
Seat 3: Sajomard (620 in chips) 
Mahu2021: posts small blind 15
Sajomard: posts big blind 30
*** HOLE CARDS ***
Dealt to Mahu2021 [5h Kc]
Mahu2021: calls 15
Sajomard: raises 60 to 90
Mahu2021: folds 
Uncalled bet (60) returned to Sajomard
Sajomard collected 60 from pot
Sajomard: doesn't show hand 
*** SUMMARY ***
Total pot 60 | Rake 0 
Seat 2: Mahu2021 (button) (small blind) folded before Flop
Seat 3: Sajomard (big blind) collected (60)



PokerStars Hand #247694087148: Tournament #3687285881, $1.84+$0.16 USD Hold'em No Limit - Level II (15/30) - 2023/12/16 18:05:08 CET [2023/12/16 12:05:08 ET]
Table '3687285881 1' 3-max Seat #3 is the button
Seat 2: Mahu2021 (850 in chips) 
Seat 3: Sajomard (650 in chips) 
Sajomard: posts small blind 15
Mahu2021: posts big blind 30
*** HOLE CARDS ***
Dealt to Mahu2021 [7c As]
Sajomard: raises 30 to 60
Mahu2021: calls 30
*** FLOP *** [Qh Qs Qd]
Mahu2021: bets 790 and is all-in
Sajomard: folds 
Uncalled bet (790) returned to Mahu2021
Mahu2021 collected 120 from pot
Mahu2021: doesn't show hand 
*** SUMMARY ***
Total pot 120 | Rake 0 
Board [Qh Qs Qd]
Seat 2: Mahu2021 (big blind) collected (120)
Seat 3: Sajomard (button) (small blind) folded on the Flop



PokerStars Hand #247694091201: Tournament #3687285881, $1.84+$0.16 USD Hold'em No Limit - Level II (15/30) - 2023/12/16 18:05:22 CET [2023/12/16 12:05:22 ET]
Table '3687285881 1' 3-max Seat #2 is the button
Seat 2: Mahu2021 (910 in chips) 
Seat 3: Sajomard (590 in chips) 
Mahu2021: posts small blind 15
Sajomard: posts big blind 30
*** HOLE CARDS ***
Dealt to Mahu2021 [2d 4d]
Mahu2021: folds 
Uncalled bet (15) returned to Sajomard
Sajomard collected 30 from pot
Sajomard: doesn't show hand 
*** SUMMARY ***
Total pot 30 | Rake 0 
Seat 2: Mahu2021 (button) (small blind) folded before Flop
Seat 3: Sajomard (big blind) collected (30)



PokerStars Hand #247694092524: Tournament #3687285881, $1.84+$0.16 USD Hold'em No Limit - Level II (15/30) - 2023/12/16 18:05:27 CET [2023/12/16 12:05:27 ET]
Table '3687285881 1' 3-max Seat #3 is the button
Seat 2: Mahu2021 (895 in chips) 
Seat 3: Sajomard (605 in chips) 
Sajomard: posts small blind 15
Mahu2021: posts big blind 30
*** HOLE CARDS ***
Dealt to Mahu2021 [4s 9d]
Sajomard: raises 30 to 60
Mahu2021: folds 
Uncalled bet (30) returned to Sajomard
Sajomard collected 60 from pot
Sajomard: doesn't show hand 
*** SUMMARY ***
Total pot 60 | Rake 0 
Seat 2: Mahu2021 (big blind) folded before Flop
Seat 3: Sajomard (button) (small blind) collected (60)



PokerStars Hand #247694094394: Tournament #3687285881, $1.84+$0.16 USD Hold'em No Limit - Level II (15/30) - 2023/12/16 18:05:34 CET [2023/12/16 12:05:34 ET]
Table '3687285881 1' 3-max Seat #2 is the button
Seat 2: Mahu2021 (865 in chips) 
Seat 3: Sajomard (635 in chips) 
Mahu2021: posts small blind 15
Sajomard: posts big blind 30
*** HOLE CARDS ***
Dealt to Mahu2021 [5h 9s]
Mahu2021: calls 15
Sajomard: checks 
*** FLOP *** [3h Ac 7h]
Sajomard: checks 
Mahu2021: bets 30
Sajomard: raises 60 to 90
Mahu2021: folds 
Uncalled bet (60) returned to Sajomard
Sajomard collected 120 from pot
Sajomard: doesn't show hand 
*** SUMMARY ***
Total pot 120 | Rake 0 
Board [3h Ac 7h]
Seat 2: Mahu2021 (button) (small blind) folded on the Flop
Seat 3: Sajomard (big blind) collected (120)



PokerStars Hand #247694099728: Tournament #3687285881, $1.84+$0.16 USD Hold'em No Limit - Level II (15/30) - 2023/12/16 18:05:52 CET [2023/12/16 12:05:52 ET]
Table '3687285881 1' 3-max Seat #3 is the button
Seat 2: Mahu2021 (805 in chips) 
Seat 3: Sajomard (695 in chips) 
Sajomard: posts small blind 15
Mahu2021: posts big blind 30
*** HOLE CARDS ***
Dealt to Mahu2021 [4h 3d]
Sajomard: raises 60 to 90
Mahu2021: folds 
Uncalled bet (60) returned to Sajomard
Sajomard collected 60 from pot
Sajomard: doesn't show hand 
*** SUMMARY ***
Total pot 60 | Rake 0 
Seat 2: Mahu2021 (big blind) folded before Flop
Seat 3: Sajomard (button) (small blind) collected (60)



PokerStars Hand #247694102006: Tournament #3687285881, $1.84+$0.16 USD Hold'em No Limit - Level II (15/30) - 2023/12/16 18:06:00 CET [2023/12/16 12:06:00 ET]
Table '3687285881 1' 3-max Seat #2 is the button
Seat 2: Mahu2021 (775 in chips) 
Seat 3: Sajomard (725 in chips) 
Mahu2021: posts small blind 15
Sajomard: posts big blind 30
*** HOLE CARDS ***
Dealt to Mahu2021 [Qh Qc]
Mahu2021: calls 15
Sajomard: checks 
*** FLOP *** [Ad 5h 2d]
Sajomard: checks 
Mahu2021: bets 30
Sajomard: calls 30
*** TURN *** [Ad 5h 2d] [Qd]
Sajomard: checks 
Mahu2021: bets 60
Sajomard: raises 120 to 180
Mahu2021: raises 535 to 715 and is all-in
Sajomard: calls 485 and is all-in
Uncalled bet (50) returned to Mahu2021
*** RIVER *** [Ad 5h 2d Qd] [7s]
*** SHOW DOWN ***
Sajomard: shows [7d 9d] (a flush, Ace high)
Mahu2021: shows [Qh Qc] (three of a kind, Queens)
Sajomard collected 1450 from pot
*** SUMMARY ***
Total pot 1450 | Rake 0 
Board [Ad 5h 2d Qd 7s]
Seat 2: Mahu2021 (button) (small blind) showed [Qh Qc] and lost with three of a kind, Queens
Seat 3: Sajomard (big blind) showed [7d 9d] and won (1450) with a flush, Ace high



PokerStars Hand #247694110569: Tournament #3687285881, $1.84+$0.16 USD Hold'em No Limit - Level II (15/30) - 2023/12/16 18:06:30 CET [2023/12/16 12:06:30 ET]
Table '3687285881 1' 3-max Seat #3 is the button
Seat 2: Mahu2021 (50 in chips) 
Seat 3: Sajomard (1450 in chips) 
Sajomard: posts small blind 15
Mahu2021: posts big blind 30
*** HOLE CARDS ***
Dealt to Mahu2021 [Jh 5h]
Sajomard: raises 30 to 60
Mahu2021: calls 20 and is all-in
Uncalled bet (10) returned to Sajomard
*** FLOP *** [5c Kc Th]
*** TURN *** [5c Kc Th] [4c]
*** RIVER *** [5c Kc Th 4c] [2h]
*** SHOW DOWN ***
Mahu2021: shows [Jh 5h] (a pair of Fives)
Sajomard: shows [Ad 5d] (a pair of Fives - Ace kicker)
Sajomard collected 100 from pot
Mahu2021 finished the tournament in 2nd place
Sajomard wins the tournament and receives $4.00 - congratulations!
*** SUMMARY ***
Total pot 100 | Rake 0 
Board [5c Kc Th 4c 2h]
Seat 2: Mahu2021 (big blind) showed [Jh 5h] and lost with a pair of Fives
Seat 3: Sajomard (button) (small blind) showed [Ad 5d] and won (100) with a pair of Fives



