PokerStars Hand #247525290013: Tournament #3683188920, $1.84+$0.16 USD Hold'em No Limit - Level I (10/20) - 2023/12/07 13:03:48 CET [2023/12/07 7:03:48 ET]
Table '3683188920 1' 3-max Seat #1 is the button
Seat 1: zinbell (500 in chips) 
Seat 2: rissu (500 in chips) 
Seat 3: Mahu2021 (500 in chips) 
rissu: posts small blind 10
Mahu2021: posts big blind 20
*** HOLE CARDS ***
Dealt to Mahu2021 [4s 7d]
zinbell: folds 
rissu: calls 10
Mahu2021: checks 
*** FLOP *** [Ad 3c 3d]
rissu: checks 
Mahu2021: bets 20
rissu: calls 20
*** TURN *** [Ad 3c 3d] [6c]
rissu: checks 
Mahu2021: bets 80
rissu: calls 80
*** RIVER *** [Ad 3c 3d 6c] [5c]
rissu: checks 
Mahu2021: bets 240
rissu: calls 240
*** SHOW DOWN ***
Mahu2021: shows [4s 7d] (a straight, Three to Seven)
rissu: mucks hand 
Mahu2021 collected 720 from pot
*** SUMMARY ***
Total pot 720 | Rake 0 
Board [Ad 3c 3d 6c 5c]
Seat 1: zinbell (button) folded before Flop (didn't bet)
Seat 2: rissu (small blind) mucked [3s Jd]
Seat 3: Mahu2021 (big blind) showed [4s 7d] and won (720) with a straight, Three to Seven



PokerStars Hand #247525293920: Tournament #3683188920, $1.84+$0.16 USD Hold'em No Limit - Level I (10/20) - 2023/12/07 13:04:11 CET [2023/12/07 7:04:11 ET]
Table '3683188920 1' 3-max Seat #2 is the button
Seat 1: zinbell (500 in chips) 
Seat 2: rissu (140 in chips) 
Seat 3: Mahu2021 (860 in chips) 
Mahu2021: posts small blind 10
zinbell: posts big blind 20
*** HOLE CARDS ***
Dealt to Mahu2021 [Qd 2d]
rissu: raises 120 to 140 and is all-in
Mahu2021: folds 
zinbell: folds 
Uncalled bet (120) returned to rissu
rissu collected 50 from pot
*** SUMMARY ***
Total pot 50 | Rake 0 
Seat 1: zinbell (big blind) folded before Flop
Seat 2: rissu (button) collected (50)
Seat 3: Mahu2021 (small blind) folded before Flop



PokerStars Hand #247525295094: Tournament #3683188920, $1.84+$0.16 USD Hold'em No Limit - Level I (10/20) - 2023/12/07 13:04:18 CET [2023/12/07 7:04:18 ET]
Table '3683188920 1' 3-max Seat #3 is the button
Seat 1: zinbell (480 in chips) 
Seat 2: rissu (170 in chips) 
Seat 3: Mahu2021 (850 in chips) 
zinbell: posts small blind 10
rissu: posts big blind 20
*** HOLE CARDS ***
Dealt to Mahu2021 [Qd Kd]
Mahu2021: raises 20 to 40
zinbell: folds 
rissu: calls 20
*** FLOP *** [Tc 3s 4d]
rissu: checks 
Mahu2021: checks 
*** TURN *** [Tc 3s 4d] [8s]
rissu: checks 
Mahu2021: checks 
*** RIVER *** [Tc 3s 4d 8s] [Kc]
rissu: checks 
Mahu2021: bets 90
rissu: folds 
Uncalled bet (90) returned to Mahu2021
Mahu2021 collected 90 from pot
Mahu2021: doesn't show hand 
*** SUMMARY ***
Total pot 90 | Rake 0 
Board [Tc 3s 4d 8s Kc]
Seat 1: zinbell (small blind) folded before Flop
Seat 2: rissu (big blind) folded on the River
Seat 3: Mahu2021 (button) collected (90)



PokerStars Hand #247525297952: Tournament #3683188920, $1.84+$0.16 USD Hold'em No Limit - Level I (10/20) - 2023/12/07 13:04:34 CET [2023/12/07 7:04:34 ET]
Table '3683188920 1' 3-max Seat #1 is the button
Seat 1: zinbell (470 in chips) 
Seat 2: rissu (130 in chips) 
Seat 3: Mahu2021 (900 in chips) 
rissu: posts small blind 10
Mahu2021: posts big blind 20
*** HOLE CARDS ***
Dealt to Mahu2021 [7s Qs]
zinbell: folds 
rissu: calls 10
Mahu2021: checks 
*** FLOP *** [Jh Qc 2d]
rissu: checks 
Mahu2021: bets 20
rissu: folds 
Uncalled bet (20) returned to Mahu2021
Mahu2021 collected 40 from pot
Mahu2021: doesn't show hand 
*** SUMMARY ***
Total pot 40 | Rake 0 
Board [Jh Qc 2d]
Seat 1: zinbell (button) folded before Flop (didn't bet)
Seat 2: rissu (small blind) folded on the Flop
Seat 3: Mahu2021 (big blind) collected (40)



PokerStars Hand #247525299978: Tournament #3683188920, $1.84+$0.16 USD Hold'em No Limit - Level I (10/20) - 2023/12/07 13:04:46 CET [2023/12/07 7:04:46 ET]
Table '3683188920 1' 3-max Seat #2 is the button
Seat 1: zinbell (470 in chips) 
Seat 2: rissu (110 in chips) 
Seat 3: Mahu2021 (920 in chips) 
Mahu2021: posts small blind 10
zinbell: posts big blind 20
*** HOLE CARDS ***
Dealt to Mahu2021 [Qs 3s]
rissu: raises 90 to 110 and is all-in
Mahu2021: folds 
zinbell: folds 
Uncalled bet (90) returned to rissu
rissu collected 50 from pot
*** SUMMARY ***
Total pot 50 | Rake 0 
Seat 1: zinbell (big blind) folded before Flop
Seat 2: rissu (button) collected (50)
Seat 3: Mahu2021 (small blind) folded before Flop



PokerStars Hand #247525301603: Tournament #3683188920, $1.84+$0.16 USD Hold'em No Limit - Level I (10/20) - 2023/12/07 13:04:56 CET [2023/12/07 7:04:56 ET]
Table '3683188920 1' 3-max Seat #3 is the button
Seat 1: zinbell (450 in chips) 
Seat 2: rissu (140 in chips) 
Seat 3: Mahu2021 (910 in chips) 
zinbell: posts small blind 10
rissu: posts big blind 20
*** HOLE CARDS ***
Dealt to Mahu2021 [Qs 6s]
Mahu2021: calls 20
zinbell: folds 
rissu: checks 
*** FLOP *** [3c Ks Kh]
rissu: checks 
Mahu2021: bets 20
rissu: folds 
Uncalled bet (20) returned to Mahu2021
Mahu2021 collected 50 from pot
Mahu2021: doesn't show hand 
*** SUMMARY ***
Total pot 50 | Rake 0 
Board [3c Ks Kh]
Seat 1: zinbell (small blind) folded before Flop
Seat 2: rissu (big blind) folded on the Flop
Seat 3: Mahu2021 (button) collected (50)



PokerStars Hand #247525303599: Tournament #3683188920, $1.84+$0.16 USD Hold'em No Limit - Level I (10/20) - 2023/12/07 13:05:08 CET [2023/12/07 7:05:08 ET]
Table '3683188920 1' 3-max Seat #1 is the button
Seat 1: zinbell (440 in chips) 
Seat 2: rissu (120 in chips) 
Seat 3: Mahu2021 (940 in chips) 
rissu: posts small blind 10
Mahu2021: posts big blind 20
*** HOLE CARDS ***
Dealt to Mahu2021 [Ks 3s]
zinbell: folds 
rissu: folds 
Uncalled bet (10) returned to Mahu2021
Mahu2021 collected 20 from pot
Mahu2021: doesn't show hand 
*** SUMMARY ***
Total pot 20 | Rake 0 
Seat 1: zinbell (button) folded before Flop (didn't bet)
Seat 2: rissu (small blind) folded before Flop
Seat 3: Mahu2021 (big blind) collected (20)



PokerStars Hand #247525304574: Tournament #3683188920, $1.84+$0.16 USD Hold'em No Limit - Level I (10/20) - 2023/12/07 13:05:13 CET [2023/12/07 7:05:13 ET]
Table '3683188920 1' 3-max Seat #2 is the button
Seat 1: zinbell (440 in chips) 
Seat 2: rissu (110 in chips) 
Seat 3: Mahu2021 (950 in chips) 
Mahu2021: posts small blind 10
zinbell: posts big blind 20
*** HOLE CARDS ***
Dealt to Mahu2021 [Qc 5d]
rissu: calls 20
Mahu2021: folds 
zinbell: raises 420 to 440 and is all-in
rissu: calls 90 and is all-in
Uncalled bet (330) returned to zinbell
*** FLOP *** [3h 2h 7c]
*** TURN *** [3h 2h 7c] [Tc]
*** RIVER *** [3h 2h 7c Tc] [3s]
*** SHOW DOWN ***
zinbell: shows [6h As] (a pair of Threes)
rissu: shows [6d 9c] (a pair of Threes - lower kicker)
zinbell collected 230 from pot
rissu finished the tournament in 3rd place
*** SUMMARY ***
Total pot 230 | Rake 0 
Board [3h 2h 7c Tc 3s]
Seat 1: zinbell (big blind) showed [6h As] and won (230) with a pair of Threes
Seat 2: rissu (button) showed [6d 9c] and lost with a pair of Threes
Seat 3: Mahu2021 (small blind) folded before Flop



PokerStars Hand #247525308298: Tournament #3683188920, $1.84+$0.16 USD Hold'em No Limit - Level I (10/20) - 2023/12/07 13:05:35 CET [2023/12/07 7:05:35 ET]
Table '3683188920 1' 3-max Seat #1 is the button
Seat 1: zinbell (560 in chips) 
Seat 3: Mahu2021 (940 in chips) 
zinbell: posts small blind 10
Mahu2021: posts big blind 20
*** HOLE CARDS ***
Dealt to Mahu2021 [7h 9c]
zinbell: folds 
Uncalled bet (10) returned to Mahu2021
Mahu2021 collected 20 from pot
Mahu2021: doesn't show hand 
*** SUMMARY ***
Total pot 20 | Rake 0 
Seat 1: zinbell (button) (small blind) folded before Flop
Seat 3: Mahu2021 (big blind) collected (20)



PokerStars Hand #247525309203: Tournament #3683188920, $1.84+$0.16 USD Hold'em No Limit - Level I (10/20) - 2023/12/07 13:05:41 CET [2023/12/07 7:05:41 ET]
Table '3683188920 1' 3-max Seat #3 is the button
Seat 1: zinbell (550 in chips) 
Seat 3: Mahu2021 (950 in chips) 
Mahu2021: posts small blind 10
zinbell: posts big blind 20
*** HOLE CARDS ***
Dealt to Mahu2021 [Kd 4c]
Mahu2021: raises 20 to 40
zinbell: calls 20
*** FLOP *** [Ad 6d 2s]
zinbell: checks 
Mahu2021: bets 40
zinbell: calls 40
*** TURN *** [Ad 6d 2s] [8c]
zinbell: checks 
Mahu2021: checks 
*** RIVER *** [Ad 6d 2s 8c] [8h]
zinbell: bets 114
Mahu2021: folds 
Uncalled bet (114) returned to zinbell
zinbell collected 160 from pot
zinbell: doesn't show hand 
*** SUMMARY ***
Total pot 160 | Rake 0 
Board [Ad 6d 2s 8c 8h]
Seat 1: zinbell (big blind) collected (160)
Seat 3: Mahu2021 (button) (small blind) folded on the River



PokerStars Hand #247525312158: Tournament #3683188920, $1.84+$0.16 USD Hold'em No Limit - Level I (10/20) - 2023/12/07 13:05:58 CET [2023/12/07 7:05:58 ET]
Table '3683188920 1' 3-max Seat #1 is the button
Seat 1: zinbell (630 in chips) 
Seat 3: Mahu2021 (870 in chips) 
zinbell: posts small blind 10
Mahu2021: posts big blind 20
*** HOLE CARDS ***
Dealt to Mahu2021 [Td 7h]
zinbell: raises 20 to 40
Mahu2021: calls 20
*** FLOP *** [8h 7c 8s]
Mahu2021: bets 830 and is all-in
zinbell: folds 
Uncalled bet (830) returned to Mahu2021
Mahu2021 collected 80 from pot
Mahu2021: doesn't show hand 
*** SUMMARY ***
Total pot 80 | Rake 0 
Board [8h 7c 8s]
Seat 1: zinbell (button) (small blind) folded on the Flop
Seat 3: Mahu2021 (big blind) collected (80)



PokerStars Hand #247525313768: Tournament #3683188920, $1.84+$0.16 USD Hold'em No Limit - Level I (10/20) - 2023/12/07 13:06:08 CET [2023/12/07 7:06:08 ET]
Table '3683188920 1' 3-max Seat #3 is the button
Seat 1: zinbell (590 in chips) 
Seat 3: Mahu2021 (910 in chips) 
Mahu2021: posts small blind 10
zinbell: posts big blind 20
*** HOLE CARDS ***
Dealt to Mahu2021 [Js 9s]
Mahu2021: raises 20 to 40
zinbell: folds 
Uncalled bet (20) returned to Mahu2021
Mahu2021 collected 40 from pot
Mahu2021: doesn't show hand 
*** SUMMARY ***
Total pot 40 | Rake 0 
Seat 1: zinbell (big blind) folded before Flop
Seat 3: Mahu2021 (button) (small blind) collected (40)



PokerStars Hand #247525314808: Tournament #3683188920, $1.84+$0.16 USD Hold'em No Limit - Level I (10/20) - 2023/12/07 13:06:14 CET [2023/12/07 7:06:14 ET]
Table '3683188920 1' 3-max Seat #1 is the button
Seat 1: zinbell (570 in chips) 
Seat 3: Mahu2021 (930 in chips) 
zinbell: posts small blind 10
Mahu2021: posts big blind 20
*** HOLE CARDS ***
Dealt to Mahu2021 [Jd 3h]
zinbell: raises 550 to 570 and is all-in
Mahu2021: folds 
Uncalled bet (550) returned to zinbell
zinbell collected 40 from pot
zinbell: doesn't show hand 
*** SUMMARY ***
Total pot 40 | Rake 0 
Seat 1: zinbell (button) (small blind) collected (40)
Seat 3: Mahu2021 (big blind) folded before Flop



PokerStars Hand #247525315799: Tournament #3683188920, $1.84+$0.16 USD Hold'em No Limit - Level I (10/20) - 2023/12/07 13:06:20 CET [2023/12/07 7:06:20 ET]
Table '3683188920 1' 3-max Seat #3 is the button
Seat 1: zinbell (590 in chips) 
Seat 3: Mahu2021 (910 in chips) 
Mahu2021: posts small blind 10
zinbell: posts big blind 20
*** HOLE CARDS ***
Dealt to Mahu2021 [Ks 8h]
Mahu2021: raises 20 to 40
zinbell: calls 20
*** FLOP *** [Qc 2s 6d]
zinbell: checks 
Mahu2021: checks 
*** TURN *** [Qc 2s 6d] [7c]
zinbell: bets 40
Mahu2021: calls 40
*** RIVER *** [Qc 2s 6d 7c] [2c]
zinbell: bets 83
Mahu2021: folds 
Uncalled bet (83) returned to zinbell
zinbell collected 160 from pot
zinbell: doesn't show hand 
*** SUMMARY ***
Total pot 160 | Rake 0 
Board [Qc 2s 6d 7c 2c]
Seat 1: zinbell (big blind) collected (160)
Seat 3: Mahu2021 (button) (small blind) folded on the River



PokerStars Hand #247525319188: Tournament #3683188920, $1.84+$0.16 USD Hold'em No Limit - Level I (10/20) - 2023/12/07 13:06:39 CET [2023/12/07 7:06:39 ET]
Table '3683188920 1' 3-max Seat #1 is the button
Seat 1: zinbell (670 in chips) 
Seat 3: Mahu2021 (830 in chips) 
zinbell: posts small blind 10
Mahu2021: posts big blind 20
*** HOLE CARDS ***
Dealt to Mahu2021 [6d Td]
zinbell: folds 
Uncalled bet (10) returned to Mahu2021
Mahu2021 collected 20 from pot
Mahu2021: doesn't show hand 
*** SUMMARY ***
Total pot 20 | Rake 0 
Seat 1: zinbell (button) (small blind) folded before Flop
Seat 3: Mahu2021 (big blind) collected (20)



PokerStars Hand #247525320076: Tournament #3683188920, $1.84+$0.16 USD Hold'em No Limit - Level I (10/20) - 2023/12/07 13:06:45 CET [2023/12/07 7:06:45 ET]
Table '3683188920 1' 3-max Seat #3 is the button
Seat 1: zinbell (660 in chips) 
Seat 3: Mahu2021 (840 in chips) 
Mahu2021: posts small blind 10
zinbell: posts big blind 20
*** HOLE CARDS ***
Dealt to Mahu2021 [Ks Qd]
Mahu2021: raises 20 to 40
zinbell: folds 
Uncalled bet (20) returned to Mahu2021
Mahu2021 collected 40 from pot
Mahu2021: doesn't show hand 
*** SUMMARY ***
Total pot 40 | Rake 0 
Seat 1: zinbell (big blind) folded before Flop
Seat 3: Mahu2021 (button) (small blind) collected (40)



PokerStars Hand #247525321418: Tournament #3683188920, $1.84+$0.16 USD Hold'em No Limit - Level II (15/30) - 2023/12/07 13:06:53 CET [2023/12/07 7:06:53 ET]
Table '3683188920 1' 3-max Seat #1 is the button
Seat 1: zinbell (640 in chips) 
Seat 3: Mahu2021 (860 in chips) 
zinbell: posts small blind 15
Mahu2021: posts big blind 30
*** HOLE CARDS ***
Dealt to Mahu2021 [6s Qh]
zinbell: folds 
Uncalled bet (15) returned to Mahu2021
Mahu2021 collected 30 from pot
Mahu2021: doesn't show hand 
*** SUMMARY ***
Total pot 30 | Rake 0 
Seat 1: zinbell (button) (small blind) folded before Flop
Seat 3: Mahu2021 (big blind) collected (30)



PokerStars Hand #247525322098: Tournament #3683188920, $1.84+$0.16 USD Hold'em No Limit - Level II (15/30) - 2023/12/07 13:06:57 CET [2023/12/07 7:06:57 ET]
Table '3683188920 1' 3-max Seat #3 is the button
Seat 1: zinbell (625 in chips) 
Seat 3: Mahu2021 (875 in chips) 
Mahu2021: posts small blind 15
zinbell: posts big blind 30
*** HOLE CARDS ***
Dealt to Mahu2021 [2d 8h]
Mahu2021: folds 
Uncalled bet (15) returned to zinbell
zinbell collected 30 from pot
zinbell: doesn't show hand 
*** SUMMARY ***
Total pot 30 | Rake 0 
Seat 1: zinbell (big blind) collected (30)
Seat 3: Mahu2021 (button) (small blind) folded before Flop



PokerStars Hand #247525322950: Tournament #3683188920, $1.84+$0.16 USD Hold'em No Limit - Level II (15/30) - 2023/12/07 13:07:02 CET [2023/12/07 7:07:02 ET]
Table '3683188920 1' 3-max Seat #1 is the button
Seat 1: zinbell (640 in chips) 
Seat 3: Mahu2021 (860 in chips) 
zinbell: posts small blind 15
Mahu2021: posts big blind 30
*** HOLE CARDS ***
Dealt to Mahu2021 [6d 7d]
zinbell: calls 15
Mahu2021: checks 
*** FLOP *** [Ah Qd Ad]
Mahu2021: bets 30
zinbell: folds 
Uncalled bet (30) returned to Mahu2021
Mahu2021 collected 60 from pot
Mahu2021: doesn't show hand 
*** SUMMARY ***
Total pot 60 | Rake 0 
Board [Ah Qd Ad]
Seat 1: zinbell (button) (small blind) folded on the Flop
Seat 3: Mahu2021 (big blind) collected (60)



PokerStars Hand #247525324585: Tournament #3683188920, $1.84+$0.16 USD Hold'em No Limit - Level II (15/30) - 2023/12/07 13:07:12 CET [2023/12/07 7:07:12 ET]
Table '3683188920 1' 3-max Seat #3 is the button
Seat 1: zinbell (610 in chips) 
Seat 3: Mahu2021 (890 in chips) 
Mahu2021: posts small blind 15
zinbell: posts big blind 30
*** HOLE CARDS ***
Dealt to Mahu2021 [Qc Qh]
Mahu2021: raises 860 to 890 and is all-in
zinbell: folds 
Uncalled bet (860) returned to Mahu2021
Mahu2021 collected 60 from pot
Mahu2021: doesn't show hand 
*** SUMMARY ***
Total pot 60 | Rake 0 
Seat 1: zinbell (big blind) folded before Flop
Seat 3: Mahu2021 (button) (small blind) collected (60)



PokerStars Hand #247525325704: Tournament #3683188920, $1.84+$0.16 USD Hold'em No Limit - Level II (15/30) - 2023/12/07 13:07:19 CET [2023/12/07 7:07:19 ET]
Table '3683188920 1' 3-max Seat #1 is the button
Seat 1: zinbell (580 in chips) 
Seat 3: Mahu2021 (920 in chips) 
zinbell: posts small blind 15
Mahu2021: posts big blind 30
*** HOLE CARDS ***
Dealt to Mahu2021 [6d 3c]
zinbell: raises 30 to 60
Mahu2021: calls 30
*** FLOP *** [Jh 8c 7s]
Mahu2021: checks 
zinbell: checks 
*** TURN *** [Jh 8c 7s] [9c]
Mahu2021: bets 30
zinbell: folds 
Uncalled bet (30) returned to Mahu2021
Mahu2021 collected 120 from pot
Mahu2021: doesn't show hand 
*** SUMMARY ***
Total pot 120 | Rake 0 
Board [Jh 8c 7s 9c]
Seat 1: zinbell (button) (small blind) folded on the Turn
Seat 3: Mahu2021 (big blind) collected (120)



PokerStars Hand #247525328168: Tournament #3683188920, $1.84+$0.16 USD Hold'em No Limit - Level II (15/30) - 2023/12/07 13:07:33 CET [2023/12/07 7:07:33 ET]
Table '3683188920 1' 3-max Seat #3 is the button
Seat 1: zinbell (520 in chips) 
Seat 3: Mahu2021 (980 in chips) 
Mahu2021: posts small blind 15
zinbell: posts big blind 30
*** HOLE CARDS ***
Dealt to Mahu2021 [9c 4s]
Mahu2021: folds 
Uncalled bet (15) returned to zinbell
zinbell collected 30 from pot
zinbell: doesn't show hand 
*** SUMMARY ***
Total pot 30 | Rake 0 
Seat 1: zinbell (big blind) collected (30)
Seat 3: Mahu2021 (button) (small blind) folded before Flop



PokerStars Hand #247525328937: Tournament #3683188920, $1.84+$0.16 USD Hold'em No Limit - Level II (15/30) - 2023/12/07 13:07:38 CET [2023/12/07 7:07:38 ET]
Table '3683188920 1' 3-max Seat #1 is the button
Seat 1: zinbell (535 in chips) 
Seat 3: Mahu2021 (965 in chips) 
zinbell: posts small blind 15
Mahu2021: posts big blind 30
*** HOLE CARDS ***
Dealt to Mahu2021 [Js Jh]
zinbell: calls 15
Mahu2021: raises 935 to 965 and is all-in
zinbell: folds 
Uncalled bet (935) returned to Mahu2021
Mahu2021 collected 60 from pot
Mahu2021: doesn't show hand 
*** SUMMARY ***
Total pot 60 | Rake 0 
Seat 1: zinbell (button) (small blind) folded before Flop
Seat 3: Mahu2021 (big blind) collected (60)



PokerStars Hand #247525330432: Tournament #3683188920, $1.84+$0.16 USD Hold'em No Limit - Level II (15/30) - 2023/12/07 13:07:47 CET [2023/12/07 7:07:47 ET]
Table '3683188920 1' 3-max Seat #3 is the button
Seat 1: zinbell (505 in chips) 
Seat 3: Mahu2021 (995 in chips) 
Mahu2021: posts small blind 15
zinbell: posts big blind 30
*** HOLE CARDS ***
Dealt to Mahu2021 [8d 7c]
Mahu2021: calls 15
zinbell: raises 475 to 505 and is all-in
Mahu2021: folds 
Uncalled bet (475) returned to zinbell
zinbell collected 60 from pot
zinbell: doesn't show hand 
*** SUMMARY ***
Total pot 60 | Rake 0 
Seat 1: zinbell (big blind) collected (60)
Seat 3: Mahu2021 (button) (small blind) folded before Flop



PokerStars Hand #247525331880: Tournament #3683188920, $1.84+$0.16 USD Hold'em No Limit - Level II (15/30) - 2023/12/07 13:07:56 CET [2023/12/07 7:07:56 ET]
Table '3683188920 1' 3-max Seat #1 is the button
Seat 1: zinbell (535 in chips) 
Seat 3: Mahu2021 (965 in chips) 
zinbell: posts small blind 15
Mahu2021: posts big blind 30
*** HOLE CARDS ***
Dealt to Mahu2021 [Ad 8h]
zinbell: folds 
Uncalled bet (15) returned to Mahu2021
Mahu2021 collected 30 from pot
Mahu2021: doesn't show hand 
*** SUMMARY ***
Total pot 30 | Rake 0 
Seat 1: zinbell (button) (small blind) folded before Flop
Seat 3: Mahu2021 (big blind) collected (30)



PokerStars Hand #247525332695: Tournament #3683188920, $1.84+$0.16 USD Hold'em No Limit - Level II (15/30) - 2023/12/07 13:08:00 CET [2023/12/07 7:08:00 ET]
Table '3683188920 1' 3-max Seat #3 is the button
Seat 1: zinbell (520 in chips) 
Seat 3: Mahu2021 (980 in chips) 
Mahu2021: posts small blind 15
zinbell: posts big blind 30
*** HOLE CARDS ***
Dealt to Mahu2021 [Jd 3d]
Mahu2021: calls 15
zinbell: checks 
*** FLOP *** [Kh 8h 8c]
zinbell: checks 
Mahu2021: bets 30
zinbell: calls 30
*** TURN *** [Kh 8h 8c] [Qs]
zinbell: checks 
Mahu2021: checks 
*** RIVER *** [Kh 8h 8c Qs] [9d]
zinbell: bets 60
Mahu2021: folds 
Uncalled bet (60) returned to zinbell
zinbell collected 120 from pot
zinbell: doesn't show hand 
*** SUMMARY ***
Total pot 120 | Rake 0 
Board [Kh 8h 8c Qs 9d]
Seat 1: zinbell (big blind) collected (120)
Seat 3: Mahu2021 (button) (small blind) folded on the River



PokerStars Hand #247525336213: Tournament #3683188920, $1.84+$0.16 USD Hold'em No Limit - Level II (15/30) - 2023/12/07 13:08:21 CET [2023/12/07 7:08:21 ET]
Table '3683188920 1' 3-max Seat #1 is the button
Seat 1: zinbell (580 in chips) 
Seat 3: Mahu2021 (920 in chips) 
zinbell: posts small blind 15
Mahu2021: posts big blind 30
*** HOLE CARDS ***
Dealt to Mahu2021 [2s 5c]
zinbell: calls 15
Mahu2021: checks 
*** FLOP *** [3d 4h 7c]
Mahu2021: bets 30
zinbell: folds 
Uncalled bet (30) returned to Mahu2021
Mahu2021 collected 60 from pot
Mahu2021: doesn't show hand 
*** SUMMARY ***
Total pot 60 | Rake 0 
Board [3d 4h 7c]
Seat 1: zinbell (button) (small blind) folded on the Flop
Seat 3: Mahu2021 (big blind) collected (60)



PokerStars Hand #247525337808: Tournament #3683188920, $1.84+$0.16 USD Hold'em No Limit - Level II (15/30) - 2023/12/07 13:08:31 CET [2023/12/07 7:08:31 ET]
Table '3683188920 1' 3-max Seat #3 is the button
Seat 1: zinbell (550 in chips) 
Seat 3: Mahu2021 (950 in chips) 
Mahu2021: posts small blind 15
zinbell: posts big blind 30
*** HOLE CARDS ***
Dealt to Mahu2021 [Td 3d]
Mahu2021: calls 15
zinbell: checks 
*** FLOP *** [5s Js 9h]
zinbell: checks 
Mahu2021: bets 30
zinbell: raises 30 to 60
Mahu2021: folds 
Uncalled bet (30) returned to zinbell
zinbell collected 120 from pot
zinbell: doesn't show hand 
*** SUMMARY ***
Total pot 120 | Rake 0 
Board [5s Js 9h]
Seat 1: zinbell (big blind) collected (120)
Seat 3: Mahu2021 (button) (small blind) folded on the Flop



PokerStars Hand #247525341421: Tournament #3683188920, $1.84+$0.16 USD Hold'em No Limit - Level II (15/30) - 2023/12/07 13:08:53 CET [2023/12/07 7:08:53 ET]
Table '3683188920 1' 3-max Seat #1 is the button
Seat 1: zinbell (610 in chips) 
Seat 3: Mahu2021 (890 in chips) 
zinbell: posts small blind 15
Mahu2021: posts big blind 30
*** HOLE CARDS ***
Dealt to Mahu2021 [4d 9s]
zinbell: folds 
Uncalled bet (15) returned to Mahu2021
Mahu2021 collected 30 from pot
Mahu2021: doesn't show hand 
*** SUMMARY ***
Total pot 30 | Rake 0 
Seat 1: zinbell (button) (small blind) folded before Flop
Seat 3: Mahu2021 (big blind) collected (30)



PokerStars Hand #247525342240: Tournament #3683188920, $1.84+$0.16 USD Hold'em No Limit - Level II (15/30) - 2023/12/07 13:08:58 CET [2023/12/07 7:08:58 ET]
Table '3683188920 1' 3-max Seat #3 is the button
Seat 1: zinbell (595 in chips) 
Seat 3: Mahu2021 (905 in chips) 
Mahu2021: posts small blind 15
zinbell: posts big blind 30
*** HOLE CARDS ***
Dealt to Mahu2021 [Jh Qc]
Mahu2021: raises 30 to 60
zinbell: calls 30
*** FLOP *** [Td As 8s]
zinbell: checks 
Mahu2021: bets 60
zinbell: calls 60
*** TURN *** [Td As 8s] [8h]
zinbell: checks 
Mahu2021: bets 785 and is all-in
zinbell: calls 475 and is all-in
Uncalled bet (310) returned to Mahu2021
*** RIVER *** [Td As 8s 8h] [2s]
*** SHOW DOWN ***
zinbell: shows [4s Ac] (two pair, Aces and Eights)
Mahu2021: shows [Jh Qc] (a pair of Eights)
zinbell collected 1190 from pot
*** SUMMARY ***
Total pot 1190 | Rake 0 
Board [Td As 8s 8h 2s]
Seat 1: zinbell (big blind) showed [4s Ac] and won (1190) with two pair, Aces and Eights
Seat 3: Mahu2021 (button) (small blind) showed [Jh Qc] and lost with a pair of Eights



PokerStars Hand #247525345806: Tournament #3683188920, $1.84+$0.16 USD Hold'em No Limit - Level II (15/30) - 2023/12/07 13:09:19 CET [2023/12/07 7:09:19 ET]
Table '3683188920 1' 3-max Seat #1 is the button
Seat 1: zinbell (1190 in chips) 
Seat 3: Mahu2021 (310 in chips) 
zinbell: posts small blind 15
Mahu2021: posts big blind 30
*** HOLE CARDS ***
Dealt to Mahu2021 [4c Js]
zinbell: folds 
Uncalled bet (15) returned to Mahu2021
Mahu2021 collected 30 from pot
Mahu2021: doesn't show hand 
*** SUMMARY ***
Total pot 30 | Rake 0 
Seat 1: zinbell (button) (small blind) folded before Flop
Seat 3: Mahu2021 (big blind) collected (30)



PokerStars Hand #247525346577: Tournament #3683188920, $1.84+$0.16 USD Hold'em No Limit - Level II (15/30) - 2023/12/07 13:09:24 CET [2023/12/07 7:09:24 ET]
Table '3683188920 1' 3-max Seat #3 is the button
Seat 1: zinbell (1175 in chips) 
Seat 3: Mahu2021 (325 in chips) 
Mahu2021: posts small blind 15
zinbell: posts big blind 30
*** HOLE CARDS ***
Dealt to Mahu2021 [As 8s]
Mahu2021: raises 30 to 60
zinbell: calls 30
*** FLOP *** [Js 9c 6h]
zinbell: checks 
Mahu2021: bets 265 and is all-in
zinbell: calls 265
*** TURN *** [Js 9c 6h] [6c]
*** RIVER *** [Js 9c 6h 6c] [Qh]
*** SHOW DOWN ***
zinbell: shows [Qd Jh] (two pair, Queens and Jacks)
Mahu2021: shows [As 8s] (a pair of Sixes)
zinbell collected 650 from pot
Mahu2021 finished the tournament in 2nd place
zinbell wins the tournament and receives $6.00 - congratulations!
*** SUMMARY ***
Total pot 650 | Rake 0 
Board [Js 9c 6h 6c Qh]
Seat 1: zinbell (big blind) showed [Qd Jh] and won (650) with two pair, Queens and Jacks
Seat 3: Mahu2021 (button) (small blind) showed [As 8s] and lost with a pair of Sixes



