PokerStars Hand #252774906900: Tournament #3808375184, $1.84+$0.16 USD Hold'em No Limit - Level I (10/20) - 2024/10/05 9:44:02 CET [2024/10/05 3:44:02 ET]
Table '3808375184 1' 3-max Seat #1 is the button
Seat 1: Mahu2021 (500 in chips) 
Seat 2: gelja419 (500 in chips) 
Seat 3: steveg321 (500 in chips) 
gelja419: posts small blind 10
steveg321: posts big blind 20
*** HOLE CARDS ***
Dealt to Mahu2021 [5d Ad]
Mahu2021: raises 20 to 40
gelja419: calls 30
steveg321: calls 20
*** FLOP *** [6h Jc 9d]
gelja419: bets 20
steveg321: calls 20
Mahu2021: folds 
*** TURN *** [6h Jc 9d] [3h]
gelja419: checks 
steveg321: checks 
*** RIVER *** [6h Jc 9d 3h] [8c]
gelja419: bets 20
steveg321: raises 60 to 80
gelja419: raises 360 to 440 and is all-in
steveg321: calls 360 and is all-in
*** SHOW DOWN ***
gelja419: shows [Qd Th] (a straight, Eight to Queen)
steveg321: shows [Qc Ts] (a straight, Eight to Queen)
gelja419 collected 520 from pot
steveg321 collected 520 from pot
*** SUMMARY ***
Total pot 1040 | Rake 0 
Board [6h Jc 9d 3h 8c]
Seat 1: Mahu2021 (button) folded on the Flop
Seat 2: gelja419 (small blind) showed [Qd Th] and won (520) with a straight, Eight to Queen
Seat 3: steveg321 (big blind) showed [Qc Ts] and won (520) with a straight, Eight to Queen



PokerStars Hand #252774913816: Tournament #3808375184, $1.84+$0.16 USD Hold'em No Limit - Level I (10/20) - 2024/10/05 9:45:14 CET [2024/10/05 3:45:14 ET]
Table '3808375184 1' 3-max Seat #2 is the button
Seat 1: Mahu2021 (460 in chips) 
Seat 2: gelja419 (520 in chips) 
Seat 3: steveg321 (520 in chips) 
steveg321: posts small blind 10
Mahu2021: posts big blind 20
*** HOLE CARDS ***
Dealt to Mahu2021 [3s 2c]
gelja419: raises 20 to 40
steveg321: calls 30
Mahu2021: folds 
*** FLOP *** [6d 4s 2d]
steveg321: checks 
gelja419: checks 
*** TURN *** [6d 4s 2d] [6c]
steveg321: checks 
gelja419: checks 
*** RIVER *** [6d 4s 2d 6c] [8s]
steveg321: checks 
gelja419: bets 20
steveg321: calls 20
*** SHOW DOWN ***
gelja419: shows [8c 9c] (two pair, Eights and Sixes)
steveg321: mucks hand 
gelja419 collected 140 from pot
*** SUMMARY ***
Total pot 140 | Rake 0 
Board [6d 4s 2d 6c 8s]
Seat 1: Mahu2021 (big blind) folded before Flop
Seat 2: gelja419 (button) showed [8c 9c] and won (140) with two pair, Eights and Sixes
Seat 3: steveg321 (small blind) mucked [Kc Jh]



PokerStars Hand #252774916997: Tournament #3808375184, $1.84+$0.16 USD Hold'em No Limit - Level I (10/20) - 2024/10/05 9:45:47 CET [2024/10/05 3:45:47 ET]
Table '3808375184 1' 3-max Seat #3 is the button
Seat 1: Mahu2021 (440 in chips) 
Seat 2: gelja419 (600 in chips) 
Seat 3: steveg321 (460 in chips) 
Mahu2021: posts small blind 10
gelja419: posts big blind 20
*** HOLE CARDS ***
Dealt to Mahu2021 [3d Ac]
steveg321: folds 
Mahu2021: raises 20 to 40
gelja419: raises 20 to 60
Mahu2021: calls 20
*** FLOP *** [4d 8h 9c]
Mahu2021: checks 
gelja419: checks 
*** TURN *** [4d 8h 9c] [6d]
Mahu2021: checks 
gelja419: checks 
*** RIVER *** [4d 8h 9c 6d] [7c]
Mahu2021: checks 
gelja419: checks 
*** SHOW DOWN ***
Mahu2021: shows [3d Ac] (high card Ace)
gelja419: mucks hand 
Mahu2021 collected 120 from pot
*** SUMMARY ***
Total pot 120 | Rake 0 
Board [4d 8h 9c 6d 7c]
Seat 1: Mahu2021 (small blind) showed [3d Ac] and won (120) with high card Ace
Seat 2: gelja419 (big blind) mucked [Qc Kh]
Seat 3: steveg321 (button) folded before Flop (didn't bet)



PokerStars Hand #252774920399: Tournament #3808375184, $1.84+$0.16 USD Hold'em No Limit - Level II (15/30) - 2024/10/05 9:46:22 CET [2024/10/05 3:46:22 ET]
Table '3808375184 1' 3-max Seat #1 is the button
Seat 1: Mahu2021 (500 in chips) 
Seat 2: gelja419 (540 in chips) 
Seat 3: steveg321 (460 in chips) 
gelja419: posts small blind 15
steveg321: posts big blind 30
*** HOLE CARDS ***
Dealt to Mahu2021 [Ah Ad]
Mahu2021: raises 470 to 500 and is all-in
gelja419: folds 
steveg321: folds 
Uncalled bet (470) returned to Mahu2021
Mahu2021 collected 75 from pot
Mahu2021: doesn't show hand 
*** SUMMARY ***
Total pot 75 | Rake 0 
Seat 1: Mahu2021 (button) collected (75)
Seat 2: gelja419 (small blind) folded before Flop
Seat 3: steveg321 (big blind) folded before Flop



PokerStars Hand #252774921681: Tournament #3808375184, $1.84+$0.16 USD Hold'em No Limit - Level II (15/30) - 2024/10/05 9:46:35 CET [2024/10/05 3:46:35 ET]
Table '3808375184 1' 3-max Seat #2 is the button
Seat 1: Mahu2021 (545 in chips) 
Seat 2: gelja419 (525 in chips) 
Seat 3: steveg321 (430 in chips) 
steveg321: posts small blind 15
Mahu2021: posts big blind 30
*** HOLE CARDS ***
Dealt to Mahu2021 [Ah 2d]
gelja419 has timed out
gelja419: folds 
gelja419 is sitting out
steveg321: calls 15
Mahu2021: checks 
*** FLOP *** [6s 7c 6c]
steveg321: checks 
Mahu2021: checks 
*** TURN *** [6s 7c 6c] [4c]
steveg321: checks 
Mahu2021: checks 
*** RIVER *** [6s 7c 6c 4c] [3d]
steveg321: checks 
Mahu2021: checks 
*** SHOW DOWN ***
steveg321: shows [8d 7s] (two pair, Sevens and Sixes)
Mahu2021: mucks hand 
steveg321 collected 60 from pot
*** SUMMARY ***
Total pot 60 | Rake 0 
Board [6s 7c 6c 4c 3d]
Seat 1: Mahu2021 (big blind) mucked [Ah 2d]
Seat 2: gelja419 (button) folded before Flop (didn't bet)
Seat 3: steveg321 (small blind) showed [8d 7s] and won (60) with two pair, Sevens and Sixes



PokerStars Hand #252774924576: Tournament #3808375184, $1.84+$0.16 USD Hold'em No Limit - Level II (15/30) - 2024/10/05 9:47:05 CET [2024/10/05 3:47:05 ET]
Table '3808375184 1' 3-max Seat #3 is the button
Seat 1: Mahu2021 (515 in chips) 
Seat 2: gelja419 (525 in chips) is sitting out
Seat 3: steveg321 (460 in chips) 
Mahu2021: posts small blind 15
gelja419: posts big blind 30
*** HOLE CARDS ***
Dealt to Mahu2021 [8c Ad]
steveg321: calls 30
Mahu2021: calls 15
gelja419: folds 
*** FLOP *** [5d As Ts]
Mahu2021: bets 60
steveg321: calls 60
*** TURN *** [5d As Ts] [6s]
Mahu2021: checks 
steveg321: checks 
*** RIVER *** [5d As Ts 6s] [3h]
Mahu2021: bets 60
steveg321: calls 60
*** SHOW DOWN ***
Mahu2021: shows [8c Ad] (a pair of Aces)
steveg321: mucks hand 
Mahu2021 collected 330 from pot
*** SUMMARY ***
Total pot 330 | Rake 0 
Board [5d As Ts 6s 3h]
Seat 1: Mahu2021 (small blind) showed [8c Ad] and won (330) with a pair of Aces
Seat 2: gelja419 (big blind) folded before Flop
Seat 3: steveg321 (button) mucked [2d Ac]



PokerStars Hand #252774926110: Tournament #3808375184, $1.84+$0.16 USD Hold'em No Limit - Level II (15/30) - 2024/10/05 9:47:21 CET [2024/10/05 3:47:21 ET]
Table '3808375184 1' 3-max Seat #1 is the button
Seat 1: Mahu2021 (695 in chips) 
Seat 2: gelja419 (495 in chips) is sitting out
Seat 3: steveg321 (310 in chips) 
gelja419: posts small blind 15
steveg321: posts big blind 30
*** HOLE CARDS ***
Dealt to Mahu2021 [9h 2c]
Mahu2021: folds 
gelja419: folds 
Uncalled bet (15) returned to steveg321
steveg321 collected 30 from pot
steveg321: doesn't show hand 
gelja419 has returned
*** SUMMARY ***
Total pot 30 | Rake 0 
Seat 1: Mahu2021 (button) folded before Flop (didn't bet)
Seat 2: gelja419 (small blind) folded before Flop
Seat 3: steveg321 (big blind) collected (30)



PokerStars Hand #252774926521: Tournament #3808375184, $1.84+$0.16 USD Hold'em No Limit - Level II (15/30) - 2024/10/05 9:47:25 CET [2024/10/05 3:47:25 ET]
Table '3808375184 1' 3-max Seat #2 is the button
Seat 1: Mahu2021 (695 in chips) 
Seat 2: gelja419 (480 in chips) 
Seat 3: steveg321 (325 in chips) 
steveg321: posts small blind 15
Mahu2021: posts big blind 30
*** HOLE CARDS ***
Dealt to Mahu2021 [Kh Qs]
gelja419: folds 
steveg321: folds 
Uncalled bet (15) returned to Mahu2021
Mahu2021 collected 30 from pot
Mahu2021: doesn't show hand 
*** SUMMARY ***
Total pot 30 | Rake 0 
Seat 1: Mahu2021 (big blind) collected (30)
Seat 2: gelja419 (button) folded before Flop (didn't bet)
Seat 3: steveg321 (small blind) folded before Flop



PokerStars Hand #252774927920: Tournament #3808375184, $1.84+$0.16 USD Hold'em No Limit - Level II (15/30) - 2024/10/05 9:47:39 CET [2024/10/05 3:47:39 ET]
Table '3808375184 1' 3-max Seat #3 is the button
Seat 1: Mahu2021 (710 in chips) 
Seat 2: gelja419 (480 in chips) 
Seat 3: steveg321 (310 in chips) 
Mahu2021: posts small blind 15
gelja419: posts big blind 30
*** HOLE CARDS ***
Dealt to Mahu2021 [Tc 9c]
steveg321: calls 30
Mahu2021: calls 15
gelja419: checks 
*** FLOP *** [Qs As 4c]
Mahu2021: checks 
gelja419: checks 
steveg321: bets 90
Mahu2021: folds 
gelja419 has timed out
gelja419: folds 
gelja419 is sitting out
Uncalled bet (90) returned to steveg321
steveg321 collected 90 from pot
steveg321: doesn't show hand 
gelja419 has returned
*** SUMMARY ***
Total pot 90 | Rake 0 
Board [Qs As 4c]
Seat 1: Mahu2021 (small blind) folded on the Flop
Seat 2: gelja419 (big blind) folded on the Flop
Seat 3: steveg321 (button) collected (90)



PokerStars Hand #252774931659: Tournament #3808375184, $1.84+$0.16 USD Hold'em No Limit - Level III (20/40) - 2024/10/05 9:48:17 CET [2024/10/05 3:48:17 ET]
Table '3808375184 1' 3-max Seat #1 is the button
Seat 1: Mahu2021 (680 in chips) 
Seat 2: gelja419 (450 in chips) 
Seat 3: steveg321 (370 in chips) 
gelja419: posts small blind 20
steveg321: posts big blind 40
*** HOLE CARDS ***
Dealt to Mahu2021 [Jd 2d]
Mahu2021: folds 
gelja419: folds 
Uncalled bet (20) returned to steveg321
steveg321 collected 40 from pot
steveg321: doesn't show hand 
*** SUMMARY ***
Total pot 40 | Rake 0 
Seat 1: Mahu2021 (button) folded before Flop (didn't bet)
Seat 2: gelja419 (small blind) folded before Flop
Seat 3: steveg321 (big blind) collected (40)



PokerStars Hand #252774932498: Tournament #3808375184, $1.84+$0.16 USD Hold'em No Limit - Level III (20/40) - 2024/10/05 9:48:26 CET [2024/10/05 3:48:26 ET]
Table '3808375184 1' 3-max Seat #2 is the button
Seat 1: Mahu2021 (680 in chips) 
Seat 2: gelja419 (430 in chips) 
Seat 3: steveg321 (390 in chips) 
steveg321: posts small blind 20
Mahu2021: posts big blind 40
*** HOLE CARDS ***
Dealt to Mahu2021 [Td 8c]
gelja419: calls 40
steveg321: calls 20
Mahu2021: checks 
*** FLOP *** [Ad Kh 6h]
steveg321: bets 120
Mahu2021: folds 
gelja419: folds 
Uncalled bet (120) returned to steveg321
steveg321 collected 120 from pot
steveg321: doesn't show hand 
*** SUMMARY ***
Total pot 120 | Rake 0 
Board [Ad Kh 6h]
Seat 1: Mahu2021 (big blind) folded on the Flop
Seat 2: gelja419 (button) folded on the Flop
Seat 3: steveg321 (small blind) collected (120)



PokerStars Hand #252774934878: Tournament #3808375184, $1.84+$0.16 USD Hold'em No Limit - Level III (20/40) - 2024/10/05 9:48:51 CET [2024/10/05 3:48:51 ET]
Table '3808375184 1' 3-max Seat #3 is the button
Seat 1: Mahu2021 (640 in chips) 
Seat 2: gelja419 (390 in chips) 
Seat 3: steveg321 (470 in chips) 
Mahu2021: posts small blind 20
gelja419: posts big blind 40
*** HOLE CARDS ***
Dealt to Mahu2021 [9s 3h]
steveg321: folds 
Mahu2021: folds 
Uncalled bet (20) returned to gelja419
gelja419 collected 40 from pot
gelja419: doesn't show hand 
*** SUMMARY ***
Total pot 40 | Rake 0 
Seat 1: Mahu2021 (small blind) folded before Flop
Seat 2: gelja419 (big blind) collected (40)
Seat 3: steveg321 (button) folded before Flop (didn't bet)



PokerStars Hand #252774935414: Tournament #3808375184, $1.84+$0.16 USD Hold'em No Limit - Level III (20/40) - 2024/10/05 9:48:57 CET [2024/10/05 3:48:57 ET]
Table '3808375184 1' 3-max Seat #1 is the button
Seat 1: Mahu2021 (620 in chips) 
Seat 2: gelja419 (410 in chips) 
Seat 3: steveg321 (470 in chips) 
gelja419: posts small blind 20
steveg321: posts big blind 40
*** HOLE CARDS ***
Dealt to Mahu2021 [6h Qs]
Mahu2021: folds 
gelja419: raises 40 to 80
steveg321: folds 
Uncalled bet (40) returned to gelja419
gelja419 collected 80 from pot
gelja419: doesn't show hand 
*** SUMMARY ***
Total pot 80 | Rake 0 
Seat 1: Mahu2021 (button) folded before Flop (didn't bet)
Seat 2: gelja419 (small blind) collected (80)
Seat 3: steveg321 (big blind) folded before Flop



PokerStars Hand #252774936249: Tournament #3808375184, $1.84+$0.16 USD Hold'em No Limit - Level III (20/40) - 2024/10/05 9:49:05 CET [2024/10/05 3:49:05 ET]
Table '3808375184 1' 3-max Seat #2 is the button
Seat 1: Mahu2021 (620 in chips) 
Seat 2: gelja419 (450 in chips) 
Seat 3: steveg321 (430 in chips) 
steveg321: posts small blind 20
Mahu2021: posts big blind 40
*** HOLE CARDS ***
Dealt to Mahu2021 [7d Ah]
gelja419: folds 
steveg321: raises 40 to 80
Mahu2021: calls 40
*** FLOP *** [3h Qs 4c]
steveg321: checks 
Mahu2021: checks 
*** TURN *** [3h Qs 4c] [Qc]
steveg321: checks 
Mahu2021: bets 80
steveg321: calls 80
*** RIVER *** [3h Qs 4c Qc] [8d]
steveg321: checks 
Mahu2021: bets 160
steveg321: folds 
Uncalled bet (160) returned to Mahu2021
Mahu2021 collected 320 from pot
Mahu2021: doesn't show hand 
*** SUMMARY ***
Total pot 320 | Rake 0 
Board [3h Qs 4c Qc 8d]
Seat 1: Mahu2021 (big blind) collected (320)
Seat 2: gelja419 (button) folded before Flop (didn't bet)
Seat 3: steveg321 (small blind) folded on the River



PokerStars Hand #252774938722: Tournament #3808375184, $1.84+$0.16 USD Hold'em No Limit - Level III (20/40) - 2024/10/05 9:49:31 CET [2024/10/05 3:49:31 ET]
Table '3808375184 1' 3-max Seat #3 is the button
Seat 1: Mahu2021 (780 in chips) 
Seat 2: gelja419 (450 in chips) 
Seat 3: steveg321 (270 in chips) 
Mahu2021: posts small blind 20
gelja419: posts big blind 40
*** HOLE CARDS ***
Dealt to Mahu2021 [Qh Ks]
steveg321: folds 
Mahu2021: raises 40 to 80
gelja419: calls 40
*** FLOP *** [Ac 4h 5s]
Mahu2021: checks 
gelja419: checks 
*** TURN *** [Ac 4h 5s] [Qd]
Mahu2021: checks 
gelja419: checks 
*** RIVER *** [Ac 4h 5s Qd] [Ah]
Mahu2021: bets 80
gelja419: folds 
Uncalled bet (80) returned to Mahu2021
Mahu2021 collected 160 from pot
Mahu2021: doesn't show hand 
*** SUMMARY ***
Total pot 160 | Rake 0 
Board [Ac 4h 5s Qd Ah]
Seat 1: Mahu2021 (small blind) collected (160)
Seat 2: gelja419 (big blind) folded on the River
Seat 3: steveg321 (button) folded before Flop (didn't bet)



PokerStars Hand #252774942672: Tournament #3808375184, $1.84+$0.16 USD Hold'em No Limit - Level IV (30/60) - 2024/10/05 9:50:12 CET [2024/10/05 3:50:12 ET]
Table '3808375184 1' 3-max Seat #1 is the button
Seat 1: Mahu2021 (860 in chips) 
Seat 2: gelja419 (370 in chips) 
Seat 3: steveg321 (270 in chips) 
gelja419: posts small blind 30
steveg321: posts big blind 60
*** HOLE CARDS ***
Dealt to Mahu2021 [8c Ac]
Mahu2021: raises 800 to 860 and is all-in
gelja419: calls 340 and is all-in
steveg321: calls 210 and is all-in
Uncalled bet (490) returned to Mahu2021
*** FLOP *** [Th Js 6s]
*** TURN *** [Th Js 6s] [9h]
*** RIVER *** [Th Js 6s 9h] [7c]
*** SHOW DOWN ***
gelja419: shows [6h 6d] (three of a kind, Sixes)
Mahu2021: shows [8c Ac] (a straight, Seven to Jack)
Mahu2021 collected 200 from side pot
steveg321: shows [3d 3h] (a pair of Threes)
Mahu2021 collected 810 from main pot
gelja419 finished the tournament in 2nd place
steveg321 finished the tournament in 3rd place
Mahu2021 wins the tournament and receives $4.00 - congratulations!
*** SUMMARY ***
Total pot 1010 Main pot 810. Side pot 200. | Rake 0 
Board [Th Js 6s 9h 7c]
Seat 1: Mahu2021 (button) showed [8c Ac] and won (1010) with a straight, Seven to Jack
Seat 2: gelja419 (small blind) showed [6h 6d] and lost with three of a kind, Sixes
Seat 3: steveg321 (big blind) showed [3d 3h] and lost with a pair of Threes



