PokerStars Hand #253833930090: Tournament #3833560026, $1.84+$0.16 USD Hold'em No Limit - Level I (10/20) - 2024/12/13 15:06:49 CET [2024/12/13 9:06:49 ET]
Table '3833560026 1' 3-max Seat #1 is the button
Seat 1: dudulibano (500 in chips) 
Seat 2: gocastar (500 in chips) 
Seat 3: Mahu2021 (500 in chips) 
gocastar: posts small blind 10
Mahu2021: posts big blind 20
*** HOLE CARDS ***
Dealt to Mahu2021 [Kc 2s]
dudulibano: raises 20 to 40
gocastar: calls 30
Mahu2021: folds 
*** FLOP *** [9d Jd 2d]
gocastar: checks 
dudulibano: checks 
*** TURN *** [9d Jd 2d] [Jc]
gocastar: checks 
dudulibano: checks 
*** RIVER *** [9d Jd 2d Jc] [8c]
gocastar: checks 
dudulibano: checks 
*** SHOW DOWN ***
gocastar: shows [5s Qc] (a pair of Jacks)
dudulibano: shows [Ah Kh] (a pair of Jacks - Ace kicker)
dudulibano collected 100 from pot
*** SUMMARY ***
Total pot 100 | Rake 0 
Board [9d Jd 2d Jc 8c]
Seat 1: dudulibano (button) showed [Ah Kh] and won (100) with a pair of Jacks
Seat 2: gocastar (small blind) showed [5s Qc] and lost with a pair of Jacks
Seat 3: Mahu2021 (big blind) folded before Flop



PokerStars Hand #253833933614: Tournament #3833560026, $1.84+$0.16 USD Hold'em No Limit - Level I (10/20) - 2024/12/13 15:07:11 CET [2024/12/13 9:07:11 ET]
Table '3833560026 1' 3-max Seat #2 is the button
Seat 1: dudulibano (560 in chips) 
Seat 2: gocastar (460 in chips) 
Seat 3: Mahu2021 (480 in chips) 
Mahu2021: posts small blind 10
dudulibano: posts big blind 20
*** HOLE CARDS ***
Dealt to Mahu2021 [7d Td]
gocastar: raises 20 to 40
Mahu2021: calls 30
dudulibano: calls 20
*** FLOP *** [4h 2s 2c]
Mahu2021: checks 
dudulibano: checks 
gocastar: bets 60
Mahu2021: folds 
dudulibano: folds 
Uncalled bet (60) returned to gocastar
gocastar collected 120 from pot
*** SUMMARY ***
Total pot 120 | Rake 0 
Board [4h 2s 2c]
Seat 1: dudulibano (big blind) folded on the Flop
Seat 2: gocastar (button) collected (120)
Seat 3: Mahu2021 (small blind) folded on the Flop



PokerStars Hand #253833937148: Tournament #3833560026, $1.84+$0.16 USD Hold'em No Limit - Level I (10/20) - 2024/12/13 15:07:33 CET [2024/12/13 9:07:33 ET]
Table '3833560026 1' 3-max Seat #3 is the button
Seat 1: dudulibano (520 in chips) 
Seat 2: gocastar (540 in chips) 
Seat 3: Mahu2021 (440 in chips) 
dudulibano: posts small blind 10
gocastar: posts big blind 20
*** HOLE CARDS ***
Dealt to Mahu2021 [Kd 8s]
Mahu2021: folds 
dudulibano: calls 10
gocastar: raises 40 to 60
dudulibano: calls 40
*** FLOP *** [Tc Ac 8d]
dudulibano: checks 
gocastar: bets 60
dudulibano: folds 
Uncalled bet (60) returned to gocastar
gocastar collected 120 from pot
*** SUMMARY ***
Total pot 120 | Rake 0 
Board [Tc Ac 8d]
Seat 1: dudulibano (small blind) folded on the Flop
Seat 2: gocastar (big blind) collected (120)
Seat 3: Mahu2021 (button) folded before Flop (didn't bet)



PokerStars Hand #253833943630: Tournament #3833560026, $1.84+$0.16 USD Hold'em No Limit - Level I (10/20) - 2024/12/13 15:08:12 CET [2024/12/13 9:08:12 ET]
Table '3833560026 1' 3-max Seat #1 is the button
Seat 1: dudulibano (460 in chips) 
Seat 2: gocastar (600 in chips) 
Seat 3: Mahu2021 (440 in chips) 
gocastar: posts small blind 10
Mahu2021: posts big blind 20
*** HOLE CARDS ***
Dealt to Mahu2021 [2s 2h]
dudulibano: folds 
gocastar: raises 20 to 40
Mahu2021: raises 400 to 440 and is all-in
gocastar: folds 
Uncalled bet (400) returned to Mahu2021
Mahu2021 collected 80 from pot
Mahu2021: doesn't show hand 
*** SUMMARY ***
Total pot 80 | Rake 0 
Seat 1: dudulibano (button) folded before Flop (didn't bet)
Seat 2: gocastar (small blind) folded before Flop
Seat 3: Mahu2021 (big blind) collected (80)



PokerStars Hand #253833946989: Tournament #3833560026, $1.84+$0.16 USD Hold'em No Limit - Level I (10/20) - 2024/12/13 15:08:33 CET [2024/12/13 9:08:33 ET]
Table '3833560026 1' 3-max Seat #2 is the button
Seat 1: dudulibano (460 in chips) 
Seat 2: gocastar (560 in chips) 
Seat 3: Mahu2021 (480 in chips) 
Mahu2021: posts small blind 10
dudulibano: posts big blind 20
*** HOLE CARDS ***
Dealt to Mahu2021 [6c 3s]
gocastar: raises 20 to 40
Mahu2021: folds 
dudulibano: calls 20
*** FLOP *** [Qc Ac 8d]
dudulibano: checks 
gocastar: bets 45
dudulibano: folds 
Uncalled bet (45) returned to gocastar
gocastar collected 90 from pot
*** SUMMARY ***
Total pot 90 | Rake 0 
Board [Qc Ac 8d]
Seat 1: dudulibano (big blind) folded on the Flop
Seat 2: gocastar (button) collected (90)
Seat 3: Mahu2021 (small blind) folded before Flop



PokerStars Hand #253833952152: Tournament #3833560026, $1.84+$0.16 USD Hold'em No Limit - Level II (15/30) - 2024/12/13 15:09:04 CET [2024/12/13 9:09:04 ET]
Table '3833560026 1' 3-max Seat #3 is the button
Seat 1: dudulibano (420 in chips) 
Seat 2: gocastar (610 in chips) 
Seat 3: Mahu2021 (470 in chips) 
dudulibano: posts small blind 15
gocastar: posts big blind 30
*** HOLE CARDS ***
Dealt to Mahu2021 [5d 3h]
Mahu2021: folds 
dudulibano: calls 15
gocastar: checks 
*** FLOP *** [Ks 5c Kc]
dudulibano: checks 
gocastar: bets 30
dudulibano: folds 
Uncalled bet (30) returned to gocastar
gocastar collected 60 from pot
*** SUMMARY ***
Total pot 60 | Rake 0 
Board [Ks 5c Kc]
Seat 1: dudulibano (small blind) folded on the Flop
Seat 2: gocastar (big blind) collected (60)
Seat 3: Mahu2021 (button) folded before Flop (didn't bet)



PokerStars Hand #253833954635: Tournament #3833560026, $1.84+$0.16 USD Hold'em No Limit - Level II (15/30) - 2024/12/13 15:09:19 CET [2024/12/13 9:09:19 ET]
Table '3833560026 1' 3-max Seat #1 is the button
Seat 1: dudulibano (390 in chips) 
Seat 2: gocastar (640 in chips) 
Seat 3: Mahu2021 (470 in chips) 
gocastar: posts small blind 15
Mahu2021: posts big blind 30
*** HOLE CARDS ***
Dealt to Mahu2021 [7d Qh]
dudulibano: folds 
gocastar: folds 
Uncalled bet (15) returned to Mahu2021
Mahu2021 collected 30 from pot
Mahu2021: doesn't show hand 
*** SUMMARY ***
Total pot 30 | Rake 0 
Seat 1: dudulibano (button) folded before Flop (didn't bet)
Seat 2: gocastar (small blind) folded before Flop
Seat 3: Mahu2021 (big blind) collected (30)



PokerStars Hand #253833955800: Tournament #3833560026, $1.84+$0.16 USD Hold'em No Limit - Level II (15/30) - 2024/12/13 15:09:27 CET [2024/12/13 9:09:27 ET]
Table '3833560026 1' 3-max Seat #2 is the button
Seat 1: dudulibano (390 in chips) 
Seat 2: gocastar (625 in chips) 
Seat 3: Mahu2021 (485 in chips) 
Mahu2021: posts small blind 15
dudulibano: posts big blind 30
*** HOLE CARDS ***
Dealt to Mahu2021 [6d Ts]
gocastar: folds 
Mahu2021: folds 
Uncalled bet (15) returned to dudulibano
dudulibano collected 30 from pot
*** SUMMARY ***
Total pot 30 | Rake 0 
Seat 1: dudulibano (big blind) collected (30)
Seat 2: gocastar (button) folded before Flop (didn't bet)
Seat 3: Mahu2021 (small blind) folded before Flop



PokerStars Hand #253833956636: Tournament #3833560026, $1.84+$0.16 USD Hold'em No Limit - Level II (15/30) - 2024/12/13 15:09:32 CET [2024/12/13 9:09:32 ET]
Table '3833560026 1' 3-max Seat #3 is the button
Seat 1: dudulibano (405 in chips) 
Seat 2: gocastar (625 in chips) 
Seat 3: Mahu2021 (470 in chips) 
dudulibano: posts small blind 15
gocastar: posts big blind 30
*** HOLE CARDS ***
Dealt to Mahu2021 [2d 4s]
Mahu2021: folds 
dudulibano: calls 15
gocastar: checks 
*** FLOP *** [7d As 6h]
dudulibano: checks 
gocastar: bets 30
dudulibano: folds 
Uncalled bet (30) returned to gocastar
gocastar collected 60 from pot
*** SUMMARY ***
Total pot 60 | Rake 0 
Board [7d As 6h]
Seat 1: dudulibano (small blind) folded on the Flop
Seat 2: gocastar (big blind) collected (60)
Seat 3: Mahu2021 (button) folded before Flop (didn't bet)



PokerStars Hand #253833960012: Tournament #3833560026, $1.84+$0.16 USD Hold'em No Limit - Level II (15/30) - 2024/12/13 15:09:52 CET [2024/12/13 9:09:52 ET]
Table '3833560026 1' 3-max Seat #1 is the button
Seat 1: dudulibano (375 in chips) 
Seat 2: gocastar (655 in chips) 
Seat 3: Mahu2021 (470 in chips) 
gocastar: posts small blind 15
Mahu2021: posts big blind 30
*** HOLE CARDS ***
Dealt to Mahu2021 [Qh 3s]
dudulibano: calls 30
gocastar: calls 15
Mahu2021: checks 
*** FLOP *** [3d 8h 2c]
gocastar: checks 
Mahu2021: bets 30
dudulibano: calls 30
gocastar: calls 30
*** TURN *** [3d 8h 2c] [6h]
gocastar: checks 
Mahu2021: checks 
dudulibano: checks 
*** RIVER *** [3d 8h 2c 6h] [8s]
gocastar: checks 
Mahu2021: bets 60
dudulibano: calls 60
gocastar: folds 
*** SHOW DOWN ***
Mahu2021: shows [Qh 3s] (two pair, Eights and Threes)
dudulibano: shows [6s 5s] (two pair, Eights and Sixes)
dudulibano collected 300 from pot
*** SUMMARY ***
Total pot 300 | Rake 0 
Board [3d 8h 2c 6h 8s]
Seat 1: dudulibano (button) showed [6s 5s] and won (300) with two pair, Eights and Sixes
Seat 2: gocastar (small blind) folded on the River
Seat 3: Mahu2021 (big blind) showed [Qh 3s] and lost with two pair, Eights and Threes



PokerStars Hand #253833967569: Tournament #3833560026, $1.84+$0.16 USD Hold'em No Limit - Level II (15/30) - 2024/12/13 15:10:38 CET [2024/12/13 9:10:38 ET]
Table '3833560026 1' 3-max Seat #2 is the button
Seat 1: dudulibano (555 in chips) 
Seat 2: gocastar (595 in chips) 
Seat 3: Mahu2021 (350 in chips) 
Mahu2021: posts small blind 15
dudulibano: posts big blind 30
*** HOLE CARDS ***
Dealt to Mahu2021 [5s Ks]
gocastar: folds 
Mahu2021: raises 30 to 60
dudulibano: calls 30
*** FLOP *** [3h 8c As]
Mahu2021: checks 
dudulibano: checks 
*** TURN *** [3h 8c As] [Qs]
Mahu2021: checks 
dudulibano: checks 
*** RIVER *** [3h 8c As Qs] [Ad]
Mahu2021: checks 
dudulibano: checks 
*** SHOW DOWN ***
Mahu2021: shows [5s Ks] (a pair of Aces)
dudulibano: mucks hand 
Mahu2021 collected 120 from pot
*** SUMMARY ***
Total pot 120 | Rake 0 
Board [3h 8c As Qs Ad]
Seat 1: dudulibano (big blind) mucked [9s 6s]
Seat 2: gocastar (button) folded before Flop (didn't bet)
Seat 3: Mahu2021 (small blind) showed [5s Ks] and won (120) with a pair of Aces



PokerStars Hand #253833973206: Tournament #3833560026, $1.84+$0.16 USD Hold'em No Limit - Level III (20/40) - 2024/12/13 15:11:11 CET [2024/12/13 9:11:11 ET]
Table '3833560026 1' 3-max Seat #3 is the button
Seat 1: dudulibano (495 in chips) 
Seat 2: gocastar (595 in chips) 
Seat 3: Mahu2021 (410 in chips) 
dudulibano: posts small blind 20
gocastar: posts big blind 40
*** HOLE CARDS ***
Dealt to Mahu2021 [7d 2d]
Mahu2021: folds 
dudulibano: folds 
Uncalled bet (20) returned to gocastar
gocastar collected 40 from pot
*** SUMMARY ***
Total pot 40 | Rake 0 
Seat 1: dudulibano (small blind) folded before Flop
Seat 2: gocastar (big blind) collected (40)
Seat 3: Mahu2021 (button) folded before Flop (didn't bet)



PokerStars Hand #253833974698: Tournament #3833560026, $1.84+$0.16 USD Hold'em No Limit - Level III (20/40) - 2024/12/13 15:11:20 CET [2024/12/13 9:11:20 ET]
Table '3833560026 1' 3-max Seat #1 is the button
Seat 1: dudulibano (475 in chips) 
Seat 2: gocastar (615 in chips) 
Seat 3: Mahu2021 (410 in chips) 
gocastar: posts small blind 20
Mahu2021: posts big blind 40
*** HOLE CARDS ***
Dealt to Mahu2021 [7d Th]
dudulibano: folds 
gocastar: raises 40 to 80
Mahu2021: folds 
Uncalled bet (40) returned to gocastar
gocastar collected 80 from pot
*** SUMMARY ***
Total pot 80 | Rake 0 
Seat 1: dudulibano (button) folded before Flop (didn't bet)
Seat 2: gocastar (small blind) collected (80)
Seat 3: Mahu2021 (big blind) folded before Flop



PokerStars Hand #253833976351: Tournament #3833560026, $1.84+$0.16 USD Hold'em No Limit - Level III (20/40) - 2024/12/13 15:11:31 CET [2024/12/13 9:11:31 ET]
Table '3833560026 1' 3-max Seat #2 is the button
Seat 1: dudulibano (475 in chips) 
Seat 2: gocastar (655 in chips) 
Seat 3: Mahu2021 (370 in chips) 
Mahu2021: posts small blind 20
dudulibano: posts big blind 40
*** HOLE CARDS ***
Dealt to Mahu2021 [As Js]
gocastar: raises 40 to 80
Mahu2021: raises 290 to 370 and is all-in
dudulibano: calls 330
gocastar: folds 
*** FLOP *** [8c Qd 3c]
*** TURN *** [8c Qd 3c] [2c]
*** RIVER *** [8c Qd 3c 2c] [4h]
*** SHOW DOWN ***
Mahu2021: shows [As Js] (high card Ace)
dudulibano: shows [6d Td] (high card Queen)
Mahu2021 collected 820 from pot
*** SUMMARY ***
Total pot 820 | Rake 0 
Board [8c Qd 3c 2c 4h]
Seat 1: dudulibano (big blind) showed [6d Td] and lost with high card Queen
Seat 2: gocastar (button) folded before Flop
Seat 3: Mahu2021 (small blind) showed [As Js] and won (820) with high card Ace



PokerStars Hand #253833979577: Tournament #3833560026, $1.84+$0.16 USD Hold'em No Limit - Level III (20/40) - 2024/12/13 15:11:50 CET [2024/12/13 9:11:50 ET]
Table '3833560026 1' 3-max Seat #3 is the button
Seat 1: dudulibano (105 in chips) 
Seat 2: gocastar (575 in chips) 
Seat 3: Mahu2021 (820 in chips) 
dudulibano: posts small blind 20
gocastar: posts big blind 40
*** HOLE CARDS ***
Dealt to Mahu2021 [Td 2s]
Mahu2021: folds 
dudulibano has timed out
dudulibano: folds 
dudulibano is sitting out
Uncalled bet (20) returned to gocastar
gocastar collected 40 from pot
*** SUMMARY ***
Total pot 40 | Rake 0 
Seat 1: dudulibano (small blind) folded before Flop
Seat 2: gocastar (big blind) collected (40)
Seat 3: Mahu2021 (button) folded before Flop (didn't bet)



PokerStars Hand #253833984560: Tournament #3833560026, $1.84+$0.16 USD Hold'em No Limit - Level III (20/40) - 2024/12/13 15:12:20 CET [2024/12/13 9:12:20 ET]
Table '3833560026 1' 3-max Seat #1 is the button
Seat 1: dudulibano (85 in chips) is sitting out
Seat 2: gocastar (595 in chips) 
Seat 3: Mahu2021 (820 in chips) 
gocastar: posts small blind 20
Mahu2021: posts big blind 40
*** HOLE CARDS ***
Dealt to Mahu2021 [3s 4h]
dudulibano: folds 
gocastar: raises 80 to 120
Mahu2021: folds 
Uncalled bet (80) returned to gocastar
gocastar collected 80 from pot
*** SUMMARY ***
Total pot 80 | Rake 0 
Seat 1: dudulibano (button) folded before Flop (didn't bet)
Seat 2: gocastar (small blind) collected (80)
Seat 3: Mahu2021 (big blind) folded before Flop



PokerStars Hand #253833985821: Tournament #3833560026, $1.84+$0.16 USD Hold'em No Limit - Level III (20/40) - 2024/12/13 15:12:27 CET [2024/12/13 9:12:27 ET]
Table '3833560026 1' 3-max Seat #2 is the button
Seat 1: dudulibano (85 in chips) is sitting out
Seat 2: gocastar (635 in chips) 
Seat 3: Mahu2021 (780 in chips) 
Mahu2021: posts small blind 20
dudulibano: posts big blind 40
*** HOLE CARDS ***
Dealt to Mahu2021 [3s 6s]
gocastar: folds 
Mahu2021: raises 40 to 80
dudulibano: folds 
Uncalled bet (40) returned to Mahu2021
Mahu2021 collected 80 from pot
Mahu2021: doesn't show hand 
*** SUMMARY ***
Total pot 80 | Rake 0 
Seat 1: dudulibano (big blind) folded before Flop
Seat 2: gocastar (button) folded before Flop (didn't bet)
Seat 3: Mahu2021 (small blind) collected (80)



PokerStars Hand #253833986889: Tournament #3833560026, $1.84+$0.16 USD Hold'em No Limit - Level III (20/40) - 2024/12/13 15:12:34 CET [2024/12/13 9:12:34 ET]
Table '3833560026 1' 3-max Seat #3 is the button
Seat 1: dudulibano (45 in chips) is sitting out
Seat 2: gocastar (635 in chips) 
Seat 3: Mahu2021 (820 in chips) 
dudulibano: posts small blind 20
gocastar: posts big blind 40
*** HOLE CARDS ***
Dealt to Mahu2021 [Jd 8h]
Mahu2021: raises 40 to 80
dudulibano: folds 
gocastar: calls 40
*** FLOP *** [5d Td As]
gocastar: checks 
Mahu2021: bets 80
gocastar: calls 80
*** TURN *** [5d Td As] [Ah]
gocastar: checks 
Mahu2021: bets 80
gocastar: calls 80
*** RIVER *** [5d Td As Ah] [Qh]
gocastar: checks 
Mahu2021: checks 
*** SHOW DOWN ***
gocastar: shows [Jh Qs] (two pair, Aces and Queens)
Mahu2021: mucks hand 
gocastar collected 500 from pot
*** SUMMARY ***
Total pot 500 | Rake 0 
Board [5d Td As Ah Qh]
Seat 1: dudulibano (small blind) folded before Flop
Seat 2: gocastar (big blind) showed [Jh Qs] and won (500) with two pair, Aces and Queens
Seat 3: Mahu2021 (button) mucked [Jd 8h]



PokerStars Hand #253833991530: Tournament #3833560026, $1.84+$0.16 USD Hold'em No Limit - Level IV (30/60) - 2024/12/13 15:13:02 CET [2024/12/13 9:13:02 ET]
Table '3833560026 1' 3-max Seat #1 is the button
Seat 1: dudulibano (25 in chips) is sitting out
Seat 2: gocastar (895 in chips) 
Seat 3: Mahu2021 (580 in chips) 
gocastar: posts small blind 30
Mahu2021: posts big blind 60
*** HOLE CARDS ***
Dealt to Mahu2021 [6c 7d]
dudulibano: folds 
gocastar: raises 60 to 120
Mahu2021: folds 
Uncalled bet (60) returned to gocastar
gocastar collected 120 from pot
*** SUMMARY ***
Total pot 120 | Rake 0 
Seat 1: dudulibano (button) folded before Flop (didn't bet)
Seat 2: gocastar (small blind) collected (120)
Seat 3: Mahu2021 (big blind) folded before Flop



PokerStars Hand #253833992704: Tournament #3833560026, $1.84+$0.16 USD Hold'em No Limit - Level IV (30/60) - 2024/12/13 15:13:08 CET [2024/12/13 9:13:08 ET]
Table '3833560026 1' 3-max Seat #2 is the button
Seat 1: dudulibano (25 in chips) is sitting out
Seat 2: gocastar (955 in chips) 
Seat 3: Mahu2021 (520 in chips) 
Mahu2021: posts small blind 30
dudulibano: posts big blind 25 and is all-in
*** HOLE CARDS ***
Dealt to Mahu2021 [Qc 8s]
gocastar: calls 60
Mahu2021: calls 30
dudulibano: folds 
*** FLOP *** [2c 2h 2s]
Mahu2021: checks 
gocastar: bets 60
Mahu2021: folds 
Uncalled bet (60) returned to gocastar
gocastar collected 145 from pot
dudulibano finished the tournament in 3rd place
*** SUMMARY ***
Total pot 145 | Rake 0 
Board [2c 2h 2s]
Seat 1: dudulibano (big blind) folded before Flop
Seat 2: gocastar (button) collected (145)
Seat 3: Mahu2021 (small blind) folded on the Flop



PokerStars Hand #253833995212: Tournament #3833560026, $1.84+$0.16 USD Hold'em No Limit - Level IV (30/60) - 2024/12/13 15:13:23 CET [2024/12/13 9:13:23 ET]
Table '3833560026 1' 3-max Seat #3 is the button
Seat 2: gocastar (1040 in chips) 
Seat 3: Mahu2021 (460 in chips) 
Mahu2021: posts small blind 30
gocastar: posts big blind 60
*** HOLE CARDS ***
Dealt to Mahu2021 [Th 2d]
Mahu2021: folds 
Uncalled bet (30) returned to gocastar
gocastar collected 60 from pot
*** SUMMARY ***
Total pot 60 | Rake 0 
Seat 2: gocastar (big blind) collected (60)
Seat 3: Mahu2021 (button) (small blind) folded before Flop



PokerStars Hand #253833996007: Tournament #3833560026, $1.84+$0.16 USD Hold'em No Limit - Level IV (30/60) - 2024/12/13 15:13:28 CET [2024/12/13 9:13:28 ET]
Table '3833560026 1' 3-max Seat #2 is the button
Seat 2: gocastar (1070 in chips) 
Seat 3: Mahu2021 (430 in chips) 
gocastar: posts small blind 30
Mahu2021: posts big blind 60
*** HOLE CARDS ***
Dealt to Mahu2021 [Ah Qh]
gocastar: calls 30
Mahu2021: raises 120 to 180
gocastar: calls 120
*** FLOP *** [2s Ad 4h]
Mahu2021: checks 
gocastar: checks 
*** TURN *** [2s Ad 4h] [3c]
Mahu2021: bets 120
gocastar: folds 
Uncalled bet (120) returned to Mahu2021
Mahu2021 collected 360 from pot
Mahu2021: doesn't show hand 
*** SUMMARY ***
Total pot 360 | Rake 0 
Board [2s Ad 4h 3c]
Seat 2: gocastar (button) (small blind) folded on the Turn
Seat 3: Mahu2021 (big blind) collected (360)



PokerStars Hand #253833998536: Tournament #3833560026, $1.84+$0.16 USD Hold'em No Limit - Level IV (30/60) - 2024/12/13 15:13:43 CET [2024/12/13 9:13:43 ET]
Table '3833560026 1' 3-max Seat #3 is the button
Seat 2: gocastar (890 in chips) 
Seat 3: Mahu2021 (610 in chips) 
Mahu2021: posts small blind 30
gocastar: posts big blind 60
*** HOLE CARDS ***
Dealt to Mahu2021 [6s Kh]
Mahu2021: raises 60 to 120
gocastar: folds 
Uncalled bet (60) returned to Mahu2021
Mahu2021 collected 120 from pot
Mahu2021: doesn't show hand 
*** SUMMARY ***
Total pot 120 | Rake 0 
Seat 2: gocastar (big blind) folded before Flop
Seat 3: Mahu2021 (button) (small blind) collected (120)



PokerStars Hand #253833999472: Tournament #3833560026, $1.84+$0.16 USD Hold'em No Limit - Level IV (30/60) - 2024/12/13 15:13:49 CET [2024/12/13 9:13:49 ET]
Table '3833560026 1' 3-max Seat #2 is the button
Seat 2: gocastar (830 in chips) 
Seat 3: Mahu2021 (670 in chips) 
gocastar: posts small blind 30
Mahu2021: posts big blind 60
*** HOLE CARDS ***
Dealt to Mahu2021 [4s Ah]
gocastar: calls 30
Mahu2021: raises 610 to 670 and is all-in
gocastar: folds 
Uncalled bet (610) returned to Mahu2021
Mahu2021 collected 120 from pot
Mahu2021: doesn't show hand 
*** SUMMARY ***
Total pot 120 | Rake 0 
Seat 2: gocastar (button) (small blind) folded before Flop
Seat 3: Mahu2021 (big blind) collected (120)



PokerStars Hand #253834000639: Tournament #3833560026, $1.84+$0.16 USD Hold'em No Limit - Level IV (30/60) - 2024/12/13 15:13:56 CET [2024/12/13 9:13:56 ET]
Table '3833560026 1' 3-max Seat #3 is the button
Seat 2: gocastar (770 in chips) 
Seat 3: Mahu2021 (730 in chips) 
Mahu2021: posts small blind 30
gocastar: posts big blind 60
*** HOLE CARDS ***
Dealt to Mahu2021 [2h Jc]
Mahu2021: calls 30
gocastar: checks 
*** FLOP *** [9s 9d Ks]
gocastar: checks 
Mahu2021: checks 
*** TURN *** [9s 9d Ks] [6c]
gocastar: checks 
Mahu2021: checks 
*** RIVER *** [9s 9d Ks 6c] [3d]
gocastar: bets 60
Mahu2021: folds 
Uncalled bet (60) returned to gocastar
gocastar collected 120 from pot
*** SUMMARY ***
Total pot 120 | Rake 0 
Board [9s 9d Ks 6c 3d]
Seat 2: gocastar (big blind) collected (120)
Seat 3: Mahu2021 (button) (small blind) folded on the River



PokerStars Hand #253834002894: Tournament #3833560026, $1.84+$0.16 USD Hold'em No Limit - Level IV (30/60) - 2024/12/13 15:14:09 CET [2024/12/13 9:14:09 ET]
Table '3833560026 1' 3-max Seat #2 is the button
Seat 2: gocastar (830 in chips) 
Seat 3: Mahu2021 (670 in chips) 
gocastar: posts small blind 30
Mahu2021: posts big blind 60
*** HOLE CARDS ***
Dealt to Mahu2021 [3h 4d]
gocastar: calls 30
Mahu2021: checks 
*** FLOP *** [5h 6h 9d]
Mahu2021: bets 60
gocastar: calls 60
*** TURN *** [5h 6h 9d] [Qh]
Mahu2021: bets 60
gocastar: calls 60
*** RIVER *** [5h 6h 9d Qh] [Qd]
Mahu2021: checks 
gocastar: bets 180
Mahu2021: folds 
Uncalled bet (180) returned to gocastar
gocastar collected 360 from pot
*** SUMMARY ***
Total pot 360 | Rake 0 
Board [5h 6h 9d Qh Qd]
Seat 2: gocastar (button) (small blind) collected (360)
Seat 3: Mahu2021 (big blind) folded on the River



PokerStars Hand #253834005972: Tournament #3833560026, $1.84+$0.16 USD Hold'em No Limit - Level IV (30/60) - 2024/12/13 15:14:27 CET [2024/12/13 9:14:27 ET]
Table '3833560026 1' 3-max Seat #3 is the button
Seat 2: gocastar (1010 in chips) 
Seat 3: Mahu2021 (490 in chips) 
Mahu2021: posts small blind 30
gocastar: posts big blind 60
*** HOLE CARDS ***
Dealt to Mahu2021 [9h Jh]
Mahu2021: raises 60 to 120
gocastar: raises 890 to 1010 and is all-in
Mahu2021: calls 370 and is all-in
Uncalled bet (520) returned to gocastar
*** FLOP *** [7s 6c Td]
*** TURN *** [7s 6c Td] [Qh]
*** RIVER *** [7s 6c Td Qh] [Js]
*** SHOW DOWN ***
gocastar: shows [Ah 6d] (a pair of Sixes)
Mahu2021: shows [9h Jh] (a pair of Jacks)
Mahu2021 collected 980 from pot
*** SUMMARY ***
Total pot 980 | Rake 0 
Board [7s 6c Td Qh Js]
Seat 2: gocastar (big blind) showed [Ah 6d] and lost with a pair of Sixes
Seat 3: Mahu2021 (button) (small blind) showed [9h Jh] and won (980) with a pair of Jacks



PokerStars Hand #253834008773: Tournament #3833560026, $1.84+$0.16 USD Hold'em No Limit - Level IV (30/60) - 2024/12/13 15:14:44 CET [2024/12/13 9:14:44 ET]
Table '3833560026 1' 3-max Seat #2 is the button
Seat 2: gocastar (520 in chips) 
Seat 3: Mahu2021 (980 in chips) 
gocastar: posts small blind 30
Mahu2021: posts big blind 60
*** HOLE CARDS ***
Dealt to Mahu2021 [Jc 7d]
gocastar: raises 460 to 520 and is all-in
Mahu2021: folds 
Uncalled bet (460) returned to gocastar
gocastar collected 120 from pot
*** SUMMARY ***
Total pot 120 | Rake 0 
Seat 2: gocastar (button) (small blind) collected (120)
Seat 3: Mahu2021 (big blind) folded before Flop



PokerStars Hand #253834010583: Tournament #3833560026, $1.84+$0.16 USD Hold'em No Limit - Level V (40/80) - 2024/12/13 15:14:55 CET [2024/12/13 9:14:55 ET]
Table '3833560026 1' 3-max Seat #3 is the button
Seat 2: gocastar (580 in chips) 
Seat 3: Mahu2021 (920 in chips) 
Mahu2021: posts small blind 40
gocastar: posts big blind 80
*** HOLE CARDS ***
Dealt to Mahu2021 [As 4c]
Mahu2021: raises 80 to 160
gocastar: folds 
Uncalled bet (80) returned to Mahu2021
Mahu2021 collected 160 from pot
Mahu2021: doesn't show hand 
*** SUMMARY ***
Total pot 160 | Rake 0 
Seat 2: gocastar (big blind) folded before Flop
Seat 3: Mahu2021 (button) (small blind) collected (160)



PokerStars Hand #253834011692: Tournament #3833560026, $1.84+$0.16 USD Hold'em No Limit - Level V (40/80) - 2024/12/13 15:15:01 CET [2024/12/13 9:15:01 ET]
Table '3833560026 1' 3-max Seat #2 is the button
Seat 2: gocastar (500 in chips) 
Seat 3: Mahu2021 (1000 in chips) 
gocastar: posts small blind 40
Mahu2021: posts big blind 80
*** HOLE CARDS ***
Dealt to Mahu2021 [7s 8s]
gocastar: raises 420 to 500 and is all-in
Mahu2021: folds 
Uncalled bet (420) returned to gocastar
gocastar collected 160 from pot
*** SUMMARY ***
Total pot 160 | Rake 0 
Seat 2: gocastar (button) (small blind) collected (160)
Seat 3: Mahu2021 (big blind) folded before Flop



PokerStars Hand #253834013013: Tournament #3833560026, $1.84+$0.16 USD Hold'em No Limit - Level V (40/80) - 2024/12/13 15:15:09 CET [2024/12/13 9:15:09 ET]
Table '3833560026 1' 3-max Seat #3 is the button
Seat 2: gocastar (580 in chips) 
Seat 3: Mahu2021 (920 in chips) 
Mahu2021: posts small blind 40
gocastar: posts big blind 80
*** HOLE CARDS ***
Dealt to Mahu2021 [6h 4h]
Mahu2021: calls 40
gocastar: raises 500 to 580 and is all-in
Mahu2021: folds 
Uncalled bet (500) returned to gocastar
gocastar collected 160 from pot
*** SUMMARY ***
Total pot 160 | Rake 0 
Seat 2: gocastar (big blind) collected (160)
Seat 3: Mahu2021 (button) (small blind) folded before Flop



PokerStars Hand #253834014327: Tournament #3833560026, $1.84+$0.16 USD Hold'em No Limit - Level V (40/80) - 2024/12/13 15:15:17 CET [2024/12/13 9:15:17 ET]
Table '3833560026 1' 3-max Seat #2 is the button
Seat 2: gocastar (660 in chips) 
Seat 3: Mahu2021 (840 in chips) 
gocastar: posts small blind 40
Mahu2021: posts big blind 80
*** HOLE CARDS ***
Dealt to Mahu2021 [5c Ks]
gocastar: calls 40
Mahu2021: raises 760 to 840 and is all-in
gocastar: folds 
Uncalled bet (760) returned to Mahu2021
Mahu2021 collected 160 from pot
Mahu2021: doesn't show hand 
*** SUMMARY ***
Total pot 160 | Rake 0 
Seat 2: gocastar (button) (small blind) folded before Flop
Seat 3: Mahu2021 (big blind) collected (160)



PokerStars Hand #253834016229: Tournament #3833560026, $1.84+$0.16 USD Hold'em No Limit - Level V (40/80) - 2024/12/13 15:15:28 CET [2024/12/13 9:15:28 ET]
Table '3833560026 1' 3-max Seat #3 is the button
Seat 2: gocastar (580 in chips) 
Seat 3: Mahu2021 (920 in chips) 
Mahu2021: posts small blind 40
gocastar: posts big blind 80
*** HOLE CARDS ***
Dealt to Mahu2021 [4h 4d]
Mahu2021: raises 800 to 880
gocastar: calls 500 and is all-in
Uncalled bet (300) returned to Mahu2021
*** FLOP *** [Kh Qs 8h]
*** TURN *** [Kh Qs 8h] [5c]
*** RIVER *** [Kh Qs 8h 5c] [7s]
*** SHOW DOWN ***
gocastar: shows [9s Ac] (high card Ace)
Mahu2021: shows [4h 4d] (a pair of Fours)
Mahu2021 collected 1160 from pot
gocastar finished the tournament in 2nd place
Mahu2021 wins the tournament and receives $4.00 - congratulations!
*** SUMMARY ***
Total pot 1160 | Rake 0 
Board [Kh Qs 8h 5c 7s]
Seat 2: gocastar (big blind) showed [9s Ac] and lost with high card Ace
Seat 3: Mahu2021 (button) (small blind) showed [4h 4d] and won (1160) with a pair of Fours



