PokerStars Hand #242941823552: Tournament #3573572622, $0.92+$0.08 USD Hold'em No Limit - Level I (10/20) - 2023/04/07 16:22:54 CET [2023/04/07 10:22:54 ET]
Table '3573572622 1' 3-max Seat #1 is the button
Seat 1: Mahu2021 (500 in chips) 
Seat 2: scandif (500 in chips) 
Seat 3: 11ATHOS11 (500 in chips) 
scandif: posts small blind 10
11ATHOS11: posts big blind 20
*** HOLE CARDS ***
Dealt to Mahu2021 [Td 2d]
Mahu2021: folds 
scandif: calls 10
11ATHOS11: checks 
*** FLOP *** [2c 5d 7h]
scandif: checks 
11ATHOS11: bets 40
scandif: calls 40
*** TURN *** [2c 5d 7h] [Ts]
scandif: checks 
11ATHOS11: checks 
*** RIVER *** [2c 5d 7h Ts] [Kc]
scandif: checks 
11ATHOS11: checks 
*** SHOW DOWN ***
scandif: shows [8c As] (high card Ace)
11ATHOS11: mucks hand 
scandif collected 120 from pot
*** SUMMARY ***
Total pot 120 | Rake 0 
Board [2c 5d 7h Ts Kc]
Seat 1: Mahu2021 (button) folded before Flop (didn't bet)
Seat 2: scandif (small blind) showed [8c As] and won (120) with high card Ace
Seat 3: 11ATHOS11 (big blind) mucked [4h 8d]



PokerStars Hand #242941834031: Tournament #3573572622, $0.92+$0.08 USD Hold'em No Limit - Level I (10/20) - 2023/04/07 16:23:33 CET [2023/04/07 10:23:33 ET]
Table '3573572622 1' 3-max Seat #2 is the button
Seat 1: Mahu2021 (500 in chips) 
Seat 2: scandif (560 in chips) 
Seat 3: 11ATHOS11 (440 in chips) 
11ATHOS11: posts small blind 10
Mahu2021: posts big blind 20
*** HOLE CARDS ***
Dealt to Mahu2021 [4d Ah]
scandif: calls 20
11ATHOS11: calls 10
Mahu2021: checks 
*** FLOP *** [3h 8d 5s]
11ATHOS11: checks 
Mahu2021: checks 
scandif: checks 
*** TURN *** [3h 8d 5s] [Jd]
11ATHOS11: checks 
Mahu2021: checks 
scandif: checks 
*** RIVER *** [3h 8d 5s Jd] [3d]
11ATHOS11: checks 
Mahu2021: bets 20
scandif: folds 
11ATHOS11: folds 
Uncalled bet (20) returned to Mahu2021
Mahu2021 collected 60 from pot
Mahu2021: doesn't show hand 
*** SUMMARY ***
Total pot 60 | Rake 0 
Board [3h 8d 5s Jd 3d]
Seat 1: Mahu2021 (big blind) collected (60)
Seat 2: scandif (button) folded on the River
Seat 3: 11ATHOS11 (small blind) folded on the River



PokerStars Hand #242941842136: Tournament #3573572622, $0.92+$0.08 USD Hold'em No Limit - Level I (10/20) - 2023/04/07 16:24:02 CET [2023/04/07 10:24:02 ET]
Table '3573572622 1' 3-max Seat #3 is the button
Seat 1: Mahu2021 (540 in chips) 
Seat 2: scandif (540 in chips) 
Seat 3: 11ATHOS11 (420 in chips) 
Mahu2021: posts small blind 10
scandif: posts big blind 20
*** HOLE CARDS ***
Dealt to Mahu2021 [9s Ah]
11ATHOS11: folds 
Mahu2021: calls 10
scandif: checks 
*** FLOP *** [7s 9d 6c]
Mahu2021: bets 20
scandif: raises 40 to 60
Mahu2021: raises 460 to 520 and is all-in
scandif: calls 460 and is all-in
*** TURN *** [7s 9d 6c] [9c]
*** RIVER *** [7s 9d 6c 9c] [6s]
*** SHOW DOWN ***
Mahu2021: shows [9s Ah] (a full house, Nines full of Sixes)
scandif: shows [5d 9h] (a full house, Nines full of Sixes)
Mahu2021 collected 540 from pot
scandif collected 540 from pot
*** SUMMARY ***
Total pot 1080 | Rake 0 
Board [7s 9d 6c 9c 6s]
Seat 1: Mahu2021 (small blind) showed [9s Ah] and won (540) with a full house, Nines full of Sixes
Seat 2: scandif (big blind) showed [5d 9h] and won (540) with a full house, Nines full of Sixes
Seat 3: 11ATHOS11 (button) folded before Flop (didn't bet)



PokerStars Hand #242941850525: Tournament #3573572622, $0.92+$0.08 USD Hold'em No Limit - Level I (10/20) - 2023/04/07 16:24:33 CET [2023/04/07 10:24:33 ET]
Table '3573572622 1' 3-max Seat #1 is the button
Seat 1: Mahu2021 (540 in chips) 
Seat 2: scandif (540 in chips) 
Seat 3: 11ATHOS11 (420 in chips) 
scandif: posts small blind 10
11ATHOS11: posts big blind 20
*** HOLE CARDS ***
Dealt to Mahu2021 [3d 8c]
Mahu2021: folds 
scandif: folds 
Uncalled bet (10) returned to 11ATHOS11
11ATHOS11 collected 20 from pot
*** SUMMARY ***
Total pot 20 | Rake 0 
Seat 1: Mahu2021 (button) folded before Flop (didn't bet)
Seat 2: scandif (small blind) folded before Flop
Seat 3: 11ATHOS11 (big blind) collected (20)



PokerStars Hand #242941852290: Tournament #3573572622, $0.92+$0.08 USD Hold'em No Limit - Level I (10/20) - 2023/04/07 16:24:39 CET [2023/04/07 10:24:39 ET]
Table '3573572622 1' 3-max Seat #2 is the button
Seat 1: Mahu2021 (540 in chips) 
Seat 2: scandif (530 in chips) 
Seat 3: 11ATHOS11 (430 in chips) 
11ATHOS11: posts small blind 10
Mahu2021: posts big blind 20
*** HOLE CARDS ***
Dealt to Mahu2021 [2s 8s]
scandif: folds 
11ATHOS11: raises 20 to 40
Mahu2021: calls 20
*** FLOP *** [3h 7s 6d]
11ATHOS11: checks 
Mahu2021: checks 
*** TURN *** [3h 7s 6d] [3s]
11ATHOS11: checks 
Mahu2021: bets 80
11ATHOS11: calls 80
*** RIVER *** [3h 7s 6d 3s] [Td]
11ATHOS11: bets 310 and is all-in
Mahu2021: folds 
Uncalled bet (310) returned to 11ATHOS11
11ATHOS11 collected 240 from pot
*** SUMMARY ***
Total pot 240 | Rake 0 
Board [3h 7s 6d 3s Td]
Seat 1: Mahu2021 (big blind) folded on the River
Seat 2: scandif (button) folded before Flop (didn't bet)
Seat 3: 11ATHOS11 (small blind) collected (240)



PokerStars Hand #242941858260: Tournament #3573572622, $0.92+$0.08 USD Hold'em No Limit - Level I (10/20) - 2023/04/07 16:25:01 CET [2023/04/07 10:25:01 ET]
Table '3573572622 1' 3-max Seat #3 is the button
Seat 1: Mahu2021 (420 in chips) 
Seat 2: scandif (530 in chips) 
Seat 3: 11ATHOS11 (550 in chips) 
Mahu2021: posts small blind 10
scandif: posts big blind 20
*** HOLE CARDS ***
Dealt to Mahu2021 [2d 4d]
11ATHOS11: calls 20
Mahu2021: calls 10
scandif: checks 
*** FLOP *** [2s 7s Ad]
Mahu2021: checks 
scandif: checks 
11ATHOS11: checks 
*** TURN *** [2s 7s Ad] [5h]
Mahu2021: bets 20
scandif: raises 100 to 120
11ATHOS11: calls 120
Mahu2021: folds 
*** RIVER *** [2s 7s Ad 5h] [7h]
scandif: bets 390 and is all-in
11ATHOS11: folds 
Uncalled bet (390) returned to scandif
scandif collected 320 from pot
scandif: doesn't show hand 
*** SUMMARY ***
Total pot 320 | Rake 0 
Board [2s 7s Ad 5h 7h]
Seat 1: Mahu2021 (small blind) folded on the Turn
Seat 2: scandif (big blind) collected (320)
Seat 3: 11ATHOS11 (button) folded on the River



PokerStars Hand #242941866472: Tournament #3573572622, $0.92+$0.08 USD Hold'em No Limit - Level I (10/20) - 2023/04/07 16:25:31 CET [2023/04/07 10:25:31 ET]
Table '3573572622 1' 3-max Seat #1 is the button
Seat 1: Mahu2021 (380 in chips) 
Seat 2: scandif (710 in chips) 
Seat 3: 11ATHOS11 (410 in chips) 
scandif: posts small blind 10
11ATHOS11: posts big blind 20
*** HOLE CARDS ***
Dealt to Mahu2021 [5c Th]
Mahu2021: folds 
scandif: calls 10
11ATHOS11: checks 
*** FLOP *** [Qc Ks 6c]
scandif: bets 40
11ATHOS11: folds 
Uncalled bet (40) returned to scandif
scandif collected 40 from pot
scandif: doesn't show hand 
*** SUMMARY ***
Total pot 40 | Rake 0 
Board [Qc Ks 6c]
Seat 1: Mahu2021 (button) folded before Flop (didn't bet)
Seat 2: scandif (small blind) collected (40)
Seat 3: 11ATHOS11 (big blind) folded on the Flop



PokerStars Hand #242941870089: Tournament #3573572622, $0.92+$0.08 USD Hold'em No Limit - Level I (10/20) - 2023/04/07 16:25:44 CET [2023/04/07 10:25:44 ET]
Table '3573572622 1' 3-max Seat #2 is the button
Seat 1: Mahu2021 (380 in chips) 
Seat 2: scandif (730 in chips) 
Seat 3: 11ATHOS11 (390 in chips) 
11ATHOS11: posts small blind 10
Mahu2021: posts big blind 20
*** HOLE CARDS ***
Dealt to Mahu2021 [Qc 8h]
scandif: folds 
11ATHOS11: calls 10
Mahu2021: checks 
*** FLOP *** [Jh Qs 4h]
11ATHOS11: bets 20
Mahu2021: calls 20
*** TURN *** [Jh Qs 4h] [8c]
11ATHOS11: bets 20
Mahu2021: raises 120 to 140
11ATHOS11: folds 
Uncalled bet (120) returned to Mahu2021
Mahu2021 collected 120 from pot
Mahu2021: doesn't show hand 
*** SUMMARY ***
Total pot 120 | Rake 0 
Board [Jh Qs 4h 8c]
Seat 1: Mahu2021 (big blind) collected (120)
Seat 2: scandif (button) folded before Flop (didn't bet)
Seat 3: 11ATHOS11 (small blind) folded on the Turn



PokerStars Hand #242941875912: Tournament #3573572622, $0.92+$0.08 USD Hold'em No Limit - Level II (15/30) - 2023/04/07 16:26:05 CET [2023/04/07 10:26:05 ET]
Table '3573572622 1' 3-max Seat #3 is the button
Seat 1: Mahu2021 (440 in chips) 
Seat 2: scandif (730 in chips) 
Seat 3: 11ATHOS11 (330 in chips) 
Mahu2021: posts small blind 15
scandif: posts big blind 30
*** HOLE CARDS ***
Dealt to Mahu2021 [7c Jc]
11ATHOS11: folds 
Mahu2021: calls 15
scandif: checks 
*** FLOP *** [9s 6h Kh]
Mahu2021: checks 
scandif: bets 30
Mahu2021: calls 30
*** TURN *** [9s 6h Kh] [5c]
Mahu2021: checks 
scandif: checks 
*** RIVER *** [9s 6h Kh 5c] [Ts]
Mahu2021: bets 60
scandif: folds 
Uncalled bet (60) returned to Mahu2021
Mahu2021 collected 120 from pot
Mahu2021: doesn't show hand 
*** SUMMARY ***
Total pot 120 | Rake 0 
Board [9s 6h Kh 5c Ts]
Seat 1: Mahu2021 (small blind) collected (120)
Seat 2: scandif (big blind) folded on the River
Seat 3: 11ATHOS11 (button) folded before Flop (didn't bet)



PokerStars Hand #242941882018: Tournament #3573572622, $0.92+$0.08 USD Hold'em No Limit - Level II (15/30) - 2023/04/07 16:26:27 CET [2023/04/07 10:26:27 ET]
Table '3573572622 1' 3-max Seat #1 is the button
Seat 1: Mahu2021 (500 in chips) 
Seat 2: scandif (670 in chips) 
Seat 3: 11ATHOS11 (330 in chips) 
scandif: posts small blind 15
11ATHOS11: posts big blind 30
*** HOLE CARDS ***
Dealt to Mahu2021 [As 2c]
Mahu2021: calls 30
scandif: calls 15
11ATHOS11: raises 300 to 330 and is all-in
Mahu2021: folds 
scandif: folds 
Uncalled bet (300) returned to 11ATHOS11
11ATHOS11 collected 90 from pot
*** SUMMARY ***
Total pot 90 | Rake 0 
Seat 1: Mahu2021 (button) folded before Flop
Seat 2: scandif (small blind) folded before Flop
Seat 3: 11ATHOS11 (big blind) collected (90)



PokerStars Hand #242941886808: Tournament #3573572622, $0.92+$0.08 USD Hold'em No Limit - Level II (15/30) - 2023/04/07 16:26:44 CET [2023/04/07 10:26:44 ET]
Table '3573572622 1' 3-max Seat #2 is the button
Seat 1: Mahu2021 (470 in chips) 
Seat 2: scandif (640 in chips) 
Seat 3: 11ATHOS11 (390 in chips) 
11ATHOS11: posts small blind 15
Mahu2021: posts big blind 30
*** HOLE CARDS ***
Dealt to Mahu2021 [Js Qc]
scandif: folds 
11ATHOS11: calls 15
Mahu2021: checks 
*** FLOP *** [9d Kh 9h]
11ATHOS11: checks 
Mahu2021: checks 
*** TURN *** [9d Kh 9h] [4s]
11ATHOS11: bets 30
Mahu2021: calls 30
*** RIVER *** [9d Kh 9h 4s] [3s]
11ATHOS11: bets 60
Mahu2021: folds 
Uncalled bet (60) returned to 11ATHOS11
11ATHOS11 collected 120 from pot
*** SUMMARY ***
Total pot 120 | Rake 0 
Board [9d Kh 9h 4s 3s]
Seat 1: Mahu2021 (big blind) folded on the River
Seat 2: scandif (button) folded before Flop (didn't bet)
Seat 3: 11ATHOS11 (small blind) collected (120)



PokerStars Hand #242941893994: Tournament #3573572622, $0.92+$0.08 USD Hold'em No Limit - Level II (15/30) - 2023/04/07 16:27:10 CET [2023/04/07 10:27:10 ET]
Table '3573572622 1' 3-max Seat #3 is the button
Seat 1: Mahu2021 (410 in chips) 
Seat 2: scandif (640 in chips) 
Seat 3: 11ATHOS11 (450 in chips) 
Mahu2021: posts small blind 15
scandif: posts big blind 30
*** HOLE CARDS ***
Dealt to Mahu2021 [6h Jd]
11ATHOS11: calls 30
Mahu2021: folds 
scandif: checks 
*** FLOP *** [4s 9c 8h]
scandif: checks 
11ATHOS11: bets 75
scandif: folds 
Uncalled bet (75) returned to 11ATHOS11
11ATHOS11 collected 75 from pot
*** SUMMARY ***
Total pot 75 | Rake 0 
Board [4s 9c 8h]
Seat 1: Mahu2021 (small blind) folded before Flop
Seat 2: scandif (big blind) folded on the Flop
Seat 3: 11ATHOS11 (button) collected (75)



PokerStars Hand #242941897940: Tournament #3573572622, $0.92+$0.08 USD Hold'em No Limit - Level II (15/30) - 2023/04/07 16:27:25 CET [2023/04/07 10:27:25 ET]
Table '3573572622 1' 3-max Seat #1 is the button
Seat 1: Mahu2021 (395 in chips) 
Seat 2: scandif (610 in chips) 
Seat 3: 11ATHOS11 (495 in chips) 
scandif: posts small blind 15
11ATHOS11: posts big blind 30
*** HOLE CARDS ***
Dealt to Mahu2021 [Kd 3s]
Mahu2021: folds 
scandif: calls 15
11ATHOS11: checks 
*** FLOP *** [4h 7s Ts]
scandif: checks 
11ATHOS11: bets 30
scandif: folds 
Uncalled bet (30) returned to 11ATHOS11
11ATHOS11 collected 60 from pot
*** SUMMARY ***
Total pot 60 | Rake 0 
Board [4h 7s Ts]
Seat 1: Mahu2021 (button) folded before Flop (didn't bet)
Seat 2: scandif (small blind) folded on the Flop
Seat 3: 11ATHOS11 (big blind) collected (60)



PokerStars Hand #242941901910: Tournament #3573572622, $0.92+$0.08 USD Hold'em No Limit - Level II (15/30) - 2023/04/07 16:27:40 CET [2023/04/07 10:27:40 ET]
Table '3573572622 1' 3-max Seat #2 is the button
Seat 1: Mahu2021 (395 in chips) 
Seat 2: scandif (580 in chips) 
Seat 3: 11ATHOS11 (525 in chips) 
11ATHOS11: posts small blind 15
Mahu2021: posts big blind 30
*** HOLE CARDS ***
Dealt to Mahu2021 [Ad 6d]
scandif: folds 
11ATHOS11: calls 15
Mahu2021: raises 60 to 90
11ATHOS11: calls 60
*** FLOP *** [3c 8d 7d]
11ATHOS11: checks 
Mahu2021: bets 305 and is all-in
11ATHOS11: calls 305
*** TURN *** [3c 8d 7d] [7h]
*** RIVER *** [3c 8d 7d 7h] [2s]
*** SHOW DOWN ***
11ATHOS11: shows [5h Ac] (a pair of Sevens)
Mahu2021: shows [Ad 6d] (a pair of Sevens - Ace+Eight+Six kicker)
Mahu2021 collected 790 from pot
*** SUMMARY ***
Total pot 790 | Rake 0 
Board [3c 8d 7d 7h 2s]
Seat 1: Mahu2021 (big blind) showed [Ad 6d] and won (790) with a pair of Sevens
Seat 2: scandif (button) folded before Flop (didn't bet)
Seat 3: 11ATHOS11 (small blind) showed [5h Ac] and lost with a pair of Sevens



PokerStars Hand #242941907396: Tournament #3573572622, $0.92+$0.08 USD Hold'em No Limit - Level II (15/30) - 2023/04/07 16:28:00 CET [2023/04/07 10:28:00 ET]
Table '3573572622 1' 3-max Seat #3 is the button
Seat 1: Mahu2021 (790 in chips) 
Seat 2: scandif (580 in chips) 
Seat 3: 11ATHOS11 (130 in chips) 
Mahu2021: posts small blind 15
scandif: posts big blind 30
*** HOLE CARDS ***
Dealt to Mahu2021 [9s Kd]
11ATHOS11: calls 30
Mahu2021: calls 15
scandif: checks 
*** FLOP *** [2d Kh 5s]
Mahu2021: checks 
scandif: checks 
11ATHOS11: checks 
*** TURN *** [2d Kh 5s] [9h]
Mahu2021: checks 
scandif: checks 
11ATHOS11: bets 100 and is all-in
Mahu2021: calls 100
scandif: folds 
*** RIVER *** [2d Kh 5s 9h] [7c]
*** SHOW DOWN ***
Mahu2021: shows [9s Kd] (two pair, Kings and Nines)
11ATHOS11: shows [7d 9c] (two pair, Nines and Sevens)
Mahu2021 collected 290 from pot
11ATHOS11 finished the tournament in 3rd place
*** SUMMARY ***
Total pot 290 | Rake 0 
Board [2d Kh 5s 9h 7c]
Seat 1: Mahu2021 (small blind) showed [9s Kd] and won (290) with two pair, Kings and Nines
Seat 2: scandif (big blind) folded on the Turn
Seat 3: 11ATHOS11 (button) showed [7d 9c] and lost with two pair, Nines and Sevens



PokerStars Hand #242941915427: Tournament #3573572622, $0.92+$0.08 USD Hold'em No Limit - Level II (15/30) - 2023/04/07 16:28:29 CET [2023/04/07 10:28:29 ET]
Table '3573572622 1' 3-max Seat #2 is the button
Seat 1: Mahu2021 (950 in chips) 
Seat 2: scandif (550 in chips) 
scandif: posts small blind 15
Mahu2021: posts big blind 30
*** HOLE CARDS ***
Dealt to Mahu2021 [6s Tc]
scandif: folds 
Uncalled bet (15) returned to Mahu2021
Mahu2021 collected 30 from pot
Mahu2021: doesn't show hand 
*** SUMMARY ***
Total pot 30 | Rake 0 
Seat 1: Mahu2021 (big blind) collected (30)
Seat 2: scandif (button) (small blind) folded before Flop



PokerStars Hand #242941916661: Tournament #3573572622, $0.92+$0.08 USD Hold'em No Limit - Level II (15/30) - 2023/04/07 16:28:34 CET [2023/04/07 10:28:34 ET]
Table '3573572622 1' 3-max Seat #1 is the button
Seat 1: Mahu2021 (965 in chips) 
Seat 2: scandif (535 in chips) 
Mahu2021: posts small blind 15
scandif: posts big blind 30
*** HOLE CARDS ***
Dealt to Mahu2021 [4d Kh]
Mahu2021: calls 15
scandif: raises 60 to 90
Mahu2021: folds 
Uncalled bet (60) returned to scandif
scandif collected 60 from pot
scandif: doesn't show hand 
*** SUMMARY ***
Total pot 60 | Rake 0 
Seat 1: Mahu2021 (button) (small blind) folded before Flop
Seat 2: scandif (big blind) collected (60)



PokerStars Hand #242941919002: Tournament #3573572622, $0.92+$0.08 USD Hold'em No Limit - Level II (15/30) - 2023/04/07 16:28:42 CET [2023/04/07 10:28:42 ET]
Table '3573572622 1' 3-max Seat #2 is the button
Seat 1: Mahu2021 (935 in chips) 
Seat 2: scandif (565 in chips) 
scandif: posts small blind 15
Mahu2021: posts big blind 30
*** HOLE CARDS ***
Dealt to Mahu2021 [4c Qh]
scandif: raises 30 to 60
Mahu2021: folds 
Uncalled bet (30) returned to scandif
scandif collected 60 from pot
scandif: doesn't show hand 
*** SUMMARY ***
Total pot 60 | Rake 0 
Seat 1: Mahu2021 (big blind) folded before Flop
Seat 2: scandif (button) (small blind) collected (60)



PokerStars Hand #242941921363: Tournament #3573572622, $0.92+$0.08 USD Hold'em No Limit - Level II (15/30) - 2023/04/07 16:28:51 CET [2023/04/07 10:28:51 ET]
Table '3573572622 1' 3-max Seat #1 is the button
Seat 1: Mahu2021 (905 in chips) 
Seat 2: scandif (595 in chips) 
Mahu2021: posts small blind 15
scandif: posts big blind 30
*** HOLE CARDS ***
Dealt to Mahu2021 [5h 2d]
Mahu2021: folds 
Uncalled bet (15) returned to scandif
scandif collected 30 from pot
scandif: doesn't show hand 
*** SUMMARY ***
Total pot 30 | Rake 0 
Seat 1: Mahu2021 (button) (small blind) folded before Flop
Seat 2: scandif (big blind) collected (30)



PokerStars Hand #242941923442: Tournament #3573572622, $0.92+$0.08 USD Hold'em No Limit - Level III (20/40) - 2023/04/07 16:28:59 CET [2023/04/07 10:28:59 ET]
Table '3573572622 1' 3-max Seat #2 is the button
Seat 1: Mahu2021 (890 in chips) 
Seat 2: scandif (610 in chips) 
scandif: posts small blind 20
Mahu2021: posts big blind 40
*** HOLE CARDS ***
Dealt to Mahu2021 [9d 2s]
scandif: calls 20
Mahu2021: checks 
*** FLOP *** [Jc Ts 4h]
Mahu2021: checks 
scandif: checks 
*** TURN *** [Jc Ts 4h] [Qh]
Mahu2021: bets 80
scandif: folds 
Uncalled bet (80) returned to Mahu2021
Mahu2021 collected 80 from pot
Mahu2021: doesn't show hand 
*** SUMMARY ***
Total pot 80 | Rake 0 
Board [Jc Ts 4h Qh]
Seat 1: Mahu2021 (big blind) collected (80)
Seat 2: scandif (button) (small blind) folded on the Turn



PokerStars Hand #242941927353: Tournament #3573572622, $0.92+$0.08 USD Hold'em No Limit - Level III (20/40) - 2023/04/07 16:29:13 CET [2023/04/07 10:29:13 ET]
Table '3573572622 1' 3-max Seat #1 is the button
Seat 1: Mahu2021 (930 in chips) 
Seat 2: scandif (570 in chips) 
Mahu2021: posts small blind 20
scandif: posts big blind 40
*** HOLE CARDS ***
Dealt to Mahu2021 [9d Jh]
Mahu2021: raises 40 to 80
scandif: folds 
Uncalled bet (40) returned to Mahu2021
Mahu2021 collected 80 from pot
Mahu2021: doesn't show hand 
*** SUMMARY ***
Total pot 80 | Rake 0 
Seat 1: Mahu2021 (button) (small blind) collected (80)
Seat 2: scandif (big blind) folded before Flop



PokerStars Hand #242941929643: Tournament #3573572622, $0.92+$0.08 USD Hold'em No Limit - Level III (20/40) - 2023/04/07 16:29:22 CET [2023/04/07 10:29:22 ET]
Table '3573572622 1' 3-max Seat #2 is the button
Seat 1: Mahu2021 (970 in chips) 
Seat 2: scandif (530 in chips) 
scandif: posts small blind 20
Mahu2021: posts big blind 40
*** HOLE CARDS ***
Dealt to Mahu2021 [2c Kh]
scandif: raises 120 to 160
Mahu2021: folds 
Uncalled bet (120) returned to scandif
scandif collected 80 from pot
scandif: doesn't show hand 
*** SUMMARY ***
Total pot 80 | Rake 0 
Seat 1: Mahu2021 (big blind) folded before Flop
Seat 2: scandif (button) (small blind) collected (80)



PokerStars Hand #242941932599: Tournament #3573572622, $0.92+$0.08 USD Hold'em No Limit - Level III (20/40) - 2023/04/07 16:29:33 CET [2023/04/07 10:29:33 ET]
Table '3573572622 1' 3-max Seat #1 is the button
Seat 1: Mahu2021 (930 in chips) 
Seat 2: scandif (570 in chips) 
Mahu2021: posts small blind 20
scandif: posts big blind 40
*** HOLE CARDS ***
Dealt to Mahu2021 [Ah 7s]
Mahu2021: calls 20
scandif: checks 
*** FLOP *** [6c Qs Qh]
scandif: checks 
Mahu2021: bets 40
scandif: calls 40
*** TURN *** [6c Qs Qh] [Ad]
scandif: checks 
Mahu2021: checks 
*** RIVER *** [6c Qs Qh Ad] [4h]
scandif: checks 
Mahu2021: bets 80
scandif: folds 
Uncalled bet (80) returned to Mahu2021
Mahu2021 collected 160 from pot
Mahu2021: doesn't show hand 
*** SUMMARY ***
Total pot 160 | Rake 0 
Board [6c Qs Qh Ad 4h]
Seat 1: Mahu2021 (button) (small blind) collected (160)
Seat 2: scandif (big blind) folded on the River



PokerStars Hand #242941941096: Tournament #3573572622, $0.92+$0.08 USD Hold'em No Limit - Level III (20/40) - 2023/04/07 16:30:04 CET [2023/04/07 10:30:04 ET]
Table '3573572622 1' 3-max Seat #2 is the button
Seat 1: Mahu2021 (1010 in chips) 
Seat 2: scandif (490 in chips) 
scandif: posts small blind 20
Mahu2021: posts big blind 40
*** HOLE CARDS ***
Dealt to Mahu2021 [2d Jc]
scandif: folds 
Uncalled bet (20) returned to Mahu2021
Mahu2021 collected 40 from pot
Mahu2021: doesn't show hand 
*** SUMMARY ***
Total pot 40 | Rake 0 
Seat 1: Mahu2021 (big blind) collected (40)
Seat 2: scandif (button) (small blind) folded before Flop



PokerStars Hand #242941942771: Tournament #3573572622, $0.92+$0.08 USD Hold'em No Limit - Level III (20/40) - 2023/04/07 16:30:10 CET [2023/04/07 10:30:10 ET]
Table '3573572622 1' 3-max Seat #1 is the button
Seat 1: Mahu2021 (1030 in chips) 
Seat 2: scandif (470 in chips) 
Mahu2021: posts small blind 20
scandif: posts big blind 40
*** HOLE CARDS ***
Dealt to Mahu2021 [Qd Tc]
Mahu2021: raises 40 to 80
scandif: folds 
Uncalled bet (40) returned to Mahu2021
Mahu2021 collected 80 from pot
Mahu2021: doesn't show hand 
*** SUMMARY ***
Total pot 80 | Rake 0 
Seat 1: Mahu2021 (button) (small blind) collected (80)
Seat 2: scandif (big blind) folded before Flop



PokerStars Hand #242941944735: Tournament #3573572622, $0.92+$0.08 USD Hold'em No Limit - Level III (20/40) - 2023/04/07 16:30:16 CET [2023/04/07 10:30:16 ET]
Table '3573572622 1' 3-max Seat #2 is the button
Seat 1: Mahu2021 (1070 in chips) 
Seat 2: scandif (430 in chips) 
scandif: posts small blind 20
Mahu2021: posts big blind 40
*** HOLE CARDS ***
Dealt to Mahu2021 [Ah Ts]
scandif: folds 
Uncalled bet (20) returned to Mahu2021
Mahu2021 collected 40 from pot
Mahu2021: doesn't show hand 
*** SUMMARY ***
Total pot 40 | Rake 0 
Seat 1: Mahu2021 (big blind) collected (40)
Seat 2: scandif (button) (small blind) folded before Flop



PokerStars Hand #242941946415: Tournament #3573572622, $0.92+$0.08 USD Hold'em No Limit - Level III (20/40) - 2023/04/07 16:30:22 CET [2023/04/07 10:30:22 ET]
Table '3573572622 1' 3-max Seat #1 is the button
Seat 1: Mahu2021 (1090 in chips) 
Seat 2: scandif (410 in chips) 
Mahu2021: posts small blind 20
scandif: posts big blind 40
*** HOLE CARDS ***
Dealt to Mahu2021 [2s Qc]
Mahu2021: calls 20
scandif: checks 
*** FLOP *** [9d Kc 3d]
scandif: checks 
Mahu2021: checks 
*** TURN *** [9d Kc 3d] [Jd]
scandif: checks 
Mahu2021: checks 
*** RIVER *** [9d Kc 3d Jd] [Ks]
scandif: checks 
Mahu2021: checks 
*** SHOW DOWN ***
scandif: shows [2h 8s] (a pair of Kings)
Mahu2021: shows [2s Qc] (a pair of Kings - Queen kicker)
Mahu2021 collected 80 from pot
*** SUMMARY ***
Total pot 80 | Rake 0 
Board [9d Kc 3d Jd Ks]
Seat 1: Mahu2021 (button) (small blind) showed [2s Qc] and won (80) with a pair of Kings
Seat 2: scandif (big blind) showed [2h 8s] and lost with a pair of Kings



PokerStars Hand #242941951757: Tournament #3573572622, $0.92+$0.08 USD Hold'em No Limit - Level III (20/40) - 2023/04/07 16:30:42 CET [2023/04/07 10:30:42 ET]
Table '3573572622 1' 3-max Seat #2 is the button
Seat 1: Mahu2021 (1130 in chips) 
Seat 2: scandif (370 in chips) 
scandif: posts small blind 20
Mahu2021: posts big blind 40
*** HOLE CARDS ***
Dealt to Mahu2021 [6s 4c]
scandif: folds 
Uncalled bet (20) returned to Mahu2021
Mahu2021 collected 40 from pot
Mahu2021: doesn't show hand 
*** SUMMARY ***
Total pot 40 | Rake 0 
Seat 1: Mahu2021 (big blind) collected (40)
Seat 2: scandif (button) (small blind) folded before Flop



PokerStars Hand #242941952975: Tournament #3573572622, $0.92+$0.08 USD Hold'em No Limit - Level III (20/40) - 2023/04/07 16:30:47 CET [2023/04/07 10:30:47 ET]
Table '3573572622 1' 3-max Seat #1 is the button
Seat 1: Mahu2021 (1150 in chips) 
Seat 2: scandif (350 in chips) 
Mahu2021: posts small blind 20
scandif: posts big blind 40
*** HOLE CARDS ***
Dealt to Mahu2021 [Qh 8d]
Mahu2021: raises 40 to 80
scandif: calls 40
*** FLOP *** [4s Ad 3d]
scandif: checks 
Mahu2021: checks 
*** TURN *** [4s Ad 3d] [5h]
scandif: checks 
Mahu2021: checks 
*** RIVER *** [4s Ad 3d 5h] [6h]
scandif: checks 
Mahu2021: checks 
*** SHOW DOWN ***
scandif: shows [Ks 8s] (high card Ace)
Mahu2021: mucks hand 
scandif collected 160 from pot
*** SUMMARY ***
Total pot 160 | Rake 0 
Board [4s Ad 3d 5h 6h]
Seat 1: Mahu2021 (button) (small blind) mucked [Qh 8d]
Seat 2: scandif (big blind) showed [Ks 8s] and won (160) with high card Ace



PokerStars Hand #242941957204: Tournament #3573572622, $0.92+$0.08 USD Hold'em No Limit - Level III (20/40) - 2023/04/07 16:31:02 CET [2023/04/07 10:31:02 ET]
Table '3573572622 1' 3-max Seat #2 is the button
Seat 1: Mahu2021 (1070 in chips) 
Seat 2: scandif (430 in chips) 
scandif: posts small blind 20
Mahu2021: posts big blind 40
*** HOLE CARDS ***
Dealt to Mahu2021 [Qh 4c]
scandif: folds 
Uncalled bet (20) returned to Mahu2021
Mahu2021 collected 40 from pot
Mahu2021: doesn't show hand 
*** SUMMARY ***
Total pot 40 | Rake 0 
Seat 1: Mahu2021 (big blind) collected (40)
Seat 2: scandif (button) (small blind) folded before Flop



PokerStars Hand #242941958450: Tournament #3573572622, $0.92+$0.08 USD Hold'em No Limit - Level III (20/40) - 2023/04/07 16:31:06 CET [2023/04/07 10:31:06 ET]
Table '3573572622 1' 3-max Seat #1 is the button
Seat 1: Mahu2021 (1090 in chips) 
Seat 2: scandif (410 in chips) 
Mahu2021: posts small blind 20
scandif: posts big blind 40
*** HOLE CARDS ***
Dealt to Mahu2021 [8s Kd]
Mahu2021: raises 40 to 80
scandif: folds 
Uncalled bet (40) returned to Mahu2021
Mahu2021 collected 80 from pot
Mahu2021: doesn't show hand 
*** SUMMARY ***
Total pot 80 | Rake 0 
Seat 1: Mahu2021 (button) (small blind) collected (80)
Seat 2: scandif (big blind) folded before Flop



PokerStars Hand #242941960367: Tournament #3573572622, $0.92+$0.08 USD Hold'em No Limit - Level III (20/40) - 2023/04/07 16:31:13 CET [2023/04/07 10:31:13 ET]
Table '3573572622 1' 3-max Seat #2 is the button
Seat 1: Mahu2021 (1130 in chips) 
Seat 2: scandif (370 in chips) 
scandif: posts small blind 20
Mahu2021: posts big blind 40
*** HOLE CARDS ***
Dealt to Mahu2021 [Th Td]
scandif: folds 
Uncalled bet (20) returned to Mahu2021
Mahu2021 collected 40 from pot
Mahu2021: doesn't show hand 
*** SUMMARY ***
Total pot 40 | Rake 0 
Seat 1: Mahu2021 (big blind) collected (40)
Seat 2: scandif (button) (small blind) folded before Flop



PokerStars Hand #242941961679: Tournament #3573572622, $0.92+$0.08 USD Hold'em No Limit - Level III (20/40) - 2023/04/07 16:31:18 CET [2023/04/07 10:31:18 ET]
Table '3573572622 1' 3-max Seat #1 is the button
Seat 1: Mahu2021 (1150 in chips) 
Seat 2: scandif (350 in chips) 
Mahu2021: posts small blind 20
scandif: posts big blind 40
*** HOLE CARDS ***
Dealt to Mahu2021 [5h 9h]
Mahu2021: calls 20
scandif: checks 
*** FLOP *** [5c 5d 9s]
scandif: checks 
Mahu2021: checks 
*** TURN *** [5c 5d 9s] [9c]
scandif: checks 
Mahu2021: checks 
*** RIVER *** [5c 5d 9s 9c] [7h]
scandif: checks 
Mahu2021: bets 80
scandif: calls 80
*** SHOW DOWN ***
Mahu2021: shows [5h 9h] (a full house, Nines full of Fives)
scandif: mucks hand 
Mahu2021 collected 240 from pot
*** SUMMARY ***
Total pot 240 | Rake 0 
Board [5c 5d 9s 9c 7h]
Seat 1: Mahu2021 (button) (small blind) showed [5h 9h] and won (240) with a full house, Nines full of Fives
Seat 2: scandif (big blind) mucked [4s Kd]



PokerStars Hand #242941967285: Tournament #3573572622, $0.92+$0.08 USD Hold'em No Limit - Level III (20/40) - 2023/04/07 16:31:39 CET [2023/04/07 10:31:39 ET]
Table '3573572622 1' 3-max Seat #2 is the button
Seat 1: Mahu2021 (1270 in chips) 
Seat 2: scandif (230 in chips) 
scandif: posts small blind 20
Mahu2021: posts big blind 40
*** HOLE CARDS ***
Dealt to Mahu2021 [Qc 7c]
scandif: calls 20
Mahu2021: checks 
*** FLOP *** [7d Qh As]
Mahu2021: checks 
scandif: bets 40
Mahu2021: raises 1190 to 1230 and is all-in
scandif: folds 
Uncalled bet (1190) returned to Mahu2021
Mahu2021 collected 160 from pot
Mahu2021: doesn't show hand 
*** SUMMARY ***
Total pot 160 | Rake 0 
Board [7d Qh As]
Seat 1: Mahu2021 (big blind) collected (160)
Seat 2: scandif (button) (small blind) folded on the Flop



PokerStars Hand #242941972800: Tournament #3573572622, $0.92+$0.08 USD Hold'em No Limit - Level IV (30/60) - 2023/04/07 16:31:59 CET [2023/04/07 10:31:59 ET]
Table '3573572622 1' 3-max Seat #1 is the button
Seat 1: Mahu2021 (1350 in chips) 
Seat 2: scandif (150 in chips) 
Mahu2021: posts small blind 30
scandif: posts big blind 60
*** HOLE CARDS ***
Dealt to Mahu2021 [8c Jc]
Mahu2021: raises 1290 to 1350 and is all-in
scandif: calls 90 and is all-in
Uncalled bet (1200) returned to Mahu2021
*** FLOP *** [Qd 6c 3s]
*** TURN *** [Qd 6c 3s] [Js]
*** RIVER *** [Qd 6c 3s Js] [6h]
*** SHOW DOWN ***
scandif: shows [Qs Jh] (two pair, Queens and Jacks)
Mahu2021: shows [8c Jc] (two pair, Jacks and Sixes)
scandif collected 300 from pot
*** SUMMARY ***
Total pot 300 | Rake 0 
Board [Qd 6c 3s Js 6h]
Seat 1: Mahu2021 (button) (small blind) showed [8c Jc] and lost with two pair, Jacks and Sixes
Seat 2: scandif (big blind) showed [Qs Jh] and won (300) with two pair, Queens and Jacks



PokerStars Hand #242941976274: Tournament #3573572622, $0.92+$0.08 USD Hold'em No Limit - Level IV (30/60) - 2023/04/07 16:32:12 CET [2023/04/07 10:32:12 ET]
Table '3573572622 1' 3-max Seat #2 is the button
Seat 1: Mahu2021 (1200 in chips) 
Seat 2: scandif (300 in chips) 
scandif: posts small blind 30
Mahu2021: posts big blind 60
*** HOLE CARDS ***
Dealt to Mahu2021 [8s Ah]
scandif: folds 
Uncalled bet (30) returned to Mahu2021
Mahu2021 collected 60 from pot
Mahu2021: doesn't show hand 
*** SUMMARY ***
Total pot 60 | Rake 0 
Seat 1: Mahu2021 (big blind) collected (60)
Seat 2: scandif (button) (small blind) folded before Flop



PokerStars Hand #242941977480: Tournament #3573572622, $0.92+$0.08 USD Hold'em No Limit - Level IV (30/60) - 2023/04/07 16:32:16 CET [2023/04/07 10:32:16 ET]
Table '3573572622 1' 3-max Seat #1 is the button
Seat 1: Mahu2021 (1230 in chips) 
Seat 2: scandif (270 in chips) 
Mahu2021: posts small blind 30
scandif: posts big blind 60
*** HOLE CARDS ***
Dealt to Mahu2021 [8s 7c]
Mahu2021: calls 30
scandif: checks 
*** FLOP *** [Ad 8h 2c]
scandif: checks 
Mahu2021: bets 60
scandif: calls 60
*** TURN *** [Ad 8h 2c] [9d]
scandif: checks 
Mahu2021: checks 
*** RIVER *** [Ad 8h 2c 9d] [6c]
scandif: bets 150 and is all-in
Mahu2021: folds 
Uncalled bet (150) returned to scandif
scandif collected 240 from pot
scandif: doesn't show hand 
*** SUMMARY ***
Total pot 240 | Rake 0 
Board [Ad 8h 2c 9d 6c]
Seat 1: Mahu2021 (button) (small blind) folded on the River
Seat 2: scandif (big blind) collected (240)



PokerStars Hand #242941982908: Tournament #3573572622, $0.92+$0.08 USD Hold'em No Limit - Level IV (30/60) - 2023/04/07 16:32:36 CET [2023/04/07 10:32:36 ET]
Table '3573572622 1' 3-max Seat #2 is the button
Seat 1: Mahu2021 (1110 in chips) 
Seat 2: scandif (390 in chips) 
scandif: posts small blind 30
Mahu2021: posts big blind 60
*** HOLE CARDS ***
Dealt to Mahu2021 [9h 8c]
scandif: calls 30
Mahu2021: checks 
*** FLOP *** [3c Th Jh]
Mahu2021: bets 60
scandif: folds 
Uncalled bet (60) returned to Mahu2021
Mahu2021 collected 120 from pot
Mahu2021: doesn't show hand 
*** SUMMARY ***
Total pot 120 | Rake 0 
Board [3c Th Jh]
Seat 1: Mahu2021 (big blind) collected (120)
Seat 2: scandif (button) (small blind) folded on the Flop



PokerStars Hand #242941986199: Tournament #3573572622, $0.92+$0.08 USD Hold'em No Limit - Level IV (30/60) - 2023/04/07 16:32:48 CET [2023/04/07 10:32:48 ET]
Table '3573572622 1' 3-max Seat #1 is the button
Seat 1: Mahu2021 (1170 in chips) 
Seat 2: scandif (330 in chips) 
Mahu2021: posts small blind 30
scandif: posts big blind 60
*** HOLE CARDS ***
Dealt to Mahu2021 [Ah Ac]
Mahu2021: calls 30
scandif: checks 
*** FLOP *** [Kh 7c 7d]
scandif: checks 
Mahu2021: bets 60
scandif: folds 
Uncalled bet (60) returned to Mahu2021
Mahu2021 collected 120 from pot
Mahu2021: doesn't show hand 
*** SUMMARY ***
Total pot 120 | Rake 0 
Board [Kh 7c 7d]
Seat 1: Mahu2021 (button) (small blind) collected (120)
Seat 2: scandif (big blind) folded on the Flop



PokerStars Hand #242941989912: Tournament #3573572622, $0.92+$0.08 USD Hold'em No Limit - Level IV (30/60) - 2023/04/07 16:33:01 CET [2023/04/07 10:33:01 ET]
Table '3573572622 1' 3-max Seat #2 is the button
Seat 1: Mahu2021 (1230 in chips) 
Seat 2: scandif (270 in chips) 
scandif: posts small blind 30
Mahu2021: posts big blind 60
*** HOLE CARDS ***
Dealt to Mahu2021 [Ks 7h]
scandif: calls 30
Mahu2021: raises 1170 to 1230 and is all-in
scandif: calls 210 and is all-in
Uncalled bet (960) returned to Mahu2021
*** FLOP *** [Th 4h Kd]
*** TURN *** [Th 4h Kd] [Jc]
*** RIVER *** [Th 4h Kd Jc] [8d]
*** SHOW DOWN ***
Mahu2021: shows [Ks 7h] (a pair of Kings)
scandif: shows [Jd Qc] (a pair of Jacks)
Mahu2021 collected 540 from pot
scandif finished the tournament in 2nd place
Mahu2021 wins the tournament and receives $5.00 - congratulations!
*** SUMMARY ***
Total pot 540 | Rake 0 
Board [Th 4h Kd Jc 8d]
Seat 1: Mahu2021 (big blind) showed [Ks 7h] and won (540) with a pair of Kings
Seat 2: scandif (button) (small blind) showed [Jd Qc] and lost with a pair of Jacks



