PokerStars Hand #253358384992: Tournament #3822478872, $4.60+$0.40 USD Hold'em No Limit - Level I (10/20) - 2024/11/11 16:45:06 CET [2024/11/11 10:45:06 ET]
Table '3822478872 1' 3-max Seat #1 is the button
Seat 1: samimi222 (500 in chips) 
Seat 2: Mahu2021 (500 in chips) 
Seat 3: bodyforeve23 (500 in chips) 
Mahu2021: posts small blind 10
bodyforeve23: posts big blind 20
*** HOLE CARDS ***
Dealt to Mahu2021 [3h Th]
samimi222: calls 20
Mahu2021: calls 10
bodyforeve23: raises 480 to 500 and is all-in
samimi222: folds 
Mahu2021: folds 
Uncalled bet (480) returned to bodyforeve23
bodyforeve23 collected 60 from pot
*** SUMMARY ***
Total pot 60 | Rake 0 
Seat 1: samimi222 (button) folded before Flop
Seat 2: Mahu2021 (small blind) folded before Flop
Seat 3: bodyforeve23 (big blind) collected (60)



PokerStars Hand #253358387367: Tournament #3822478872, $4.60+$0.40 USD Hold'em No Limit - Level I (10/20) - 2024/11/11 16:45:17 CET [2024/11/11 10:45:17 ET]
Table '3822478872 1' 3-max Seat #2 is the button
Seat 1: samimi222 (480 in chips) 
Seat 2: Mahu2021 (480 in chips) 
Seat 3: bodyforeve23 (540 in chips) 
bodyforeve23: posts small blind 10
samimi222: posts big blind 20
*** HOLE CARDS ***
Dealt to Mahu2021 [5c Ks]
Mahu2021: folds 
bodyforeve23: folds 
Uncalled bet (10) returned to samimi222
samimi222 collected 20 from pot
*** SUMMARY ***
Total pot 20 | Rake 0 
Seat 1: samimi222 (big blind) collected (20)
Seat 2: Mahu2021 (button) folded before Flop (didn't bet)
Seat 3: bodyforeve23 (small blind) folded before Flop



PokerStars Hand #253358388658: Tournament #3822478872, $4.60+$0.40 USD Hold'em No Limit - Level I (10/20) - 2024/11/11 16:45:23 CET [2024/11/11 10:45:23 ET]
Table '3822478872 1' 3-max Seat #3 is the button
Seat 1: samimi222 (490 in chips) 
Seat 2: Mahu2021 (480 in chips) 
Seat 3: bodyforeve23 (530 in chips) 
samimi222: posts small blind 10
Mahu2021: posts big blind 20
*** HOLE CARDS ***
Dealt to Mahu2021 [5h 9c]
bodyforeve23: calls 20
samimi222: calls 10
Mahu2021: checks 
*** FLOP *** [8c Ks 3h]
samimi222: checks 
Mahu2021: checks 
bodyforeve23: checks 
*** TURN *** [8c Ks 3h] [9d]
samimi222: bets 40
Mahu2021: calls 40
bodyforeve23: folds 
*** RIVER *** [8c Ks 3h 9d] [2c]
samimi222: bets 60
Mahu2021: calls 60
*** SHOW DOWN ***
samimi222: shows [Kc Jd] (a pair of Kings)
Mahu2021: mucks hand 
samimi222 collected 260 from pot
*** SUMMARY ***
Total pot 260 | Rake 0 
Board [8c Ks 3h 9d 2c]
Seat 1: samimi222 (small blind) showed [Kc Jd] and won (260) with a pair of Kings
Seat 2: Mahu2021 (big blind) mucked [5h 9c]
Seat 3: bodyforeve23 (button) folded on the Turn



PokerStars Hand #253358392564: Tournament #3822478872, $4.60+$0.40 USD Hold'em No Limit - Level I (10/20) - 2024/11/11 16:45:42 CET [2024/11/11 10:45:42 ET]
Table '3822478872 1' 3-max Seat #1 is the button
Seat 1: samimi222 (630 in chips) 
Seat 2: Mahu2021 (360 in chips) 
Seat 3: bodyforeve23 (510 in chips) 
Mahu2021: posts small blind 10
bodyforeve23: posts big blind 20
*** HOLE CARDS ***
Dealt to Mahu2021 [5c 8s]
samimi222: calls 20
Mahu2021: folds 
bodyforeve23: raises 60 to 80
samimi222: calls 60
*** FLOP *** [Kc 9h Ad]
bodyforeve23: bets 60
samimi222: calls 60
*** TURN *** [Kc 9h Ad] [3h]
bodyforeve23: bets 370 and is all-in
samimi222: calls 370
*** RIVER *** [Kc 9h Ad 3h] [2h]
*** SHOW DOWN ***
bodyforeve23: shows [Jd Ks] (a pair of Kings)
samimi222: shows [3s Ac] (two pair, Aces and Threes)
samimi222 collected 1030 from pot
bodyforeve23 finished the tournament in 3rd place
*** SUMMARY ***
Total pot 1030 | Rake 0 
Board [Kc 9h Ad 3h 2h]
Seat 1: samimi222 (button) showed [3s Ac] and won (1030) with two pair, Aces and Threes
Seat 2: Mahu2021 (small blind) folded before Flop
Seat 3: bodyforeve23 (big blind) showed [Jd Ks] and lost with a pair of Kings



PokerStars Hand #253358398341: Tournament #3822478872, $4.60+$0.40 USD Hold'em No Limit - Level I (10/20) - 2024/11/11 16:46:09 CET [2024/11/11 10:46:09 ET]
Table '3822478872 1' 3-max Seat #2 is the button
Seat 1: samimi222 (1150 in chips) 
Seat 2: Mahu2021 (350 in chips) 
Mahu2021: posts small blind 10
samimi222: posts big blind 20
*** HOLE CARDS ***
Dealt to Mahu2021 [Ts 5d]
Mahu2021: folds 
Uncalled bet (10) returned to samimi222
samimi222 collected 20 from pot
*** SUMMARY ***
Total pot 20 | Rake 0 
Seat 1: samimi222 (big blind) collected (20)
Seat 2: Mahu2021 (button) (small blind) folded before Flop



PokerStars Hand #253358399254: Tournament #3822478872, $4.60+$0.40 USD Hold'em No Limit - Level I (10/20) - 2024/11/11 16:46:13 CET [2024/11/11 10:46:13 ET]
Table '3822478872 1' 3-max Seat #1 is the button
Seat 1: samimi222 (1160 in chips) 
Seat 2: Mahu2021 (340 in chips) 
samimi222: posts small blind 10
Mahu2021: posts big blind 20
*** HOLE CARDS ***
Dealt to Mahu2021 [9c Kh]
samimi222: raises 20 to 40
Mahu2021: calls 20
*** FLOP *** [2s Jc 4c]
Mahu2021: checks 
samimi222: bets 40
Mahu2021: calls 40
*** TURN *** [2s Jc 4c] [6c]
Mahu2021: checks 
samimi222: bets 160
Mahu2021: calls 160
*** RIVER *** [2s Jc 4c 6c] [Ah]
Mahu2021: checks 
samimi222: checks 
*** SHOW DOWN ***
Mahu2021: shows [9c Kh] (high card Ace)
samimi222: shows [Ts Js] (a pair of Jacks)
samimi222 collected 480 from pot
*** SUMMARY ***
Total pot 480 | Rake 0 
Board [2s Jc 4c 6c Ah]
Seat 1: samimi222 (button) (small blind) showed [Ts Js] and won (480) with a pair of Jacks
Seat 2: Mahu2021 (big blind) showed [9c Kh] and lost with high card Ace



PokerStars Hand #253358403250: Tournament #3822478872, $4.60+$0.40 USD Hold'em No Limit - Level I (10/20) - 2024/11/11 16:46:32 CET [2024/11/11 10:46:32 ET]
Table '3822478872 1' 3-max Seat #2 is the button
Seat 1: samimi222 (1400 in chips) 
Seat 2: Mahu2021 (100 in chips) 
Mahu2021: posts small blind 10
samimi222: posts big blind 20
*** HOLE CARDS ***
Dealt to Mahu2021 [2c Tc]
Mahu2021: folds 
Uncalled bet (10) returned to samimi222
samimi222 collected 20 from pot
*** SUMMARY ***
Total pot 20 | Rake 0 
Seat 1: samimi222 (big blind) collected (20)
Seat 2: Mahu2021 (button) (small blind) folded before Flop



PokerStars Hand #253358404172: Tournament #3822478872, $4.60+$0.40 USD Hold'em No Limit - Level I (10/20) - 2024/11/11 16:46:36 CET [2024/11/11 10:46:36 ET]
Table '3822478872 1' 3-max Seat #1 is the button
Seat 1: samimi222 (1410 in chips) 
Seat 2: Mahu2021 (90 in chips) 
samimi222: posts small blind 10
Mahu2021: posts big blind 20
*** HOLE CARDS ***
Dealt to Mahu2021 [Tc Qc]
samimi222: raises 1390 to 1410 and is all-in
Mahu2021: calls 70 and is all-in
Uncalled bet (1320) returned to samimi222
*** FLOP *** [Qh 6s 6h]
*** TURN *** [Qh 6s 6h] [5d]
*** RIVER *** [Qh 6s 6h 5d] [3d]
*** SHOW DOWN ***
Mahu2021: shows [Tc Qc] (two pair, Queens and Sixes)
samimi222: shows [Kc 6c] (three of a kind, Sixes)
samimi222 collected 180 from pot
Mahu2021 finished the tournament in 2nd place
samimi222 wins the tournament and receives $10.00 - congratulations!
*** SUMMARY ***
Total pot 180 | Rake 0 
Board [Qh 6s 6h 5d 3d]
Seat 1: samimi222 (button) (small blind) showed [Kc 6c] and won (180) with three of a kind, Sixes
Seat 2: Mahu2021 (big blind) showed [Tc Qc] and lost with two pair, Queens and Sixes



