PokerStars Hand #253681245119: Tournament #3829913798, $1.84+$0.16 USD Hold'em No Limit - Level I (10/20) - 2024/12/03 9:51:10 CET [2024/12/03 3:51:10 ET]
Table '3829913798 1' 3-max Seat #1 is the button
Seat 1: cabre03 (500 in chips) 
Seat 2: Mahu2021 (500 in chips) 
Seat 3: jynxz027 (500 in chips) 
Mahu2021: posts small blind 10
jynxz027: posts big blind 20
*** HOLE CARDS ***
Dealt to Mahu2021 [3c Tc]
cabre03: raises 20 to 40
Mahu2021: folds 
jynxz027: folds 
Uncalled bet (20) returned to cabre03
cabre03 collected 50 from pot
cabre03: doesn't show hand 
*** SUMMARY ***
Total pot 50 | Rake 0 
Seat 1: cabre03 (button) collected (50)
Seat 2: Mahu2021 (small blind) folded before Flop
Seat 3: jynxz027 (big blind) folded before Flop



PokerStars Hand #253681245625: Tournament #3829913798, $1.84+$0.16 USD Hold'em No Limit - Level I (10/20) - 2024/12/03 9:51:16 CET [2024/12/03 3:51:16 ET]
Table '3829913798 1' 3-max Seat #2 is the button
Seat 1: cabre03 (530 in chips) 
Seat 2: Mahu2021 (490 in chips) 
Seat 3: jynxz027 (480 in chips) 
jynxz027: posts small blind 10
cabre03: posts big blind 20
*** HOLE CARDS ***
Dealt to Mahu2021 [Th Ts]
Mahu2021: raises 470 to 490 and is all-in
jynxz027: folds 
cabre03: folds 
Uncalled bet (470) returned to Mahu2021
Mahu2021 collected 50 from pot
Mahu2021: doesn't show hand 
*** SUMMARY ***
Total pot 50 | Rake 0 
Seat 1: cabre03 (big blind) folded before Flop
Seat 2: Mahu2021 (button) collected (50)
Seat 3: jynxz027 (small blind) folded before Flop



PokerStars Hand #253681246439: Tournament #3829913798, $1.84+$0.16 USD Hold'em No Limit - Level I (10/20) - 2024/12/03 9:51:27 CET [2024/12/03 3:51:27 ET]
Table '3829913798 1' 3-max Seat #3 is the button
Seat 1: cabre03 (510 in chips) 
Seat 2: Mahu2021 (520 in chips) 
Seat 3: jynxz027 (470 in chips) 
cabre03: posts small blind 10
Mahu2021: posts big blind 20
*** HOLE CARDS ***
Dealt to Mahu2021 [8d 4d]
jynxz027: raises 20 to 40
cabre03: folds 
Mahu2021: calls 20
*** FLOP *** [2s Qc 8c]
Mahu2021: checks 
jynxz027: checks 
*** TURN *** [2s Qc 8c] [8h]
Mahu2021: checks 
jynxz027: bets 60
Mahu2021: calls 60
*** RIVER *** [2s Qc 8c 8h] [Tc]
Mahu2021: bets 210
jynxz027: folds 
Uncalled bet (210) returned to Mahu2021
Mahu2021 collected 210 from pot
Mahu2021: doesn't show hand 
*** SUMMARY ***
Total pot 210 | Rake 0 
Board [2s Qc 8c 8h Tc]
Seat 1: cabre03 (small blind) folded before Flop
Seat 2: Mahu2021 (big blind) collected (210)
Seat 3: jynxz027 (button) folded on the River



PokerStars Hand #253681248888: Tournament #3829913798, $1.84+$0.16 USD Hold'em No Limit - Level I (10/20) - 2024/12/03 9:51:58 CET [2024/12/03 3:51:58 ET]
Table '3829913798 1' 3-max Seat #1 is the button
Seat 1: cabre03 (500 in chips) 
Seat 2: Mahu2021 (630 in chips) 
Seat 3: jynxz027 (370 in chips) 
Mahu2021: posts small blind 10
jynxz027: posts big blind 20
*** HOLE CARDS ***
Dealt to Mahu2021 [9s Qh]
cabre03: folds 
Mahu2021: folds 
Uncalled bet (10) returned to jynxz027
jynxz027 collected 20 from pot
jynxz027: doesn't show hand 
*** SUMMARY ***
Total pot 20 | Rake 0 
Seat 1: cabre03 (button) folded before Flop (didn't bet)
Seat 2: Mahu2021 (small blind) folded before Flop
Seat 3: jynxz027 (big blind) collected (20)



PokerStars Hand #253681249308: Tournament #3829913798, $1.84+$0.16 USD Hold'em No Limit - Level I (10/20) - 2024/12/03 9:52:03 CET [2024/12/03 3:52:03 ET]
Table '3829913798 1' 3-max Seat #2 is the button
Seat 1: cabre03 (500 in chips) 
Seat 2: Mahu2021 (620 in chips) 
Seat 3: jynxz027 (380 in chips) 
jynxz027: posts small blind 10
cabre03: posts big blind 20
*** HOLE CARDS ***
Dealt to Mahu2021 [3c 4h]
Mahu2021: folds 
jynxz027: raises 20 to 40
cabre03: raises 460 to 500 and is all-in
jynxz027: calls 340 and is all-in
Uncalled bet (120) returned to cabre03
*** FLOP *** [9h Td 5h]
*** TURN *** [9h Td 5h] [Qc]
*** RIVER *** [9h Td 5h Qc] [Ac]
*** SHOW DOWN ***
jynxz027: shows [Tc Th] (three of a kind, Tens)
cabre03: shows [Ah Jh] (a pair of Aces)
jynxz027 collected 760 from pot
*** SUMMARY ***
Total pot 760 | Rake 0 
Board [9h Td 5h Qc Ac]
Seat 1: cabre03 (big blind) showed [Ah Jh] and lost with a pair of Aces
Seat 2: Mahu2021 (button) folded before Flop (didn't bet)
Seat 3: jynxz027 (small blind) showed [Tc Th] and won (760) with three of a kind, Tens



PokerStars Hand #253681250927: Tournament #3829913798, $1.84+$0.16 USD Hold'em No Limit - Level I (10/20) - 2024/12/03 9:52:23 CET [2024/12/03 3:52:23 ET]
Table '3829913798 1' 3-max Seat #3 is the button
Seat 1: cabre03 (120 in chips) 
Seat 2: Mahu2021 (620 in chips) 
Seat 3: jynxz027 (760 in chips) 
cabre03: posts small blind 10
Mahu2021: posts big blind 20
*** HOLE CARDS ***
Dealt to Mahu2021 [Kh 8d]
jynxz027: raises 20 to 40
cabre03: folds 
Mahu2021: calls 20
*** FLOP *** [4h Ks 3h]
Mahu2021: checks 
jynxz027: checks 
*** TURN *** [4h Ks 3h] [6s]
Mahu2021: bets 40
jynxz027: calls 40
*** RIVER *** [4h Ks 3h 6s] [2h]
Mahu2021: bets 40
jynxz027: folds 
Uncalled bet (40) returned to Mahu2021
Mahu2021 collected 170 from pot
Mahu2021: doesn't show hand 
*** SUMMARY ***
Total pot 170 | Rake 0 
Board [4h Ks 3h 6s 2h]
Seat 1: cabre03 (small blind) folded before Flop
Seat 2: Mahu2021 (big blind) collected (170)
Seat 3: jynxz027 (button) folded on the River



PokerStars Hand #253681252976: Tournament #3829913798, $1.84+$0.16 USD Hold'em No Limit - Level I (10/20) - 2024/12/03 9:52:49 CET [2024/12/03 3:52:49 ET]
Table '3829913798 1' 3-max Seat #1 is the button
Seat 1: cabre03 (110 in chips) 
Seat 2: Mahu2021 (710 in chips) 
Seat 3: jynxz027 (680 in chips) 
Mahu2021: posts small blind 10
jynxz027: posts big blind 20
*** HOLE CARDS ***
Dealt to Mahu2021 [6h 7c]
cabre03: folds 
Mahu2021: calls 10
jynxz027: checks 
*** FLOP *** [3d 9d Qs]
Mahu2021: checks 
jynxz027: checks 
*** TURN *** [3d 9d Qs] [Ah]
Mahu2021: checks 
jynxz027: checks 
*** RIVER *** [3d 9d Qs Ah] [8c]
Mahu2021: bets 20
jynxz027: folds 
Uncalled bet (20) returned to Mahu2021
Mahu2021 collected 40 from pot
Mahu2021: doesn't show hand 
*** SUMMARY ***
Total pot 40 | Rake 0 
Board [3d 9d Qs Ah 8c]
Seat 1: cabre03 (button) folded before Flop (didn't bet)
Seat 2: Mahu2021 (small blind) collected (40)
Seat 3: jynxz027 (big blind) folded on the River



PokerStars Hand #253681254636: Tournament #3829913798, $1.84+$0.16 USD Hold'em No Limit - Level I (10/20) - 2024/12/03 9:53:10 CET [2024/12/03 3:53:10 ET]
Table '3829913798 1' 3-max Seat #2 is the button
Seat 1: cabre03 (110 in chips) 
Seat 2: Mahu2021 (730 in chips) 
Seat 3: jynxz027 (660 in chips) 
jynxz027: posts small blind 10
cabre03: posts big blind 20
*** HOLE CARDS ***
Dealt to Mahu2021 [Js Qc]
Mahu2021: calls 20
jynxz027: calls 10
cabre03: raises 90 to 110 and is all-in
Mahu2021: calls 90
jynxz027: calls 90
*** FLOP *** [6c 9s 4h]
jynxz027: checks 
Mahu2021: checks 
*** TURN *** [6c 9s 4h] [7c]
jynxz027: checks 
Mahu2021: checks 
*** RIVER *** [6c 9s 4h 7c] [Qs]
jynxz027: checks 
Mahu2021: checks 
*** SHOW DOWN ***
jynxz027: shows [2c Kc] (high card King)
cabre03: shows [6s 6d] (three of a kind, Sixes)
Mahu2021: mucks hand 
cabre03 collected 330 from pot
*** SUMMARY ***
Total pot 330 | Rake 0 
Board [6c 9s 4h 7c Qs]
Seat 1: cabre03 (big blind) showed [6s 6d] and won (330) with three of a kind, Sixes
Seat 2: Mahu2021 (button) mucked [Js Qc]
Seat 3: jynxz027 (small blind) showed [2c Kc] and lost with high card King



PokerStars Hand #253681256609: Tournament #3829913798, $1.84+$0.16 USD Hold'em No Limit - Level I (10/20) - 2024/12/03 9:53:35 CET [2024/12/03 3:53:35 ET]
Table '3829913798 1' 3-max Seat #3 is the button
Seat 1: cabre03 (330 in chips) 
Seat 2: Mahu2021 (620 in chips) 
Seat 3: jynxz027 (550 in chips) 
cabre03: posts small blind 10
Mahu2021: posts big blind 20
*** HOLE CARDS ***
Dealt to Mahu2021 [Jd 6h]
jynxz027: folds 
cabre03: calls 10
Mahu2021: checks 
*** FLOP *** [3d Ac As]
cabre03: checks 
Mahu2021: checks 
*** TURN *** [3d Ac As] [4h]
cabre03: checks 
Mahu2021: checks 
*** RIVER *** [3d Ac As 4h] [2s]
cabre03: checks 
Mahu2021: checks 
*** SHOW DOWN ***
cabre03: shows [Kd 2h] (two pair, Aces and Deuces)
Mahu2021: mucks hand 
cabre03 collected 40 from pot
*** SUMMARY ***
Total pot 40 | Rake 0 
Board [3d Ac As 4h 2s]
Seat 1: cabre03 (small blind) showed [Kd 2h] and won (40) with two pair, Aces and Deuces
Seat 2: Mahu2021 (big blind) mucked [Jd 6h]
Seat 3: jynxz027 (button) folded before Flop (didn't bet)



PokerStars Hand #253681259717: Tournament #3829913798, $1.84+$0.16 USD Hold'em No Limit - Level II (15/30) - 2024/12/03 9:54:14 CET [2024/12/03 3:54:14 ET]
Table '3829913798 1' 3-max Seat #1 is the button
Seat 1: cabre03 (350 in chips) 
Seat 2: Mahu2021 (600 in chips) 
Seat 3: jynxz027 (550 in chips) 
Mahu2021: posts small blind 15
jynxz027: posts big blind 30
*** HOLE CARDS ***
Dealt to Mahu2021 [7c 2c]
cabre03: raises 320 to 350 and is all-in
Mahu2021: folds 
jynxz027: folds 
Uncalled bet (320) returned to cabre03
cabre03 collected 75 from pot
cabre03: doesn't show hand 
*** SUMMARY ***
Total pot 75 | Rake 0 
Seat 1: cabre03 (button) collected (75)
Seat 2: Mahu2021 (small blind) folded before Flop
Seat 3: jynxz027 (big blind) folded before Flop



PokerStars Hand #253681260310: Tournament #3829913798, $1.84+$0.16 USD Hold'em No Limit - Level II (15/30) - 2024/12/03 9:54:22 CET [2024/12/03 3:54:22 ET]
Table '3829913798 1' 3-max Seat #2 is the button
Seat 1: cabre03 (395 in chips) 
Seat 2: Mahu2021 (585 in chips) 
Seat 3: jynxz027 (520 in chips) 
jynxz027: posts small blind 15
cabre03: posts big blind 30
*** HOLE CARDS ***
Dealt to Mahu2021 [Th 4c]
Mahu2021: folds 
jynxz027: raises 30 to 60
cabre03: calls 30
*** FLOP *** [9s 8d Kd]
jynxz027: checks 
cabre03: checks 
*** TURN *** [9s 8d Kd] [9h]
jynxz027: bets 90
cabre03: folds 
Uncalled bet (90) returned to jynxz027
jynxz027 collected 120 from pot
jynxz027: doesn't show hand 
*** SUMMARY ***
Total pot 120 | Rake 0 
Board [9s 8d Kd 9h]
Seat 1: cabre03 (big blind) folded on the Turn
Seat 2: Mahu2021 (button) folded before Flop (didn't bet)
Seat 3: jynxz027 (small blind) collected (120)



PokerStars Hand #253681261799: Tournament #3829913798, $1.84+$0.16 USD Hold'em No Limit - Level II (15/30) - 2024/12/03 9:54:41 CET [2024/12/03 3:54:41 ET]
Table '3829913798 1' 3-max Seat #3 is the button
Seat 1: cabre03 (335 in chips) 
Seat 2: Mahu2021 (585 in chips) 
Seat 3: jynxz027 (580 in chips) 
cabre03: posts small blind 15
Mahu2021: posts big blind 30
*** HOLE CARDS ***
Dealt to Mahu2021 [2h 6h]
jynxz027: raises 30 to 60
cabre03: raises 275 to 335 and is all-in
Mahu2021: folds 
jynxz027: calls 275
*** FLOP *** [5h 2c Qd]
*** TURN *** [5h 2c Qd] [Qh]
*** RIVER *** [5h 2c Qd Qh] [2s]
*** SHOW DOWN ***
cabre03: shows [9d Kc] (two pair, Queens and Deuces)
jynxz027: shows [Ac Ks] (two pair, Queens and Deuces - Ace kicker)
jynxz027 collected 700 from pot
cabre03 finished the tournament in 3rd place
*** SUMMARY ***
Total pot 700 | Rake 0 
Board [5h 2c Qd Qh 2s]
Seat 1: cabre03 (small blind) showed [9d Kc] and lost with two pair, Queens and Deuces
Seat 2: Mahu2021 (big blind) folded before Flop
Seat 3: jynxz027 (button) showed [Ac Ks] and won (700) with two pair, Queens and Deuces



PokerStars Hand #253681263501: Tournament #3829913798, $1.84+$0.16 USD Hold'em No Limit - Level II (15/30) - 2024/12/03 9:55:02 CET [2024/12/03 3:55:02 ET]
Table '3829913798 1' 3-max Seat #2 is the button
Seat 2: Mahu2021 (555 in chips) 
Seat 3: jynxz027 (945 in chips) 
Mahu2021: posts small blind 15
jynxz027: posts big blind 30
*** HOLE CARDS ***
Dealt to Mahu2021 [3s Td]
Mahu2021: folds 
Uncalled bet (15) returned to jynxz027
jynxz027 collected 30 from pot
jynxz027: doesn't show hand 
*** SUMMARY ***
Total pot 30 | Rake 0 
Seat 2: Mahu2021 (button) (small blind) folded before Flop
Seat 3: jynxz027 (big blind) collected (30)



PokerStars Hand #253681263845: Tournament #3829913798, $1.84+$0.16 USD Hold'em No Limit - Level II (15/30) - 2024/12/03 9:55:07 CET [2024/12/03 3:55:07 ET]
Table '3829913798 1' 3-max Seat #3 is the button
Seat 2: Mahu2021 (540 in chips) 
Seat 3: jynxz027 (960 in chips) 
jynxz027: posts small blind 15
Mahu2021: posts big blind 30
*** HOLE CARDS ***
Dealt to Mahu2021 [6c Jc]
jynxz027: raises 30 to 60
Mahu2021: calls 30
*** FLOP *** [Ah 5s 6s]
Mahu2021: checks 
jynxz027: checks 
*** TURN *** [Ah 5s 6s] [6h]
Mahu2021: checks 
jynxz027: bets 90
Mahu2021: calls 90
*** RIVER *** [Ah 5s 6s 6h] [Jd]
Mahu2021: checks 
jynxz027: checks 
*** SHOW DOWN ***
Mahu2021: shows [6c Jc] (a full house, Sixes full of Jacks)
jynxz027: mucks hand 
Mahu2021 collected 300 from pot
*** SUMMARY ***
Total pot 300 | Rake 0 
Board [Ah 5s 6s 6h Jd]
Seat 2: Mahu2021 (big blind) showed [6c Jc] and won (300) with a full house, Sixes full of Jacks
Seat 3: jynxz027 (button) (small blind) mucked [8d Kh]



PokerStars Hand #253681265169: Tournament #3829913798, $1.84+$0.16 USD Hold'em No Limit - Level II (15/30) - 2024/12/03 9:55:26 CET [2024/12/03 3:55:26 ET]
Table '3829913798 1' 3-max Seat #2 is the button
Seat 2: Mahu2021 (690 in chips) 
Seat 3: jynxz027 (810 in chips) 
Mahu2021: posts small blind 15
jynxz027: posts big blind 30
*** HOLE CARDS ***
Dealt to Mahu2021 [Kh Jh]
Mahu2021: raises 60 to 90
jynxz027: folds 
Uncalled bet (60) returned to Mahu2021
Mahu2021 collected 60 from pot
Mahu2021: doesn't show hand 
*** SUMMARY ***
Total pot 60 | Rake 0 
Seat 2: Mahu2021 (button) (small blind) collected (60)
Seat 3: jynxz027 (big blind) folded before Flop



PokerStars Hand #253681265779: Tournament #3829913798, $1.84+$0.16 USD Hold'em No Limit - Level II (15/30) - 2024/12/03 9:55:35 CET [2024/12/03 3:55:35 ET]
Table '3829913798 1' 3-max Seat #3 is the button
Seat 2: Mahu2021 (720 in chips) 
Seat 3: jynxz027 (780 in chips) 
jynxz027: posts small blind 15
Mahu2021: posts big blind 30
*** HOLE CARDS ***
Dealt to Mahu2021 [Js 8s]
jynxz027: raises 30 to 60
Mahu2021: calls 30
*** FLOP *** [Ts 2s 2h]
Mahu2021: checks 
jynxz027: bets 90
Mahu2021: calls 90
*** TURN *** [Ts 2s 2h] [5d]
Mahu2021: checks 
jynxz027: checks 
*** RIVER *** [Ts 2s 2h 5d] [4c]
Mahu2021: bets 120
jynxz027: folds 
Uncalled bet (120) returned to Mahu2021
Mahu2021 collected 300 from pot
Mahu2021: doesn't show hand 
*** SUMMARY ***
Total pot 300 | Rake 0 
Board [Ts 2s 2h 5d 4c]
Seat 2: Mahu2021 (big blind) collected (300)
Seat 3: jynxz027 (button) (small blind) folded on the River



PokerStars Hand #253681267020: Tournament #3829913798, $1.84+$0.16 USD Hold'em No Limit - Level II (15/30) - 2024/12/03 9:55:53 CET [2024/12/03 3:55:53 ET]
Table '3829913798 1' 3-max Seat #2 is the button
Seat 2: Mahu2021 (870 in chips) 
Seat 3: jynxz027 (630 in chips) 
Mahu2021: posts small blind 15
jynxz027: posts big blind 30
*** HOLE CARDS ***
Dealt to Mahu2021 [6h 5h]
Mahu2021: raises 30 to 60
jynxz027: folds 
Uncalled bet (30) returned to Mahu2021
Mahu2021 collected 60 from pot
Mahu2021: doesn't show hand 
*** SUMMARY ***
Total pot 60 | Rake 0 
Seat 2: Mahu2021 (button) (small blind) collected (60)
Seat 3: jynxz027 (big blind) folded before Flop



PokerStars Hand #253681267482: Tournament #3829913798, $1.84+$0.16 USD Hold'em No Limit - Level II (15/30) - 2024/12/03 9:56:00 CET [2024/12/03 3:56:00 ET]
Table '3829913798 1' 3-max Seat #3 is the button
Seat 2: Mahu2021 (900 in chips) 
Seat 3: jynxz027 (600 in chips) 
jynxz027: posts small blind 15
Mahu2021: posts big blind 30
*** HOLE CARDS ***
Dealt to Mahu2021 [3s 8s]
jynxz027: raises 30 to 60
Mahu2021: folds 
Uncalled bet (30) returned to jynxz027
jynxz027 collected 60 from pot
jynxz027: doesn't show hand 
*** SUMMARY ***
Total pot 60 | Rake 0 
Seat 2: Mahu2021 (big blind) folded before Flop
Seat 3: jynxz027 (button) (small blind) collected (60)



PokerStars Hand #253681267923: Tournament #3829913798, $1.84+$0.16 USD Hold'em No Limit - Level II (15/30) - 2024/12/03 9:56:06 CET [2024/12/03 3:56:06 ET]
Table '3829913798 1' 3-max Seat #2 is the button
Seat 2: Mahu2021 (870 in chips) 
Seat 3: jynxz027 (630 in chips) 
Mahu2021: posts small blind 15
jynxz027: posts big blind 30
*** HOLE CARDS ***
Dealt to Mahu2021 [Qh Qc]
Mahu2021: raises 30 to 60
jynxz027: calls 30
*** FLOP *** [Qs Ts 4c]
jynxz027: checks 
Mahu2021: checks 
*** TURN *** [Qs Ts 4c] [4s]
jynxz027: bets 90
Mahu2021: calls 90
*** RIVER *** [Qs Ts 4c 4s] [2s]
jynxz027: checks 
Mahu2021: bets 120
jynxz027: raises 360 to 480 and is all-in
Mahu2021: calls 360
*** SHOW DOWN ***
jynxz027: shows [2h 4h] (a full house, Fours full of Deuces)
Mahu2021: shows [Qh Qc] (a full house, Queens full of Fours)
Mahu2021 collected 1260 from pot
jynxz027 finished the tournament in 2nd place
Mahu2021 wins the tournament and receives $6.00 - congratulations!
*** SUMMARY ***
Total pot 1260 | Rake 0 
Board [Qs Ts 4c 4s 2s]
Seat 2: Mahu2021 (button) (small blind) showed [Qh Qc] and won (1260) with a full house, Queens full of Fours
Seat 3: jynxz027 (big blind) showed [2h 4h] and lost with a full house, Fours full of Deuces



