PokerStars Hand #249579326697: Tournament #3732606427, $1.84+$0.16 USD Hold'em No Limit - Level I (10/20) - 2024/03/23 18:19:24 CET [2024/03/23 13:19:24 ET]
Table '3732606427 1' 3-max Seat #1 is the button
Seat 1: @st@r@39 (500 in chips) 
Seat 2: Play555999 (500 in chips) 
Seat 3: Mahu2021 (500 in chips) 
Play555999: posts small blind 10
Mahu2021: posts big blind 20
*** HOLE CARDS ***
Dealt to Mahu2021 [7c Ad]
@st@r@39: raises 20 to 40
Play555999: folds 
Mahu2021: calls 20
*** FLOP *** [6s Kh 3d]
Mahu2021: checks 
@st@r@39: bets 45
Mahu2021: folds 
Uncalled bet (45) returned to @st@r@39
@st@r@39 collected 90 from pot
@st@r@39: doesn't show hand 
*** SUMMARY ***
Total pot 90 | Rake 0 
Board [6s Kh 3d]
Seat 1: @st@r@39 (button) collected (90)
Seat 2: Play555999 (small blind) folded before Flop
Seat 3: Mahu2021 (big blind) folded on the Flop



PokerStars Hand #249579331258: Tournament #3732606427, $1.84+$0.16 USD Hold'em No Limit - Level I (10/20) - 2024/03/23 18:19:39 CET [2024/03/23 13:19:39 ET]
Table '3732606427 1' 3-max Seat #2 is the button
Seat 1: @st@r@39 (550 in chips) 
Seat 2: Play555999 (490 in chips) 
Seat 3: Mahu2021 (460 in chips) 
Mahu2021: posts small blind 10
@st@r@39: posts big blind 20
*** HOLE CARDS ***
Dealt to Mahu2021 [As 5h]
Play555999: folds 
Mahu2021: raises 20 to 40
@st@r@39: calls 20
*** FLOP *** [3s 5c Jd]
Mahu2021: bets 40
@st@r@39: calls 40
*** TURN *** [3s 5c Jd] [4c]
Mahu2021: bets 40
@st@r@39: folds 
Uncalled bet (40) returned to Mahu2021
Mahu2021 collected 160 from pot
Mahu2021: doesn't show hand 
*** SUMMARY ***
Total pot 160 | Rake 0 
Board [3s 5c Jd 4c]
Seat 1: @st@r@39 (big blind) folded on the Turn
Seat 2: Play555999 (button) folded before Flop (didn't bet)
Seat 3: Mahu2021 (small blind) collected (160)



PokerStars Hand #249579337374: Tournament #3732606427, $1.84+$0.16 USD Hold'em No Limit - Level I (10/20) - 2024/03/23 18:19:58 CET [2024/03/23 13:19:58 ET]
Table '3732606427 1' 3-max Seat #3 is the button
Seat 1: @st@r@39 (470 in chips) 
Seat 2: Play555999 (490 in chips) 
Seat 3: Mahu2021 (540 in chips) 
@st@r@39: posts small blind 10
Play555999: posts big blind 20
*** HOLE CARDS ***
Dealt to Mahu2021 [Kh 5h]
Mahu2021: calls 20
@st@r@39: raises 20 to 40
Play555999: folds 
Mahu2021: calls 20
*** FLOP *** [Qd Qc 5d]
@st@r@39: bets 50
Mahu2021: calls 50
*** TURN *** [Qd Qc 5d] [Ad]
@st@r@39: bets 200
Mahu2021: folds 
Uncalled bet (200) returned to @st@r@39
@st@r@39 collected 200 from pot
@st@r@39: doesn't show hand 
*** SUMMARY ***
Total pot 200 | Rake 0 
Board [Qd Qc 5d Ad]
Seat 1: @st@r@39 (small blind) collected (200)
Seat 2: Play555999 (big blind) folded before Flop
Seat 3: Mahu2021 (button) folded on the Turn



PokerStars Hand #249579344263: Tournament #3732606427, $1.84+$0.16 USD Hold'em No Limit - Level I (10/20) - 2024/03/23 18:20:20 CET [2024/03/23 13:20:20 ET]
Table '3732606427 1' 3-max Seat #1 is the button
Seat 1: @st@r@39 (580 in chips) 
Seat 2: Play555999 (470 in chips) 
Seat 3: Mahu2021 (450 in chips) 
Play555999: posts small blind 10
Mahu2021: posts big blind 20
*** HOLE CARDS ***
Dealt to Mahu2021 [5h 7c]
@st@r@39: calls 20
Play555999: calls 10
Mahu2021: checks 
*** FLOP *** [Qh 8s Js]
Play555999: checks 
Mahu2021: checks 
@st@r@39: checks 
*** TURN *** [Qh 8s Js] [7h]
Play555999: checks 
Mahu2021: bets 40
@st@r@39: folds 
Play555999: folds 
Uncalled bet (40) returned to Mahu2021
Mahu2021 collected 60 from pot
Mahu2021: doesn't show hand 
*** SUMMARY ***
Total pot 60 | Rake 0 
Board [Qh 8s Js 7h]
Seat 1: @st@r@39 (button) folded on the Turn
Seat 2: Play555999 (small blind) folded on the Turn
Seat 3: Mahu2021 (big blind) collected (60)



PokerStars Hand #249579355308: Tournament #3732606427, $1.84+$0.16 USD Hold'em No Limit - Level I (10/20) - 2024/03/23 18:20:56 CET [2024/03/23 13:20:56 ET]
Table '3732606427 1' 3-max Seat #2 is the button
Seat 1: @st@r@39 (560 in chips) 
Seat 2: Play555999 (450 in chips) 
Seat 3: Mahu2021 (490 in chips) 
Mahu2021: posts small blind 10
@st@r@39: posts big blind 20
*** HOLE CARDS ***
Dealt to Mahu2021 [Kc 3s]
Play555999: folds 
Mahu2021: folds 
Uncalled bet (10) returned to @st@r@39
@st@r@39 collected 20 from pot
@st@r@39: doesn't show hand 
*** SUMMARY ***
Total pot 20 | Rake 0 
Seat 1: @st@r@39 (big blind) collected (20)
Seat 2: Play555999 (button) folded before Flop (didn't bet)
Seat 3: Mahu2021 (small blind) folded before Flop



PokerStars Hand #249579359387: Tournament #3732606427, $1.84+$0.16 USD Hold'em No Limit - Level I (10/20) - 2024/03/23 18:21:08 CET [2024/03/23 13:21:08 ET]
Table '3732606427 1' 3-max Seat #3 is the button
Seat 1: @st@r@39 (570 in chips) 
Seat 2: Play555999 (450 in chips) 
Seat 3: Mahu2021 (480 in chips) 
@st@r@39: posts small blind 10
Play555999: posts big blind 20
*** HOLE CARDS ***
Dealt to Mahu2021 [3s 4c]
Mahu2021: folds 
@st@r@39: raises 20 to 40
Play555999: folds 
Uncalled bet (20) returned to @st@r@39
@st@r@39 collected 40 from pot
@st@r@39: doesn't show hand 
*** SUMMARY ***
Total pot 40 | Rake 0 
Seat 1: @st@r@39 (small blind) collected (40)
Seat 2: Play555999 (big blind) folded before Flop
Seat 3: Mahu2021 (button) folded before Flop (didn't bet)



PokerStars Hand #249579361942: Tournament #3732606427, $1.84+$0.16 USD Hold'em No Limit - Level I (10/20) - 2024/03/23 18:21:17 CET [2024/03/23 13:21:17 ET]
Table '3732606427 1' 3-max Seat #1 is the button
Seat 1: @st@r@39 (590 in chips) 
Seat 2: Play555999 (430 in chips) 
Seat 3: Mahu2021 (480 in chips) 
Play555999: posts small blind 10
Mahu2021: posts big blind 20
*** HOLE CARDS ***
Dealt to Mahu2021 [Tc 3s]
@st@r@39: calls 20
Play555999: calls 10
Mahu2021: checks 
*** FLOP *** [7s Ks 4s]
Play555999: checks 
Mahu2021: checks 
@st@r@39: checks 
*** TURN *** [7s Ks 4s] [Qh]
Play555999: checks 
Mahu2021: checks 
@st@r@39: bets 30
Play555999: folds 
Mahu2021: folds 
Uncalled bet (30) returned to @st@r@39
@st@r@39 collected 60 from pot
@st@r@39: doesn't show hand 
*** SUMMARY ***
Total pot 60 | Rake 0 
Board [7s Ks 4s Qh]
Seat 1: @st@r@39 (button) collected (60)
Seat 2: Play555999 (small blind) folded on the Turn
Seat 3: Mahu2021 (big blind) folded on the Turn



PokerStars Hand #249579370847: Tournament #3732606427, $1.84+$0.16 USD Hold'em No Limit - Level I (10/20) - 2024/03/23 18:21:45 CET [2024/03/23 13:21:45 ET]
Table '3732606427 1' 3-max Seat #2 is the button
Seat 1: @st@r@39 (630 in chips) 
Seat 2: Play555999 (410 in chips) 
Seat 3: Mahu2021 (460 in chips) 
Mahu2021: posts small blind 10
@st@r@39: posts big blind 20
*** HOLE CARDS ***
Dealt to Mahu2021 [As 8s]
Play555999: folds 
Mahu2021: raises 20 to 40
@st@r@39: calls 20
*** FLOP *** [3h Jc 4d]
Mahu2021: checks 
@st@r@39: checks 
*** TURN *** [3h Jc 4d] [Qc]
Mahu2021: checks 
@st@r@39: checks 
*** RIVER *** [3h Jc 4d Qc] [Td]
Mahu2021: checks 
@st@r@39: checks 
*** SHOW DOWN ***
Mahu2021: shows [As 8s] (high card Ace)
@st@r@39: mucks hand 
Mahu2021 collected 80 from pot
*** SUMMARY ***
Total pot 80 | Rake 0 
Board [3h Jc 4d Qc Td]
Seat 1: @st@r@39 (big blind) mucked [7d 5s]
Seat 2: Play555999 (button) folded before Flop (didn't bet)
Seat 3: Mahu2021 (small blind) showed [As 8s] and won (80) with high card Ace



PokerStars Hand #249579377025: Tournament #3732606427, $1.84+$0.16 USD Hold'em No Limit - Level I (10/20) - 2024/03/23 18:22:04 CET [2024/03/23 13:22:04 ET]
Table '3732606427 1' 3-max Seat #3 is the button
Seat 1: @st@r@39 (590 in chips) 
Seat 2: Play555999 (410 in chips) 
Seat 3: Mahu2021 (500 in chips) 
@st@r@39: posts small blind 10
Play555999: posts big blind 20
*** HOLE CARDS ***
Dealt to Mahu2021 [2d Kc]
Mahu2021: folds 
@st@r@39: calls 10
Play555999: checks 
*** FLOP *** [Jh 3d 7d]
@st@r@39: checks 
Play555999: bets 40
@st@r@39: folds 
Uncalled bet (40) returned to Play555999
Play555999 collected 40 from pot
Play555999: doesn't show hand 
*** SUMMARY ***
Total pot 40 | Rake 0 
Board [Jh 3d 7d]
Seat 1: @st@r@39 (small blind) folded on the Flop
Seat 2: Play555999 (big blind) collected (40)
Seat 3: Mahu2021 (button) folded before Flop (didn't bet)



PokerStars Hand #249579382080: Tournament #3732606427, $1.84+$0.16 USD Hold'em No Limit - Level I (10/20) - 2024/03/23 18:22:21 CET [2024/03/23 13:22:21 ET]
Table '3732606427 1' 3-max Seat #1 is the button
Seat 1: @st@r@39 (570 in chips) 
Seat 2: Play555999 (430 in chips) 
Seat 3: Mahu2021 (500 in chips) 
Play555999: posts small blind 10
Mahu2021: posts big blind 20
*** HOLE CARDS ***
Dealt to Mahu2021 [2d Qc]
@st@r@39: calls 20
Play555999: calls 10
Mahu2021: checks 
*** FLOP *** [8c Ts Ah]
Play555999: checks 
Mahu2021: checks 
@st@r@39: checks 
*** TURN *** [8c Ts Ah] [Kh]
Play555999: checks 
Mahu2021: checks 
@st@r@39: checks 
*** RIVER *** [8c Ts Ah Kh] [5s]
Play555999: bets 30
Mahu2021: folds 
@st@r@39: folds 
Uncalled bet (30) returned to Play555999
Play555999 collected 60 from pot
Play555999: doesn't show hand 
*** SUMMARY ***
Total pot 60 | Rake 0 
Board [8c Ts Ah Kh 5s]
Seat 1: @st@r@39 (button) folded on the River
Seat 2: Play555999 (small blind) collected (60)
Seat 3: Mahu2021 (big blind) folded on the River



PokerStars Hand #249579393733: Tournament #3732606427, $1.84+$0.16 USD Hold'em No Limit - Level II (15/30) - 2024/03/23 18:22:58 CET [2024/03/23 13:22:58 ET]
Table '3732606427 1' 3-max Seat #2 is the button
Seat 1: @st@r@39 (550 in chips) 
Seat 2: Play555999 (470 in chips) 
Seat 3: Mahu2021 (480 in chips) 
Mahu2021: posts small blind 15
@st@r@39: posts big blind 30
*** HOLE CARDS ***
Dealt to Mahu2021 [As 8s]
Play555999: folds 
Mahu2021: raises 30 to 60
@st@r@39: calls 30
*** FLOP *** [Jh Kd 6c]
Mahu2021: checks 
@st@r@39: checks 
*** TURN *** [Jh Kd 6c] [Td]
Mahu2021: checks 
@st@r@39: checks 
*** RIVER *** [Jh Kd 6c Td] [7s]
Mahu2021: checks 
@st@r@39: checks 
*** SHOW DOWN ***
Mahu2021: shows [As 8s] (high card Ace)
@st@r@39: mucks hand 
Mahu2021 collected 120 from pot
*** SUMMARY ***
Total pot 120 | Rake 0 
Board [Jh Kd 6c Td 7s]
Seat 1: @st@r@39 (big blind) mucked [5s Ah]
Seat 2: Play555999 (button) folded before Flop (didn't bet)
Seat 3: Mahu2021 (small blind) showed [As 8s] and won (120) with high card Ace



PokerStars Hand #249579398304: Tournament #3732606427, $1.84+$0.16 USD Hold'em No Limit - Level II (15/30) - 2024/03/23 18:23:12 CET [2024/03/23 13:23:12 ET]
Table '3732606427 1' 3-max Seat #3 is the button
Seat 1: @st@r@39 (490 in chips) 
Seat 2: Play555999 (470 in chips) 
Seat 3: Mahu2021 (540 in chips) 
@st@r@39: posts small blind 15
Play555999: posts big blind 30
*** HOLE CARDS ***
Dealt to Mahu2021 [3c 7c]
Mahu2021: folds 
@st@r@39: calls 15
Play555999: checks 
*** FLOP *** [Ts Jh Kd]
@st@r@39: checks 
Play555999: bets 30
@st@r@39: calls 30
*** TURN *** [Ts Jh Kd] [5c]
@st@r@39: checks 
Play555999: checks 
*** RIVER *** [Ts Jh Kd 5c] [6s]
@st@r@39: checks 
Play555999: bets 60
@st@r@39: calls 60
*** SHOW DOWN ***
Play555999: shows [Js 6h] (two pair, Jacks and Sixes)
@st@r@39: mucks hand 
Play555999 collected 240 from pot
*** SUMMARY ***
Total pot 240 | Rake 0 
Board [Ts Jh Kd 5c 6s]
Seat 1: @st@r@39 (small blind) mucked [6d Qh]
Seat 2: Play555999 (big blind) showed [Js 6h] and won (240) with two pair, Jacks and Sixes
Seat 3: Mahu2021 (button) folded before Flop (didn't bet)



PokerStars Hand #249579411106: Tournament #3732606427, $1.84+$0.16 USD Hold'em No Limit - Level II (15/30) - 2024/03/23 18:23:53 CET [2024/03/23 13:23:53 ET]
Table '3732606427 1' 3-max Seat #1 is the button
Seat 1: @st@r@39 (370 in chips) 
Seat 2: Play555999 (590 in chips) 
Seat 3: Mahu2021 (540 in chips) 
Play555999: posts small blind 15
Mahu2021: posts big blind 30
*** HOLE CARDS ***
Dealt to Mahu2021 [As Td]
@st@r@39: calls 30
Play555999: calls 15
Mahu2021: checks 
*** FLOP *** [8h 9s Js]
Play555999: checks 
Mahu2021: checks 
@st@r@39: checks 
*** TURN *** [8h 9s Js] [5h]
Play555999: checks 
Mahu2021: checks 
@st@r@39: checks 
*** RIVER *** [8h 9s Js 5h] [4h]
Play555999: checks 
Mahu2021: checks 
@st@r@39: checks 
*** SHOW DOWN ***
Play555999: shows [4c Qc] (a pair of Fours)
Mahu2021: mucks hand 
@st@r@39: mucks hand 
Play555999 collected 90 from pot
*** SUMMARY ***
Total pot 90 | Rake 0 
Board [8h 9s Js 5h 4h]
Seat 1: @st@r@39 (button) mucked [3s 2s]
Seat 2: Play555999 (small blind) showed [4c Qc] and won (90) with a pair of Fours
Seat 3: Mahu2021 (big blind) mucked [As Td]



PokerStars Hand #249579419604: Tournament #3732606427, $1.84+$0.16 USD Hold'em No Limit - Level II (15/30) - 2024/03/23 18:24:20 CET [2024/03/23 13:24:20 ET]
Table '3732606427 1' 3-max Seat #2 is the button
Seat 1: @st@r@39 (340 in chips) 
Seat 2: Play555999 (650 in chips) 
Seat 3: Mahu2021 (510 in chips) 
Mahu2021: posts small blind 15
@st@r@39: posts big blind 30
*** HOLE CARDS ***
Dealt to Mahu2021 [9h 4d]
Play555999: folds 
Mahu2021: folds 
Uncalled bet (15) returned to @st@r@39
@st@r@39 collected 30 from pot
@st@r@39: doesn't show hand 
*** SUMMARY ***
Total pot 30 | Rake 0 
Seat 1: @st@r@39 (big blind) collected (30)
Seat 2: Play555999 (button) folded before Flop (didn't bet)
Seat 3: Mahu2021 (small blind) folded before Flop



PokerStars Hand #249579422879: Tournament #3732606427, $1.84+$0.16 USD Hold'em No Limit - Level II (15/30) - 2024/03/23 18:24:30 CET [2024/03/23 13:24:30 ET]
Table '3732606427 1' 3-max Seat #3 is the button
Seat 1: @st@r@39 (355 in chips) 
Seat 2: Play555999 (650 in chips) 
Seat 3: Mahu2021 (495 in chips) 
@st@r@39: posts small blind 15
Play555999: posts big blind 30
*** HOLE CARDS ***
Dealt to Mahu2021 [6c 2h]
Mahu2021: folds 
@st@r@39: raises 30 to 60
Play555999: calls 30
*** FLOP *** [6d 4c 9h]
@st@r@39: bets 30
Play555999: calls 30
*** TURN *** [6d 4c 9h] [6s]
@st@r@39: bets 30
Play555999: calls 30
*** RIVER *** [6d 4c 9h 6s] [7h]
@st@r@39: bets 30
Play555999: calls 30
*** SHOW DOWN ***
@st@r@39: shows [Ks Jh] (a pair of Sixes)
Play555999: mucks hand 
@st@r@39 collected 300 from pot
*** SUMMARY ***
Total pot 300 | Rake 0 
Board [6d 4c 9h 6s 7h]
Seat 1: @st@r@39 (small blind) showed [Ks Jh] and won (300) with a pair of Sixes
Seat 2: Play555999 (big blind) mucked [8d Kd]
Seat 3: Mahu2021 (button) folded before Flop (didn't bet)



PokerStars Hand #249579431804: Tournament #3732606427, $1.84+$0.16 USD Hold'em No Limit - Level II (15/30) - 2024/03/23 18:24:58 CET [2024/03/23 13:24:58 ET]
Table '3732606427 1' 3-max Seat #1 is the button
Seat 1: @st@r@39 (505 in chips) 
Seat 2: Play555999 (500 in chips) 
Seat 3: Mahu2021 (495 in chips) 
Play555999: posts small blind 15
Mahu2021: posts big blind 30
*** HOLE CARDS ***
Dealt to Mahu2021 [7c Jc]
@st@r@39: raises 30 to 60
Play555999: raises 440 to 500 and is all-in
Mahu2021: folds 
@st@r@39: folds 
Uncalled bet (440) returned to Play555999
Play555999 collected 150 from pot
Play555999: doesn't show hand 
*** SUMMARY ***
Total pot 150 | Rake 0 
Seat 1: @st@r@39 (button) folded before Flop
Seat 2: Play555999 (small blind) collected (150)
Seat 3: Mahu2021 (big blind) folded before Flop



PokerStars Hand #249579435406: Tournament #3732606427, $1.84+$0.16 USD Hold'em No Limit - Level II (15/30) - 2024/03/23 18:25:10 CET [2024/03/23 13:25:10 ET]
Table '3732606427 1' 3-max Seat #2 is the button
Seat 1: @st@r@39 (445 in chips) 
Seat 2: Play555999 (590 in chips) 
Seat 3: Mahu2021 (465 in chips) 
Mahu2021: posts small blind 15
@st@r@39: posts big blind 30
*** HOLE CARDS ***
Dealt to Mahu2021 [6d 3c]
Play555999: calls 30
Mahu2021: folds 
@st@r@39: checks 
*** FLOP *** [Kh 4c 2s]
@st@r@39: bets 38
Play555999: calls 38
*** TURN *** [Kh 4c 2s] [8d]
@st@r@39: bets 76
Play555999: folds 
Uncalled bet (76) returned to @st@r@39
@st@r@39 collected 151 from pot
@st@r@39: doesn't show hand 
*** SUMMARY ***
Total pot 151 | Rake 0 
Board [Kh 4c 2s 8d]
Seat 1: @st@r@39 (big blind) collected (151)
Seat 2: Play555999 (button) folded on the Turn
Seat 3: Mahu2021 (small blind) folded before Flop



PokerStars Hand #249579442635: Tournament #3732606427, $1.84+$0.16 USD Hold'em No Limit - Level III (20/40) - 2024/03/23 18:25:33 CET [2024/03/23 13:25:33 ET]
Table '3732606427 1' 3-max Seat #3 is the button
Seat 1: @st@r@39 (528 in chips) 
Seat 2: Play555999 (522 in chips) 
Seat 3: Mahu2021 (450 in chips) 
@st@r@39: posts small blind 20
Play555999: posts big blind 40
*** HOLE CARDS ***
Dealt to Mahu2021 [Ah Ts]
Mahu2021: raises 40 to 80
@st@r@39: calls 60
Play555999: calls 40
*** FLOP *** [Ad 9c 6h]
@st@r@39: checks 
Play555999: checks 
Mahu2021: bets 240
@st@r@39: folds 
Play555999: folds 
Uncalled bet (240) returned to Mahu2021
Mahu2021 collected 240 from pot
Mahu2021: doesn't show hand 
*** SUMMARY ***
Total pot 240 | Rake 0 
Board [Ad 9c 6h]
Seat 1: @st@r@39 (small blind) folded on the Flop
Seat 2: Play555999 (big blind) folded on the Flop
Seat 3: Mahu2021 (button) collected (240)



PokerStars Hand #249579450382: Tournament #3732606427, $1.84+$0.16 USD Hold'em No Limit - Level III (20/40) - 2024/03/23 18:25:57 CET [2024/03/23 13:25:57 ET]
Table '3732606427 1' 3-max Seat #1 is the button
Seat 1: @st@r@39 (448 in chips) 
Seat 2: Play555999 (442 in chips) 
Seat 3: Mahu2021 (610 in chips) 
Play555999: posts small blind 20
Mahu2021: posts big blind 40
*** HOLE CARDS ***
Dealt to Mahu2021 [7d Td]
@st@r@39: calls 40
Play555999: calls 20
Mahu2021: checks 
*** FLOP *** [Tc 9d Kc]
Play555999: checks 
Mahu2021: bets 40
@st@r@39: calls 40
Play555999: calls 40
*** TURN *** [Tc 9d Kc] [4d]
Play555999: checks 
Mahu2021: checks 
@st@r@39: checks 
*** RIVER *** [Tc 9d Kc 4d] [7s]
Play555999: bets 120
Mahu2021: calls 120
@st@r@39: raises 248 to 368 and is all-in
Play555999: calls 242 and is all-in
Mahu2021: calls 248
*** SHOW DOWN ***
@st@r@39: shows [8c 6d] (a straight, Six to Ten)
Mahu2021: shows [7d Td] (two pair, Tens and Sevens)
@st@r@39 collected 12 from side pot
Play555999: shows [Ts 7c] (two pair, Tens and Sevens)
@st@r@39 collected 1326 from main pot
Play555999 finished the tournament in 3rd place
*** SUMMARY ***
Total pot 1338 Main pot 1326. Side pot 12. | Rake 0 
Board [Tc 9d Kc 4d 7s]
Seat 1: @st@r@39 (button) showed [8c 6d] and won (1338) with a straight, Six to Ten
Seat 2: Play555999 (small blind) showed [Ts 7c] and lost with two pair, Tens and Sevens
Seat 3: Mahu2021 (big blind) showed [7d Td] and lost with two pair, Tens and Sevens



PokerStars Hand #249579466481: Tournament #3732606427, $1.84+$0.16 USD Hold'em No Limit - Level III (20/40) - 2024/03/23 18:26:47 CET [2024/03/23 13:26:47 ET]
Table '3732606427 1' 3-max Seat #3 is the button
Seat 1: @st@r@39 (1338 in chips) 
Seat 3: Mahu2021 (162 in chips) 
Mahu2021: posts small blind 20
@st@r@39: posts big blind 40
*** HOLE CARDS ***
Dealt to Mahu2021 [Jc Tc]
Mahu2021: raises 122 to 162 and is all-in
@st@r@39: calls 122
*** FLOP *** [Kh Ts 4d]
*** TURN *** [Kh Ts 4d] [Kc]
*** RIVER *** [Kh Ts 4d Kc] [Ac]
*** SHOW DOWN ***
@st@r@39: shows [5h 7h] (a pair of Kings)
Mahu2021: shows [Jc Tc] (two pair, Kings and Tens)
Mahu2021 collected 324 from pot
*** SUMMARY ***
Total pot 324 | Rake 0 
Board [Kh Ts 4d Kc Ac]
Seat 1: @st@r@39 (big blind) showed [5h 7h] and lost with a pair of Kings
Seat 3: Mahu2021 (button) (small blind) showed [Jc Tc] and won (324) with two pair, Kings and Tens



PokerStars Hand #249579471073: Tournament #3732606427, $1.84+$0.16 USD Hold'em No Limit - Level III (20/40) - 2024/03/23 18:27:02 CET [2024/03/23 13:27:02 ET]
Table '3732606427 1' 3-max Seat #1 is the button
Seat 1: @st@r@39 (1176 in chips) 
Seat 3: Mahu2021 (324 in chips) 
@st@r@39: posts small blind 20
Mahu2021: posts big blind 40
*** HOLE CARDS ***
Dealt to Mahu2021 [5c 5d]
@st@r@39: raises 80 to 120
Mahu2021: raises 204 to 324 and is all-in
@st@r@39: calls 204
*** FLOP *** [9d 8c 7s]
*** TURN *** [9d 8c 7s] [Ks]
*** RIVER *** [9d 8c 7s Ks] [4h]
*** SHOW DOWN ***
Mahu2021: shows [5c 5d] (a pair of Fives)
@st@r@39: shows [Ts Th] (a pair of Tens)
@st@r@39 collected 648 from pot
Mahu2021 finished the tournament in 2nd place
@st@r@39 wins the tournament and receives $8.00 - congratulations!
*** SUMMARY ***
Total pot 648 | Rake 0 
Board [9d 8c 7s Ks 4h]
Seat 1: @st@r@39 (button) (small blind) showed [Ts Th] and won (648) with a pair of Tens
Seat 3: Mahu2021 (big blind) showed [5c 5d] and lost with a pair of Fives



