PokerStars Hand #252557721880: Tournament #3803525741, $1.84+$0.16 USD Hold'em No Limit - Level I (10/20) - 2024/09/21 18:03:09 CET [2024/09/21 12:03:09 ET]
Table '3803525741 1' 3-max Seat #1 is the button
Seat 1: jethro161 (500 in chips) 
Seat 2: Mahu2021 (500 in chips) 
Seat 3: VOOSTT (500 in chips) 
Mahu2021: posts small blind 10
VOOSTT: posts big blind 20
*** HOLE CARDS ***
Dealt to Mahu2021 [8d 8c]
jethro161: folds 
Mahu2021: raises 20 to 40
VOOSTT: calls 20
*** FLOP *** [Js Jd 4d]
Mahu2021: checks 
VOOSTT: bets 20
Mahu2021: calls 20
*** TURN *** [Js Jd 4d] [4s]
Mahu2021: checks 
VOOSTT: bets 20
Mahu2021: calls 20
*** RIVER *** [Js Jd 4d 4s] [7h]
Mahu2021: checks 
VOOSTT: bets 20
Mahu2021: calls 20
*** SHOW DOWN ***
VOOSTT: shows [7s 9h] (two pair, Jacks and Sevens)
Mahu2021: shows [8d 8c] (two pair, Jacks and Eights)
Mahu2021 collected 200 from pot
*** SUMMARY ***
Total pot 200 | Rake 0 
Board [Js Jd 4d 4s 7h]
Seat 1: jethro161 (button) folded before Flop (didn't bet)
Seat 2: Mahu2021 (small blind) showed [8d 8c] and won (200) with two pair, Jacks and Eights
Seat 3: VOOSTT (big blind) showed [7s 9h] and lost with two pair, Jacks and Sevens



PokerStars Hand #252557726624: Tournament #3803525741, $1.84+$0.16 USD Hold'em No Limit - Level I (10/20) - 2024/09/21 18:03:29 CET [2024/09/21 12:03:29 ET]
Table '3803525741 1' 3-max Seat #2 is the button
Seat 1: jethro161 (500 in chips) 
Seat 2: Mahu2021 (600 in chips) 
Seat 3: VOOSTT (400 in chips) 
VOOSTT: posts small blind 10
jethro161: posts big blind 20
*** HOLE CARDS ***
Dealt to Mahu2021 [Qc 4d]
Mahu2021: folds 
VOOSTT: raises 20 to 40
jethro161: calls 20
*** FLOP *** [9s Ts 8c]
VOOSTT: checks 
jethro161: checks 
*** TURN *** [9s Ts 8c] [4c]
VOOSTT: bets 20
jethro161: folds 
Uncalled bet (20) returned to VOOSTT
VOOSTT collected 80 from pot
*** SUMMARY ***
Total pot 80 | Rake 0 
Board [9s Ts 8c 4c]
Seat 1: jethro161 (big blind) folded on the Turn
Seat 2: Mahu2021 (button) folded before Flop (didn't bet)
Seat 3: VOOSTT (small blind) collected (80)



PokerStars Hand #252557730280: Tournament #3803525741, $1.84+$0.16 USD Hold'em No Limit - Level I (10/20) - 2024/09/21 18:03:46 CET [2024/09/21 12:03:46 ET]
Table '3803525741 1' 3-max Seat #3 is the button
Seat 1: jethro161 (460 in chips) 
Seat 2: Mahu2021 (600 in chips) 
Seat 3: VOOSTT (440 in chips) 
jethro161: posts small blind 10
Mahu2021: posts big blind 20
*** HOLE CARDS ***
Dealt to Mahu2021 [9s 9d]
VOOSTT: calls 20
jethro161: raises 20 to 40
Mahu2021: calls 20
VOOSTT: calls 20
*** FLOP *** [As 5s Ah]
jethro161: checks 
Mahu2021: checks 
VOOSTT: bets 20
jethro161: calls 20
Mahu2021: calls 20
*** TURN *** [As 5s Ah] [3h]
jethro161: checks 
Mahu2021: checks 
VOOSTT: bets 40
jethro161: calls 40
Mahu2021: calls 40
*** RIVER *** [As 5s Ah 3h] [Qc]
jethro161: bets 150
Mahu2021: folds 
VOOSTT: folds 
Uncalled bet (150) returned to jethro161
jethro161 collected 300 from pot
jethro161: doesn't show hand 
*** SUMMARY ***
Total pot 300 | Rake 0 
Board [As 5s Ah 3h Qc]
Seat 1: jethro161 (small blind) collected (300)
Seat 2: Mahu2021 (big blind) folded on the River
Seat 3: VOOSTT (button) folded on the River



PokerStars Hand #252557737958: Tournament #3803525741, $1.84+$0.16 USD Hold'em No Limit - Level I (10/20) - 2024/09/21 18:04:20 CET [2024/09/21 12:04:20 ET]
Table '3803525741 1' 3-max Seat #1 is the button
Seat 1: jethro161 (660 in chips) 
Seat 2: Mahu2021 (500 in chips) 
Seat 3: VOOSTT (340 in chips) 
Mahu2021: posts small blind 10
VOOSTT: posts big blind 20
*** HOLE CARDS ***
Dealt to Mahu2021 [Ah 8c]
jethro161: folds 
Mahu2021: raises 20 to 40
VOOSTT: raises 300 to 340 and is all-in
Mahu2021: folds 
Uncalled bet (300) returned to VOOSTT
VOOSTT collected 80 from pot
*** SUMMARY ***
Total pot 80 | Rake 0 
Seat 1: jethro161 (button) folded before Flop (didn't bet)
Seat 2: Mahu2021 (small blind) folded before Flop
Seat 3: VOOSTT (big blind) collected (80)



PokerStars Hand #252557740586: Tournament #3803525741, $1.84+$0.16 USD Hold'em No Limit - Level I (10/20) - 2024/09/21 18:04:32 CET [2024/09/21 12:04:32 ET]
Table '3803525741 1' 3-max Seat #2 is the button
Seat 1: jethro161 (660 in chips) 
Seat 2: Mahu2021 (460 in chips) 
Seat 3: VOOSTT (380 in chips) 
VOOSTT: posts small blind 10
jethro161: posts big blind 20
*** HOLE CARDS ***
Dealt to Mahu2021 [Qh Ts]
Mahu2021: raises 20 to 40
VOOSTT: calls 30
jethro161: folds 
*** FLOP *** [8d 8c Jd]
VOOSTT: checks 
Mahu2021: bets 40
VOOSTT: folds 
Uncalled bet (40) returned to Mahu2021
Mahu2021 collected 100 from pot
Mahu2021: doesn't show hand 
*** SUMMARY ***
Total pot 100 | Rake 0 
Board [8d 8c Jd]
Seat 1: jethro161 (big blind) folded before Flop
Seat 2: Mahu2021 (button) collected (100)
Seat 3: VOOSTT (small blind) folded on the Flop



PokerStars Hand #252557743596: Tournament #3803525741, $1.84+$0.16 USD Hold'em No Limit - Level I (10/20) - 2024/09/21 18:04:45 CET [2024/09/21 12:04:45 ET]
Table '3803525741 1' 3-max Seat #3 is the button
Seat 1: jethro161 (640 in chips) 
Seat 2: Mahu2021 (520 in chips) 
Seat 3: VOOSTT (340 in chips) 
jethro161: posts small blind 10
Mahu2021: posts big blind 20
*** HOLE CARDS ***
Dealt to Mahu2021 [8s Kh]
VOOSTT: calls 20
jethro161: folds 
Mahu2021: checks 
*** FLOP *** [5d 7h Ks]
Mahu2021: bets 20
VOOSTT: calls 20
*** TURN *** [5d 7h Ks] [8d]
Mahu2021: bets 20
VOOSTT: calls 20
*** RIVER *** [5d 7h Ks 8d] [Qc]
Mahu2021: bets 130
VOOSTT: calls 130
*** SHOW DOWN ***
Mahu2021: shows [8s Kh] (two pair, Kings and Eights)
VOOSTT: mucks hand 
Mahu2021 collected 390 from pot
*** SUMMARY ***
Total pot 390 | Rake 0 
Board [5d 7h Ks 8d Qc]
Seat 1: jethro161 (small blind) folded before Flop
Seat 2: Mahu2021 (big blind) showed [8s Kh] and won (390) with two pair, Kings and Eights
Seat 3: VOOSTT (button) mucked [Kc 6s]



PokerStars Hand #252557748582: Tournament #3803525741, $1.84+$0.16 USD Hold'em No Limit - Level I (10/20) - 2024/09/21 18:05:07 CET [2024/09/21 12:05:07 ET]
Table '3803525741 1' 3-max Seat #1 is the button
Seat 1: jethro161 (630 in chips) 
Seat 2: Mahu2021 (720 in chips) 
Seat 3: VOOSTT (150 in chips) 
Mahu2021: posts small blind 10
VOOSTT: posts big blind 20
*** HOLE CARDS ***
Dealt to Mahu2021 [Jd Kd]
jethro161: raises 20 to 40
Mahu2021: calls 30
VOOSTT: calls 20
*** FLOP *** [7c 5s Ad]
Mahu2021: checks 
VOOSTT: checks 
jethro161: bets 60
Mahu2021: folds 
VOOSTT: calls 60
*** TURN *** [7c 5s Ad] [9c]
VOOSTT: checks 
jethro161: bets 120
VOOSTT: folds 
Uncalled bet (120) returned to jethro161
jethro161 collected 240 from pot
jethro161: doesn't show hand 
*** SUMMARY ***
Total pot 240 | Rake 0 
Board [7c 5s Ad 9c]
Seat 1: jethro161 (button) collected (240)
Seat 2: Mahu2021 (small blind) folded on the Flop
Seat 3: VOOSTT (big blind) folded on the Turn



PokerStars Hand #252557757167: Tournament #3803525741, $1.84+$0.16 USD Hold'em No Limit - Level I (10/20) - 2024/09/21 18:05:45 CET [2024/09/21 12:05:45 ET]
Table '3803525741 1' 3-max Seat #2 is the button
Seat 1: jethro161 (770 in chips) 
Seat 2: Mahu2021 (680 in chips) 
Seat 3: VOOSTT (50 in chips) 
VOOSTT: posts small blind 10
jethro161: posts big blind 20
*** HOLE CARDS ***
Dealt to Mahu2021 [As 2h]
Mahu2021: raises 40 to 60
VOOSTT: folds 
jethro161: calls 40
*** FLOP *** [7d 5h Jc]
jethro161: checks 
Mahu2021: checks 
*** TURN *** [7d 5h Jc] [5d]
jethro161: checks 
Mahu2021: checks 
*** RIVER *** [7d 5h Jc 5d] [6s]
jethro161: checks 
Mahu2021: checks 
*** SHOW DOWN ***
jethro161: shows [6c Kc] (two pair, Sixes and Fives)
Mahu2021: mucks hand 
jethro161 collected 130 from pot
*** SUMMARY ***
Total pot 130 | Rake 0 
Board [7d 5h Jc 5d 6s]
Seat 1: jethro161 (big blind) showed [6c Kc] and won (130) with two pair, Sixes and Fives
Seat 2: Mahu2021 (button) mucked [As 2h]
Seat 3: VOOSTT (small blind) folded before Flop



PokerStars Hand #252557761347: Tournament #3803525741, $1.84+$0.16 USD Hold'em No Limit - Level I (10/20) - 2024/09/21 18:06:03 CET [2024/09/21 12:06:03 ET]
Table '3803525741 1' 3-max Seat #3 is the button
Seat 1: jethro161 (840 in chips) 
Seat 2: Mahu2021 (620 in chips) 
Seat 3: VOOSTT (40 in chips) 
jethro161: posts small blind 10
Mahu2021: posts big blind 20
*** HOLE CARDS ***
Dealt to Mahu2021 [8d Qd]
VOOSTT: folds 
jethro161: calls 10
Mahu2021: checks 
*** FLOP *** [5h 8s Ac]
jethro161: checks 
Mahu2021: bets 20
jethro161: folds 
Uncalled bet (20) returned to Mahu2021
Mahu2021 collected 40 from pot
Mahu2021: doesn't show hand 
*** SUMMARY ***
Total pot 40 | Rake 0 
Board [5h 8s Ac]
Seat 1: jethro161 (small blind) folded on the Flop
Seat 2: Mahu2021 (big blind) collected (40)
Seat 3: VOOSTT (button) folded before Flop (didn't bet)



PokerStars Hand #252557764945: Tournament #3803525741, $1.84+$0.16 USD Hold'em No Limit - Level II (15/30) - 2024/09/21 18:06:19 CET [2024/09/21 12:06:19 ET]
Table '3803525741 1' 3-max Seat #1 is the button
Seat 1: jethro161 (820 in chips) 
Seat 2: Mahu2021 (640 in chips) 
Seat 3: VOOSTT (40 in chips) 
Mahu2021: posts small blind 15
VOOSTT: posts big blind 30
*** HOLE CARDS ***
Dealt to Mahu2021 [6d 4s]
jethro161: folds 
Mahu2021: folds 
Uncalled bet (15) returned to VOOSTT
VOOSTT collected 30 from pot
*** SUMMARY ***
Total pot 30 | Rake 0 
Seat 1: jethro161 (button) folded before Flop (didn't bet)
Seat 2: Mahu2021 (small blind) folded before Flop
Seat 3: VOOSTT (big blind) collected (30)



PokerStars Hand #252557766343: Tournament #3803525741, $1.84+$0.16 USD Hold'em No Limit - Level II (15/30) - 2024/09/21 18:06:25 CET [2024/09/21 12:06:25 ET]
Table '3803525741 1' 3-max Seat #2 is the button
Seat 1: jethro161 (820 in chips) 
Seat 2: Mahu2021 (625 in chips) 
Seat 3: VOOSTT (55 in chips) 
VOOSTT: posts small blind 15
jethro161: posts big blind 30
*** HOLE CARDS ***
Dealt to Mahu2021 [7d 7c]
Mahu2021: raises 60 to 90
VOOSTT: calls 40 and is all-in
jethro161: calls 60
*** FLOP *** [9s Tc 6c]
jethro161: checks 
Mahu2021: checks 
*** TURN *** [9s Tc 6c] [4c]
jethro161: checks 
Mahu2021: checks 
*** RIVER *** [9s Tc 6c 4c] [5h]
jethro161: checks 
Mahu2021: checks 
*** SHOW DOWN ***
jethro161: shows [Ah 4h] (a pair of Fours)
Mahu2021: shows [7d 7c] (a pair of Sevens)
Mahu2021 collected 70 from side pot
VOOSTT: mucks hand 
Mahu2021 collected 165 from main pot
VOOSTT finished the tournament in 3rd place
*** SUMMARY ***
Total pot 235 Main pot 165. Side pot 70. | Rake 0 
Board [9s Tc 6c 4c 5h]
Seat 1: jethro161 (big blind) showed [Ah 4h] and lost with a pair of Fours
Seat 2: Mahu2021 (button) showed [7d 7c] and won (235) with a pair of Sevens
Seat 3: VOOSTT (small blind) mucked [2d Kh]



PokerStars Hand #252557771743: Tournament #3803525741, $1.84+$0.16 USD Hold'em No Limit - Level II (15/30) - 2024/09/21 18:06:49 CET [2024/09/21 12:06:49 ET]
Table '3803525741 1' 3-max Seat #1 is the button
Seat 1: jethro161 (730 in chips) 
Seat 2: Mahu2021 (770 in chips) 
jethro161: posts small blind 15
Mahu2021: posts big blind 30
*** HOLE CARDS ***
Dealt to Mahu2021 [Th 9h]
jethro161: calls 15
Mahu2021: checks 
*** FLOP *** [Tc 5s 7c]
Mahu2021: bets 30
jethro161: calls 30
*** TURN *** [Tc 5s 7c] [5c]
Mahu2021: bets 30
jethro161: calls 30
*** RIVER *** [Tc 5s 7c 5c] [6s]
Mahu2021: bets 30
jethro161: raises 30 to 60
Mahu2021: calls 30
*** SHOW DOWN ***
jethro161: shows [Kh 5h] (three of a kind, Fives)
Mahu2021: mucks hand 
jethro161 collected 300 from pot
*** SUMMARY ***
Total pot 300 | Rake 0 
Board [Tc 5s 7c 5c 6s]
Seat 1: jethro161 (button) (small blind) showed [Kh 5h] and won (300) with three of a kind, Fives
Seat 2: Mahu2021 (big blind) mucked [Th 9h]



PokerStars Hand #252557776122: Tournament #3803525741, $1.84+$0.16 USD Hold'em No Limit - Level II (15/30) - 2024/09/21 18:07:08 CET [2024/09/21 12:07:08 ET]
Table '3803525741 1' 3-max Seat #2 is the button
Seat 1: jethro161 (880 in chips) 
Seat 2: Mahu2021 (620 in chips) 
Mahu2021: posts small blind 15
jethro161: posts big blind 30
*** HOLE CARDS ***
Dealt to Mahu2021 [Tc 6d]
Mahu2021: folds 
Uncalled bet (15) returned to jethro161
jethro161 collected 30 from pot
jethro161: doesn't show hand 
*** SUMMARY ***
Total pot 30 | Rake 0 
Seat 1: jethro161 (big blind) collected (30)
Seat 2: Mahu2021 (button) (small blind) folded before Flop



PokerStars Hand #252557777070: Tournament #3803525741, $1.84+$0.16 USD Hold'em No Limit - Level II (15/30) - 2024/09/21 18:07:12 CET [2024/09/21 12:07:12 ET]
Table '3803525741 1' 3-max Seat #1 is the button
Seat 1: jethro161 (895 in chips) 
Seat 2: Mahu2021 (605 in chips) 
jethro161: posts small blind 15
Mahu2021: posts big blind 30
*** HOLE CARDS ***
Dealt to Mahu2021 [Ah 7d]
jethro161: calls 15
Mahu2021: checks 
*** FLOP *** [5d 3c 9s]
Mahu2021: checks 
jethro161: bets 60
Mahu2021: folds 
Uncalled bet (60) returned to jethro161
jethro161 collected 60 from pot
jethro161: doesn't show hand 
*** SUMMARY ***
Total pot 60 | Rake 0 
Board [5d 3c 9s]
Seat 1: jethro161 (button) (small blind) collected (60)
Seat 2: Mahu2021 (big blind) folded on the Flop



PokerStars Hand #252557779955: Tournament #3803525741, $1.84+$0.16 USD Hold'em No Limit - Level II (15/30) - 2024/09/21 18:07:25 CET [2024/09/21 12:07:25 ET]
Table '3803525741 1' 3-max Seat #2 is the button
Seat 1: jethro161 (925 in chips) 
Seat 2: Mahu2021 (575 in chips) 
Mahu2021: posts small blind 15
jethro161: posts big blind 30
*** HOLE CARDS ***
Dealt to Mahu2021 [4c Kc]
Mahu2021: raises 30 to 60
jethro161: calls 30
*** FLOP *** [3c Ks 2c]
jethro161: checks 
Mahu2021: bets 30
jethro161: calls 30
*** TURN *** [3c Ks 2c] [Kh]
jethro161: checks 
Mahu2021: bets 30
jethro161: calls 30
*** RIVER *** [3c Ks 2c Kh] [5c]
jethro161: bets 120
Mahu2021: raises 335 to 455 and is all-in
jethro161: calls 335
*** SHOW DOWN ***
Mahu2021: shows [4c Kc] (a flush, King high)
jethro161: shows [Tc 7c] (a flush, Ten high)
Mahu2021 collected 1150 from pot
*** SUMMARY ***
Total pot 1150 | Rake 0 
Board [3c Ks 2c Kh 5c]
Seat 1: jethro161 (big blind) showed [Tc 7c] and lost with a flush, Ten high
Seat 2: Mahu2021 (button) (small blind) showed [4c Kc] and won (1150) with a flush, King high



PokerStars Hand #252557785688: Tournament #3803525741, $1.84+$0.16 USD Hold'em No Limit - Level II (15/30) - 2024/09/21 18:07:50 CET [2024/09/21 12:07:50 ET]
Table '3803525741 1' 3-max Seat #1 is the button
Seat 1: jethro161 (350 in chips) 
Seat 2: Mahu2021 (1150 in chips) 
jethro161: posts small blind 15
Mahu2021: posts big blind 30
*** HOLE CARDS ***
Dealt to Mahu2021 [Qh 9d]
jethro161: calls 15
Mahu2021: checks 
*** FLOP *** [Kh 8d Tc]
Mahu2021: checks 
jethro161: checks 
*** TURN *** [Kh 8d Tc] [Ad]
Mahu2021: checks 
jethro161: checks 
*** RIVER *** [Kh 8d Tc Ad] [8c]
Mahu2021: checks 
jethro161: checks 
*** SHOW DOWN ***
Mahu2021: shows [Qh 9d] (a pair of Eights)
jethro161: mucks hand 
Mahu2021 collected 60 from pot
*** SUMMARY ***
Total pot 60 | Rake 0 
Board [Kh 8d Tc Ad 8c]
Seat 1: jethro161 (button) (small blind) mucked [3s 5c]
Seat 2: Mahu2021 (big blind) showed [Qh 9d] and won (60) with a pair of Eights



PokerStars Hand #252557788962: Tournament #3803525741, $1.84+$0.16 USD Hold'em No Limit - Level II (15/30) - 2024/09/21 18:08:04 CET [2024/09/21 12:08:04 ET]
Table '3803525741 1' 3-max Seat #2 is the button
Seat 1: jethro161 (320 in chips) 
Seat 2: Mahu2021 (1180 in chips) 
Mahu2021: posts small blind 15
jethro161: posts big blind 30
*** HOLE CARDS ***
Dealt to Mahu2021 [Qc 5s]
Mahu2021: calls 15
jethro161: checks 
*** FLOP *** [Qd 9d 4c]
jethro161: checks 
Mahu2021: bets 30
jethro161: calls 30
*** TURN *** [Qd 9d 4c] [Ac]
jethro161: checks 
Mahu2021: bets 30
jethro161: folds 
Uncalled bet (30) returned to Mahu2021
Mahu2021 collected 120 from pot
Mahu2021: doesn't show hand 
*** SUMMARY ***
Total pot 120 | Rake 0 
Board [Qd 9d 4c Ac]
Seat 1: jethro161 (big blind) folded on the Turn
Seat 2: Mahu2021 (button) (small blind) collected (120)



PokerStars Hand #252557792507: Tournament #3803525741, $1.84+$0.16 USD Hold'em No Limit - Level II (15/30) - 2024/09/21 18:08:19 CET [2024/09/21 12:08:19 ET]
Table '3803525741 1' 3-max Seat #1 is the button
Seat 1: jethro161 (260 in chips) 
Seat 2: Mahu2021 (1240 in chips) 
jethro161: posts small blind 15
Mahu2021: posts big blind 30
*** HOLE CARDS ***
Dealt to Mahu2021 [7h Kd]
jethro161: calls 15
Mahu2021: raises 1210 to 1240 and is all-in
jethro161: folds 
Uncalled bet (1210) returned to Mahu2021
Mahu2021 collected 60 from pot
Mahu2021: doesn't show hand 
*** SUMMARY ***
Total pot 60 | Rake 0 
Seat 1: jethro161 (button) (small blind) folded before Flop
Seat 2: Mahu2021 (big blind) collected (60)



PokerStars Hand #252557794381: Tournament #3803525741, $1.84+$0.16 USD Hold'em No Limit - Level II (15/30) - 2024/09/21 18:08:27 CET [2024/09/21 12:08:27 ET]
Table '3803525741 1' 3-max Seat #2 is the button
Seat 1: jethro161 (230 in chips) 
Seat 2: Mahu2021 (1270 in chips) 
Mahu2021: posts small blind 15
jethro161: posts big blind 30
*** HOLE CARDS ***
Dealt to Mahu2021 [2h Jh]
Mahu2021: raises 30 to 60
jethro161: calls 30
*** FLOP *** [9h 5d 6h]
jethro161: checks 
Mahu2021: bets 1210 and is all-in
jethro161: folds 
Uncalled bet (1210) returned to Mahu2021
Mahu2021 collected 120 from pot
Mahu2021: doesn't show hand 
*** SUMMARY ***
Total pot 120 | Rake 0 
Board [9h 5d 6h]
Seat 1: jethro161 (big blind) folded on the Flop
Seat 2: Mahu2021 (button) (small blind) collected (120)



PokerStars Hand #252557797018: Tournament #3803525741, $1.84+$0.16 USD Hold'em No Limit - Level II (15/30) - 2024/09/21 18:08:38 CET [2024/09/21 12:08:38 ET]
Table '3803525741 1' 3-max Seat #1 is the button
Seat 1: jethro161 (170 in chips) 
Seat 2: Mahu2021 (1330 in chips) 
jethro161: posts small blind 15
Mahu2021: posts big blind 30
*** HOLE CARDS ***
Dealt to Mahu2021 [Ts 5c]
jethro161: raises 140 to 170 and is all-in
Mahu2021: folds 
Uncalled bet (140) returned to jethro161
jethro161 collected 60 from pot
jethro161: doesn't show hand 
*** SUMMARY ***
Total pot 60 | Rake 0 
Seat 1: jethro161 (button) (small blind) collected (60)
Seat 2: Mahu2021 (big blind) folded before Flop



PokerStars Hand #252557798743: Tournament #3803525741, $1.84+$0.16 USD Hold'em No Limit - Level II (15/30) - 2024/09/21 18:08:46 CET [2024/09/21 12:08:46 ET]
Table '3803525741 1' 3-max Seat #2 is the button
Seat 1: jethro161 (200 in chips) 
Seat 2: Mahu2021 (1300 in chips) 
Mahu2021: posts small blind 15
jethro161: posts big blind 30
*** HOLE CARDS ***
Dealt to Mahu2021 [Qh 5d]
Mahu2021: calls 15
jethro161: checks 
*** FLOP *** [3s 6h 6s]
jethro161: checks 
Mahu2021: checks 
*** TURN *** [3s 6h 6s] [9s]
jethro161: checks 
Mahu2021: checks 
*** RIVER *** [3s 6h 6s 9s] [3d]
jethro161: checks 
Mahu2021: bets 30
jethro161: folds 
Uncalled bet (30) returned to Mahu2021
Mahu2021 collected 60 from pot
Mahu2021: doesn't show hand 
*** SUMMARY ***
Total pot 60 | Rake 0 
Board [3s 6h 6s 9s 3d]
Seat 1: jethro161 (big blind) folded on the River
Seat 2: Mahu2021 (button) (small blind) collected (60)



PokerStars Hand #252557802440: Tournament #3803525741, $1.84+$0.16 USD Hold'em No Limit - Level II (15/30) - 2024/09/21 18:09:02 CET [2024/09/21 12:09:02 ET]
Table '3803525741 1' 3-max Seat #1 is the button
Seat 1: jethro161 (170 in chips) 
Seat 2: Mahu2021 (1330 in chips) 
jethro161: posts small blind 15
Mahu2021: posts big blind 30
*** HOLE CARDS ***
Dealt to Mahu2021 [Jh 3h]
jethro161: calls 15
Mahu2021: checks 
*** FLOP *** [Jd 8c Ac]
Mahu2021: checks 
jethro161: checks 
*** TURN *** [Jd 8c Ac] [Kc]
Mahu2021: checks 
jethro161: checks 
*** RIVER *** [Jd 8c Ac Kc] [9h]
Mahu2021: checks 
jethro161: checks 
*** SHOW DOWN ***
Mahu2021: shows [Jh 3h] (a pair of Jacks)
jethro161: mucks hand 
Mahu2021 collected 60 from pot
*** SUMMARY ***
Total pot 60 | Rake 0 
Board [Jd 8c Ac Kc 9h]
Seat 1: jethro161 (button) (small blind) mucked [Qh 4d]
Seat 2: Mahu2021 (big blind) showed [Jh 3h] and won (60) with a pair of Jacks



PokerStars Hand #252557806803: Tournament #3803525741, $1.84+$0.16 USD Hold'em No Limit - Level III (20/40) - 2024/09/21 18:09:21 CET [2024/09/21 12:09:21 ET]
Table '3803525741 1' 3-max Seat #2 is the button
Seat 1: jethro161 (140 in chips) 
Seat 2: Mahu2021 (1360 in chips) 
Mahu2021: posts small blind 20
jethro161: posts big blind 40
*** HOLE CARDS ***
Dealt to Mahu2021 [Js 7s]
Mahu2021: raises 1320 to 1360 and is all-in
jethro161: calls 100 and is all-in
Uncalled bet (1220) returned to Mahu2021
*** FLOP *** [3c 5c Jc]
*** TURN *** [3c 5c Jc] [2d]
*** RIVER *** [3c 5c Jc 2d] [9h]
*** SHOW DOWN ***
jethro161: shows [8s 7c] (high card Jack)
Mahu2021: shows [Js 7s] (a pair of Jacks)
Mahu2021 collected 280 from pot
jethro161 finished the tournament in 2nd place
Mahu2021 wins the tournament and receives $8.00 - congratulations!
*** SUMMARY ***
Total pot 280 | Rake 0 
Board [3c 5c Jc 2d 9h]
Seat 1: jethro161 (big blind) showed [8s 7c] and lost with high card Jack
Seat 2: Mahu2021 (button) (small blind) showed [Js 7s] and won (280) with a pair of Jacks



