PokerStars Hand #249024948417: Tournament #3719629146, $1.84+$0.16 USD Hold'em No Limit - Level I (10/20) - 2024/02/22 13:55:06 CET [2024/02/22 7:55:06 ET]
Table '3719629146 1' 3-max Seat #1 is the button
Seat 1: Piotr280688 (500 in chips) 
Seat 2: Golfingrocks (500 in chips) 
Seat 3: Mahu2021 (500 in chips) 
Golfingrocks: posts small blind 10
Mahu2021: posts big blind 20
*** HOLE CARDS ***
Dealt to Mahu2021 [2s Jh]
Piotr280688: raises 20 to 40
Golfingrocks: calls 30
Mahu2021: folds 
*** FLOP *** [3d Qs 8h]
Golfingrocks: checks 
Piotr280688: bets 60
Golfingrocks: calls 60
*** TURN *** [3d Qs 8h] [4s]
Golfingrocks: checks 
Piotr280688: bets 120
Golfingrocks: raises 120 to 240
Piotr280688: raises 160 to 400 and is all-in
Golfingrocks: calls 160 and is all-in
*** RIVER *** [3d Qs 8h 4s] [6h]
*** SHOW DOWN ***
Golfingrocks: shows [Jc Qc] (a pair of Queens)
Piotr280688: shows [Qh Jd] (a pair of Queens)
Golfingrocks collected 510 from pot
Piotr280688 collected 510 from pot
*** SUMMARY ***
Total pot 1020 | Rake 0 
Board [3d Qs 8h 4s 6h]
Seat 1: Piotr280688 (button) showed [Qh Jd] and won (510) with a pair of Queens
Seat 2: Golfingrocks (small blind) showed [Jc Qc] and won (510) with a pair of Queens
Seat 3: Mahu2021 (big blind) folded before Flop



PokerStars Hand #249024954007: Tournament #3719629146, $1.84+$0.16 USD Hold'em No Limit - Level I (10/20) - 2024/02/22 13:55:43 CET [2024/02/22 7:55:43 ET]
Table '3719629146 1' 3-max Seat #2 is the button
Seat 1: Piotr280688 (510 in chips) 
Seat 2: Golfingrocks (510 in chips) 
Seat 3: Mahu2021 (480 in chips) 
Mahu2021: posts small blind 10
Piotr280688: posts big blind 20
*** HOLE CARDS ***
Dealt to Mahu2021 [Kh Qd]
Golfingrocks: folds 
Mahu2021: raises 40 to 60
Piotr280688: calls 40
*** FLOP *** [6h 8s 2d]
Mahu2021: checks 
Piotr280688: bets 60
Mahu2021: calls 60
*** TURN *** [6h 8s 2d] [As]
Mahu2021: checks 
Piotr280688: checks 
*** RIVER *** [6h 8s 2d As] [7c]
Mahu2021: checks 
Piotr280688: bets 390 and is all-in
Mahu2021: folds 
Uncalled bet (390) returned to Piotr280688
Piotr280688 collected 240 from pot
Piotr280688: doesn't show hand 
*** SUMMARY ***
Total pot 240 | Rake 0 
Board [6h 8s 2d As 7c]
Seat 1: Piotr280688 (big blind) collected (240)
Seat 2: Golfingrocks (button) folded before Flop (didn't bet)
Seat 3: Mahu2021 (small blind) folded on the River



PokerStars Hand #249024958904: Tournament #3719629146, $1.84+$0.16 USD Hold'em No Limit - Level I (10/20) - 2024/02/22 13:56:15 CET [2024/02/22 7:56:15 ET]
Table '3719629146 1' 3-max Seat #3 is the button
Seat 1: Piotr280688 (630 in chips) 
Seat 2: Golfingrocks (510 in chips) 
Seat 3: Mahu2021 (360 in chips) 
Piotr280688: posts small blind 10
Golfingrocks: posts big blind 20
*** HOLE CARDS ***
Dealt to Mahu2021 [6h 4d]
Mahu2021: folds 
Piotr280688: folds 
Uncalled bet (10) returned to Golfingrocks
Golfingrocks collected 20 from pot
Golfingrocks: doesn't show hand 
*** SUMMARY ***
Total pot 20 | Rake 0 
Seat 1: Piotr280688 (small blind) folded before Flop
Seat 2: Golfingrocks (big blind) collected (20)
Seat 3: Mahu2021 (button) folded before Flop (didn't bet)



PokerStars Hand #249024960446: Tournament #3719629146, $1.84+$0.16 USD Hold'em No Limit - Level I (10/20) - 2024/02/22 13:56:25 CET [2024/02/22 7:56:25 ET]
Table '3719629146 1' 3-max Seat #1 is the button
Seat 1: Piotr280688 (620 in chips) 
Seat 2: Golfingrocks (520 in chips) 
Seat 3: Mahu2021 (360 in chips) 
Golfingrocks: posts small blind 10
Mahu2021: posts big blind 20
*** HOLE CARDS ***
Dealt to Mahu2021 [7c 2c]
Piotr280688: folds 
Golfingrocks: calls 10
Mahu2021: checks 
*** FLOP *** [9s Ad 6d]
Golfingrocks: bets 20
Mahu2021: folds 
Uncalled bet (20) returned to Golfingrocks
Golfingrocks collected 40 from pot
Golfingrocks: doesn't show hand 
*** SUMMARY ***
Total pot 40 | Rake 0 
Board [9s Ad 6d]
Seat 1: Piotr280688 (button) folded before Flop (didn't bet)
Seat 2: Golfingrocks (small blind) collected (40)
Seat 3: Mahu2021 (big blind) folded on the Flop



PokerStars Hand #249024962477: Tournament #3719629146, $1.84+$0.16 USD Hold'em No Limit - Level I (10/20) - 2024/02/22 13:56:39 CET [2024/02/22 7:56:39 ET]
Table '3719629146 1' 3-max Seat #2 is the button
Seat 1: Piotr280688 (620 in chips) 
Seat 2: Golfingrocks (540 in chips) 
Seat 3: Mahu2021 (340 in chips) 
Mahu2021: posts small blind 10
Piotr280688: posts big blind 20
*** HOLE CARDS ***
Dealt to Mahu2021 [8s 9c]
Golfingrocks: calls 20
Mahu2021: calls 10
Piotr280688: raises 600 to 620 and is all-in
Golfingrocks: folds 
Mahu2021: folds 
Uncalled bet (600) returned to Piotr280688
Piotr280688 collected 60 from pot
Piotr280688: doesn't show hand 
*** SUMMARY ***
Total pot 60 | Rake 0 
Seat 1: Piotr280688 (big blind) collected (60)
Seat 2: Golfingrocks (button) folded before Flop
Seat 3: Mahu2021 (small blind) folded before Flop



PokerStars Hand #249024965565: Tournament #3719629146, $1.84+$0.16 USD Hold'em No Limit - Level I (10/20) - 2024/02/22 13:56:59 CET [2024/02/22 7:56:59 ET]
Table '3719629146 1' 3-max Seat #3 is the button
Seat 1: Piotr280688 (660 in chips) 
Seat 2: Golfingrocks (520 in chips) 
Seat 3: Mahu2021 (320 in chips) 
Piotr280688: posts small blind 10
Golfingrocks: posts big blind 20
*** HOLE CARDS ***
Dealt to Mahu2021 [7d Qc]
Mahu2021: folds 
Piotr280688: raises 40 to 60
Golfingrocks: calls 40
*** FLOP *** [Ac Kc Qd]
Piotr280688: checks 
Golfingrocks: checks 
*** TURN *** [Ac Kc Qd] [9s]
Piotr280688: bets 60
Golfingrocks: calls 60
*** RIVER *** [Ac Kc Qd 9s] [3c]
Piotr280688: checks 
Golfingrocks: bets 400 and is all-in
Piotr280688: calls 400
*** SHOW DOWN ***
Golfingrocks: shows [Jc 5c] (a flush, Ace high)
Piotr280688: shows [Jh Qs] (a pair of Queens)
Golfingrocks collected 1040 from pot
*** SUMMARY ***
Total pot 1040 | Rake 0 
Board [Ac Kc Qd 9s 3c]
Seat 1: Piotr280688 (small blind) showed [Jh Qs] and lost with a pair of Queens
Seat 2: Golfingrocks (big blind) showed [Jc 5c] and won (1040) with a flush, Ace high
Seat 3: Mahu2021 (button) folded before Flop (didn't bet)



PokerStars Hand #249024971459: Tournament #3719629146, $1.84+$0.16 USD Hold'em No Limit - Level I (10/20) - 2024/02/22 13:57:39 CET [2024/02/22 7:57:39 ET]
Table '3719629146 1' 3-max Seat #1 is the button
Seat 1: Piotr280688 (140 in chips) 
Seat 2: Golfingrocks (1040 in chips) 
Seat 3: Mahu2021 (320 in chips) 
Golfingrocks: posts small blind 10
Mahu2021: posts big blind 20
*** HOLE CARDS ***
Dealt to Mahu2021 [5s Js]
Piotr280688: folds 
Golfingrocks: raises 40 to 60
Mahu2021: calls 40
*** FLOP *** [Jc 8c 3h]
Golfingrocks: checks 
Mahu2021: bets 260 and is all-in
Golfingrocks: folds 
Uncalled bet (260) returned to Mahu2021
Mahu2021 collected 120 from pot
Mahu2021: doesn't show hand 
*** SUMMARY ***
Total pot 120 | Rake 0 
Board [Jc 8c 3h]
Seat 1: Piotr280688 (button) folded before Flop (didn't bet)
Seat 2: Golfingrocks (small blind) folded on the Flop
Seat 3: Mahu2021 (big blind) collected (120)



PokerStars Hand #249024974366: Tournament #3719629146, $1.84+$0.16 USD Hold'em No Limit - Level I (10/20) - 2024/02/22 13:57:58 CET [2024/02/22 7:57:58 ET]
Table '3719629146 1' 3-max Seat #2 is the button
Seat 1: Piotr280688 (140 in chips) 
Seat 2: Golfingrocks (980 in chips) 
Seat 3: Mahu2021 (380 in chips) 
Mahu2021: posts small blind 10
Piotr280688: posts big blind 20
*** HOLE CARDS ***
Dealt to Mahu2021 [5c 8h]
Golfingrocks: folds 
Mahu2021: folds 
Uncalled bet (10) returned to Piotr280688
Piotr280688 collected 20 from pot
Piotr280688: doesn't show hand 
*** SUMMARY ***
Total pot 20 | Rake 0 
Seat 1: Piotr280688 (big blind) collected (20)
Seat 2: Golfingrocks (button) folded before Flop (didn't bet)
Seat 3: Mahu2021 (small blind) folded before Flop



PokerStars Hand #249024975211: Tournament #3719629146, $1.84+$0.16 USD Hold'em No Limit - Level I (10/20) - 2024/02/22 13:58:04 CET [2024/02/22 7:58:04 ET]
Table '3719629146 1' 3-max Seat #3 is the button
Seat 1: Piotr280688 (150 in chips) 
Seat 2: Golfingrocks (980 in chips) 
Seat 3: Mahu2021 (370 in chips) 
Piotr280688: posts small blind 10
Golfingrocks: posts big blind 20
*** HOLE CARDS ***
Dealt to Mahu2021 [Ks 5s]
Mahu2021: raises 20 to 40
Piotr280688: raises 110 to 150 and is all-in
Golfingrocks: raises 110 to 260
Mahu2021: folds 
Uncalled bet (110) returned to Golfingrocks
*** FLOP *** [6c Qs 3h]
*** TURN *** [6c Qs 3h] [Qc]
*** RIVER *** [6c Qs 3h Qc] [6h]
*** SHOW DOWN ***
Piotr280688: shows [Ad 6s] (a full house, Sixes full of Queens)
Golfingrocks: shows [Th Td] (two pair, Queens and Tens)
Piotr280688 collected 340 from pot
*** SUMMARY ***
Total pot 340 | Rake 0 
Board [6c Qs 3h Qc 6h]
Seat 1: Piotr280688 (small blind) showed [Ad 6s] and won (340) with a full house, Sixes full of Queens
Seat 2: Golfingrocks (big blind) showed [Th Td] and lost with two pair, Queens and Tens
Seat 3: Mahu2021 (button) folded before Flop



PokerStars Hand #249024979096: Tournament #3719629146, $1.84+$0.16 USD Hold'em No Limit - Level II (15/30) - 2024/02/22 13:58:30 CET [2024/02/22 7:58:30 ET]
Table '3719629146 1' 3-max Seat #1 is the button
Seat 1: Piotr280688 (340 in chips) 
Seat 2: Golfingrocks (830 in chips) 
Seat 3: Mahu2021 (330 in chips) 
Golfingrocks: posts small blind 15
Mahu2021: posts big blind 30
*** HOLE CARDS ***
Dealt to Mahu2021 [3d 4c]
Piotr280688: folds 
Golfingrocks: raises 60 to 90
Mahu2021: folds 
Uncalled bet (60) returned to Golfingrocks
Golfingrocks collected 60 from pot
Golfingrocks: doesn't show hand 
*** SUMMARY ***
Total pot 60 | Rake 0 
Seat 1: Piotr280688 (button) folded before Flop (didn't bet)
Seat 2: Golfingrocks (small blind) collected (60)
Seat 3: Mahu2021 (big blind) folded before Flop



PokerStars Hand #249024980482: Tournament #3719629146, $1.84+$0.16 USD Hold'em No Limit - Level II (15/30) - 2024/02/22 13:58:40 CET [2024/02/22 7:58:40 ET]
Table '3719629146 1' 3-max Seat #2 is the button
Seat 1: Piotr280688 (340 in chips) 
Seat 2: Golfingrocks (860 in chips) 
Seat 3: Mahu2021 (300 in chips) 
Mahu2021: posts small blind 15
Piotr280688: posts big blind 30
*** HOLE CARDS ***
Dealt to Mahu2021 [3h 9c]
Golfingrocks: folds 
Mahu2021: folds 
Uncalled bet (15) returned to Piotr280688
Piotr280688 collected 30 from pot
Piotr280688: doesn't show hand 
*** SUMMARY ***
Total pot 30 | Rake 0 
Seat 1: Piotr280688 (big blind) collected (30)
Seat 2: Golfingrocks (button) folded before Flop (didn't bet)
Seat 3: Mahu2021 (small blind) folded before Flop



PokerStars Hand #249024981187: Tournament #3719629146, $1.84+$0.16 USD Hold'em No Limit - Level II (15/30) - 2024/02/22 13:58:44 CET [2024/02/22 7:58:44 ET]
Table '3719629146 1' 3-max Seat #3 is the button
Seat 1: Piotr280688 (355 in chips) 
Seat 2: Golfingrocks (860 in chips) 
Seat 3: Mahu2021 (285 in chips) 
Piotr280688: posts small blind 15
Golfingrocks: posts big blind 30
*** HOLE CARDS ***
Dealt to Mahu2021 [9c 8d]
Mahu2021: folds 
Piotr280688: calls 15
Golfingrocks: checks 
*** FLOP *** [3h 9h 9s]
Piotr280688: bets 60
Golfingrocks: calls 60
*** TURN *** [3h 9h 9s] [8s]
Piotr280688: checks 
Golfingrocks: bets 770 and is all-in
Piotr280688: calls 265 and is all-in
Uncalled bet (505) returned to Golfingrocks
*** RIVER *** [3h 9h 9s 8s] [5c]
*** SHOW DOWN ***
Piotr280688: shows [3d Qd] (two pair, Nines and Threes)
Golfingrocks: shows [Jh 9d] (three of a kind, Nines)
Golfingrocks collected 710 from pot
Piotr280688 finished the tournament in 3rd place
*** SUMMARY ***
Total pot 710 | Rake 0 
Board [3h 9h 9s 8s 5c]
Seat 1: Piotr280688 (small blind) showed [3d Qd] and lost with two pair, Nines and Threes
Seat 2: Golfingrocks (big blind) showed [Jh 9d] and won (710) with three of a kind, Nines
Seat 3: Mahu2021 (button) folded before Flop (didn't bet)



PokerStars Hand #249024988970: Tournament #3719629146, $1.84+$0.16 USD Hold'em No Limit - Level II (15/30) - 2024/02/22 13:59:37 CET [2024/02/22 7:59:37 ET]
Table '3719629146 1' 3-max Seat #2 is the button
Seat 2: Golfingrocks (1215 in chips) 
Seat 3: Mahu2021 (285 in chips) 
Golfingrocks: posts small blind 15
Mahu2021: posts big blind 30
*** HOLE CARDS ***
Dealt to Mahu2021 [2h 6s]
Golfingrocks: calls 15
Mahu2021: checks 
*** FLOP *** [5d Th Jd]
Mahu2021: checks 
Golfingrocks: checks 
*** TURN *** [5d Th Jd] [As]
Mahu2021: checks 
Golfingrocks: bets 30
Mahu2021: folds 
Uncalled bet (30) returned to Golfingrocks
Golfingrocks collected 60 from pot
Golfingrocks: doesn't show hand 
*** SUMMARY ***
Total pot 60 | Rake 0 
Board [5d Th Jd As]
Seat 2: Golfingrocks (button) (small blind) collected (60)
Seat 3: Mahu2021 (big blind) folded on the Turn



PokerStars Hand #249024991090: Tournament #3719629146, $1.84+$0.16 USD Hold'em No Limit - Level II (15/30) - 2024/02/22 13:59:52 CET [2024/02/22 7:59:52 ET]
Table '3719629146 1' 3-max Seat #3 is the button
Seat 2: Golfingrocks (1245 in chips) 
Seat 3: Mahu2021 (255 in chips) 
Mahu2021: posts small blind 15
Golfingrocks: posts big blind 30
*** HOLE CARDS ***
Dealt to Mahu2021 [4c 6s]
Mahu2021: folds 
Uncalled bet (15) returned to Golfingrocks
Golfingrocks collected 30 from pot
Golfingrocks: doesn't show hand 
*** SUMMARY ***
Total pot 30 | Rake 0 
Seat 2: Golfingrocks (big blind) collected (30)
Seat 3: Mahu2021 (button) (small blind) folded before Flop



PokerStars Hand #249024991681: Tournament #3719629146, $1.84+$0.16 USD Hold'em No Limit - Level II (15/30) - 2024/02/22 13:59:56 CET [2024/02/22 7:59:56 ET]
Table '3719629146 1' 3-max Seat #2 is the button
Seat 2: Golfingrocks (1260 in chips) 
Seat 3: Mahu2021 (240 in chips) 
Golfingrocks: posts small blind 15
Mahu2021: posts big blind 30
*** HOLE CARDS ***
Dealt to Mahu2021 [As Ad]
Golfingrocks: calls 15
Mahu2021: raises 60 to 90
Golfingrocks: calls 60
*** FLOP *** [7h Jc 2c]
Mahu2021: bets 150 and is all-in
Golfingrocks: folds 
Uncalled bet (150) returned to Mahu2021
Mahu2021 collected 180 from pot
Mahu2021: doesn't show hand 
*** SUMMARY ***
Total pot 180 | Rake 0 
Board [7h Jc 2c]
Seat 2: Golfingrocks (button) (small blind) folded on the Flop
Seat 3: Mahu2021 (big blind) collected (180)



PokerStars Hand #249024993660: Tournament #3719629146, $1.84+$0.16 USD Hold'em No Limit - Level II (15/30) - 2024/02/22 14:00:09 CET [2024/02/22 8:00:09 ET]
Table '3719629146 1' 3-max Seat #3 is the button
Seat 2: Golfingrocks (1170 in chips) 
Seat 3: Mahu2021 (330 in chips) 
Mahu2021: posts small blind 15
Golfingrocks: posts big blind 30
*** HOLE CARDS ***
Dealt to Mahu2021 [4h Jc]
Mahu2021: calls 15
Golfingrocks: checks 
*** FLOP *** [6s Th Ks]
Golfingrocks: bets 30
Mahu2021: folds 
Uncalled bet (30) returned to Golfingrocks
Golfingrocks collected 60 from pot
Golfingrocks: doesn't show hand 
*** SUMMARY ***
Total pot 60 | Rake 0 
Board [6s Th Ks]
Seat 2: Golfingrocks (big blind) collected (60)
Seat 3: Mahu2021 (button) (small blind) folded on the Flop



PokerStars Hand #249024995375: Tournament #3719629146, $1.84+$0.16 USD Hold'em No Limit - Level II (15/30) - 2024/02/22 14:00:20 CET [2024/02/22 8:00:20 ET]
Table '3719629146 1' 3-max Seat #2 is the button
Seat 2: Golfingrocks (1200 in chips) 
Seat 3: Mahu2021 (300 in chips) 
Golfingrocks: posts small blind 15
Mahu2021: posts big blind 30
*** HOLE CARDS ***
Dealt to Mahu2021 [Qh 6d]
Golfingrocks: folds 
Uncalled bet (15) returned to Mahu2021
Mahu2021 collected 30 from pot
Mahu2021: doesn't show hand 
*** SUMMARY ***
Total pot 30 | Rake 0 
Seat 2: Golfingrocks (button) (small blind) folded before Flop
Seat 3: Mahu2021 (big blind) collected (30)



PokerStars Hand #249024996111: Tournament #3719629146, $1.84+$0.16 USD Hold'em No Limit - Level II (15/30) - 2024/02/22 14:00:25 CET [2024/02/22 8:00:25 ET]
Table '3719629146 1' 3-max Seat #3 is the button
Seat 2: Golfingrocks (1185 in chips) 
Seat 3: Mahu2021 (315 in chips) 
Mahu2021: posts small blind 15
Golfingrocks: posts big blind 30
*** HOLE CARDS ***
Dealt to Mahu2021 [Tc 9d]
Mahu2021: calls 15
Golfingrocks: raises 1155 to 1185 and is all-in
Mahu2021: folds 
Uncalled bet (1155) returned to Golfingrocks
Golfingrocks collected 60 from pot
Golfingrocks: doesn't show hand 
*** SUMMARY ***
Total pot 60 | Rake 0 
Seat 2: Golfingrocks (big blind) collected (60)
Seat 3: Mahu2021 (button) (small blind) folded before Flop



PokerStars Hand #249024997639: Tournament #3719629146, $1.84+$0.16 USD Hold'em No Limit - Level II (15/30) - 2024/02/22 14:00:35 CET [2024/02/22 8:00:35 ET]
Table '3719629146 1' 3-max Seat #2 is the button
Seat 2: Golfingrocks (1215 in chips) 
Seat 3: Mahu2021 (285 in chips) 
Golfingrocks: posts small blind 15
Mahu2021: posts big blind 30
*** HOLE CARDS ***
Dealt to Mahu2021 [8c 4d]
Golfingrocks: calls 15
Mahu2021: checks 
*** FLOP *** [3c 7d Ks]
Mahu2021: checks 
Golfingrocks: bets 30
Mahu2021: folds 
Uncalled bet (30) returned to Golfingrocks
Golfingrocks collected 60 from pot
Golfingrocks: doesn't show hand 
*** SUMMARY ***
Total pot 60 | Rake 0 
Board [3c 7d Ks]
Seat 2: Golfingrocks (button) (small blind) collected (60)
Seat 3: Mahu2021 (big blind) folded on the Flop



PokerStars Hand #249024999213: Tournament #3719629146, $1.84+$0.16 USD Hold'em No Limit - Level II (15/30) - 2024/02/22 14:00:45 CET [2024/02/22 8:00:45 ET]
Table '3719629146 1' 3-max Seat #3 is the button
Seat 2: Golfingrocks (1245 in chips) 
Seat 3: Mahu2021 (255 in chips) 
Mahu2021: posts small blind 15
Golfingrocks: posts big blind 30
*** HOLE CARDS ***
Dealt to Mahu2021 [Jc Ad]
Mahu2021: calls 15
Golfingrocks: checks 
*** FLOP *** [7h 3d Ts]
Golfingrocks: checks 
Mahu2021: checks 
*** TURN *** [7h 3d Ts] [Qd]
Golfingrocks: checks 
Mahu2021: checks 
*** RIVER *** [7h 3d Ts Qd] [6h]
Golfingrocks: checks 
Mahu2021: checks 
*** SHOW DOWN ***
Golfingrocks: shows [5s 6s] (a pair of Sixes)
Mahu2021: mucks hand 
Golfingrocks collected 60 from pot
*** SUMMARY ***
Total pot 60 | Rake 0 
Board [7h 3d Ts Qd 6h]
Seat 2: Golfingrocks (big blind) showed [5s 6s] and won (60) with a pair of Sixes
Seat 3: Mahu2021 (button) (small blind) mucked [Jc Ad]



PokerStars Hand #249025002292: Tournament #3719629146, $1.84+$0.16 USD Hold'em No Limit - Level II (15/30) - 2024/02/22 14:01:02 CET [2024/02/22 8:01:02 ET]
Table '3719629146 1' 3-max Seat #2 is the button
Seat 2: Golfingrocks (1275 in chips) 
Seat 3: Mahu2021 (225 in chips) 
Golfingrocks: posts small blind 15
Mahu2021: posts big blind 30
*** HOLE CARDS ***
Dealt to Mahu2021 [7h 6h]
Golfingrocks: calls 15
Mahu2021: checks 
*** FLOP *** [2d 4h 5h]
Mahu2021: bets 30
Golfingrocks: raises 30 to 60
Mahu2021: raises 135 to 195 and is all-in
Golfingrocks: calls 135
*** TURN *** [2d 4h 5h] [6c]
*** RIVER *** [2d 4h 5h 6c] [Qc]
*** SHOW DOWN ***
Mahu2021: shows [7h 6h] (a pair of Sixes)
Golfingrocks: shows [4s Jh] (a pair of Fours)
Mahu2021 collected 450 from pot
*** SUMMARY ***
Total pot 450 | Rake 0 
Board [2d 4h 5h 6c Qc]
Seat 2: Golfingrocks (button) (small blind) showed [4s Jh] and lost with a pair of Fours
Seat 3: Mahu2021 (big blind) showed [7h 6h] and won (450) with a pair of Sixes



PokerStars Hand #249025006801: Tournament #3719629146, $1.84+$0.16 USD Hold'em No Limit - Level III (20/40) - 2024/02/22 14:01:27 CET [2024/02/22 8:01:27 ET]
Table '3719629146 1' 3-max Seat #3 is the button
Seat 2: Golfingrocks (1050 in chips) 
Seat 3: Mahu2021 (450 in chips) 
Mahu2021: posts small blind 20
Golfingrocks: posts big blind 40
*** HOLE CARDS ***
Dealt to Mahu2021 [Jc 8c]
Mahu2021: raises 40 to 80
Golfingrocks: calls 40
*** FLOP *** [Kc 5d Td]
Golfingrocks: checks 
Mahu2021: checks 
*** TURN *** [Kc 5d Td] [6c]
Golfingrocks: checks 
Mahu2021: bets 370 and is all-in
Golfingrocks: folds 
Uncalled bet (370) returned to Mahu2021
Mahu2021 collected 160 from pot
Mahu2021: doesn't show hand 
*** SUMMARY ***
Total pot 160 | Rake 0 
Board [Kc 5d Td 6c]
Seat 2: Golfingrocks (big blind) folded on the Turn
Seat 3: Mahu2021 (button) (small blind) collected (160)



PokerStars Hand #249025009681: Tournament #3719629146, $1.84+$0.16 USD Hold'em No Limit - Level III (20/40) - 2024/02/22 14:01:43 CET [2024/02/22 8:01:43 ET]
Table '3719629146 1' 3-max Seat #2 is the button
Seat 2: Golfingrocks (970 in chips) 
Seat 3: Mahu2021 (530 in chips) 
Golfingrocks: posts small blind 20
Mahu2021: posts big blind 40
*** HOLE CARDS ***
Dealt to Mahu2021 [6c 5s]
Golfingrocks: raises 930 to 970 and is all-in
Mahu2021: folds 
Uncalled bet (930) returned to Golfingrocks
Golfingrocks collected 80 from pot
Golfingrocks: doesn't show hand 
*** SUMMARY ***
Total pot 80 | Rake 0 
Seat 2: Golfingrocks (button) (small blind) collected (80)
Seat 3: Mahu2021 (big blind) folded before Flop



PokerStars Hand #249025010967: Tournament #3719629146, $1.84+$0.16 USD Hold'em No Limit - Level III (20/40) - 2024/02/22 14:01:51 CET [2024/02/22 8:01:51 ET]
Table '3719629146 1' 3-max Seat #3 is the button
Seat 2: Golfingrocks (1010 in chips) 
Seat 3: Mahu2021 (490 in chips) 
Mahu2021: posts small blind 20
Golfingrocks: posts big blind 40
*** HOLE CARDS ***
Dealt to Mahu2021 [6s 8c]
Mahu2021: folds 
Uncalled bet (20) returned to Golfingrocks
Golfingrocks collected 40 from pot
Golfingrocks: doesn't show hand 
*** SUMMARY ***
Total pot 40 | Rake 0 
Seat 2: Golfingrocks (big blind) collected (40)
Seat 3: Mahu2021 (button) (small blind) folded before Flop



PokerStars Hand #249025011813: Tournament #3719629146, $1.84+$0.16 USD Hold'em No Limit - Level III (20/40) - 2024/02/22 14:01:55 CET [2024/02/22 8:01:55 ET]
Table '3719629146 1' 3-max Seat #2 is the button
Seat 2: Golfingrocks (1030 in chips) 
Seat 3: Mahu2021 (470 in chips) 
Golfingrocks: posts small blind 20
Mahu2021: posts big blind 40
*** HOLE CARDS ***
Dealt to Mahu2021 [Qs 3s]
Golfingrocks: calls 20
Mahu2021: checks 
*** FLOP *** [4s 8d 7d]
Mahu2021: checks 
Golfingrocks: checks 
*** TURN *** [4s 8d 7d] [9s]
Mahu2021: checks 
Golfingrocks: checks 
*** RIVER *** [4s 8d 7d 9s] [6c]
Mahu2021: checks 
Golfingrocks: checks 
*** SHOW DOWN ***
Mahu2021: shows [Qs 3s] (high card Queen)
Golfingrocks: mucks hand 
Mahu2021 collected 80 from pot
*** SUMMARY ***
Total pot 80 | Rake 0 
Board [4s 8d 7d 9s 6c]
Seat 2: Golfingrocks (button) (small blind) mucked [2d Jc]
Seat 3: Mahu2021 (big blind) showed [Qs 3s] and won (80) with high card Queen



PokerStars Hand #249025014643: Tournament #3719629146, $1.84+$0.16 USD Hold'em No Limit - Level III (20/40) - 2024/02/22 14:02:11 CET [2024/02/22 8:02:11 ET]
Table '3719629146 1' 3-max Seat #3 is the button
Seat 2: Golfingrocks (990 in chips) 
Seat 3: Mahu2021 (510 in chips) 
Mahu2021: posts small blind 20
Golfingrocks: posts big blind 40
*** HOLE CARDS ***
Dealt to Mahu2021 [8s 3s]
Mahu2021: folds 
Uncalled bet (20) returned to Golfingrocks
Golfingrocks collected 40 from pot
Golfingrocks: doesn't show hand 
*** SUMMARY ***
Total pot 40 | Rake 0 
Seat 2: Golfingrocks (big blind) collected (40)
Seat 3: Mahu2021 (button) (small blind) folded before Flop



PokerStars Hand #249025015376: Tournament #3719629146, $1.84+$0.16 USD Hold'em No Limit - Level III (20/40) - 2024/02/22 14:02:15 CET [2024/02/22 8:02:15 ET]
Table '3719629146 1' 3-max Seat #2 is the button
Seat 2: Golfingrocks (1010 in chips) 
Seat 3: Mahu2021 (490 in chips) 
Golfingrocks: posts small blind 20
Mahu2021: posts big blind 40
*** HOLE CARDS ***
Dealt to Mahu2021 [6h Ks]
Golfingrocks: calls 20
Mahu2021: raises 450 to 490 and is all-in
Golfingrocks: folds 
Uncalled bet (450) returned to Mahu2021
Mahu2021 collected 80 from pot
Mahu2021: doesn't show hand 
*** SUMMARY ***
Total pot 80 | Rake 0 
Seat 2: Golfingrocks (button) (small blind) folded before Flop
Seat 3: Mahu2021 (big blind) collected (80)



PokerStars Hand #249025016993: Tournament #3719629146, $1.84+$0.16 USD Hold'em No Limit - Level III (20/40) - 2024/02/22 14:02:24 CET [2024/02/22 8:02:24 ET]
Table '3719629146 1' 3-max Seat #3 is the button
Seat 2: Golfingrocks (970 in chips) 
Seat 3: Mahu2021 (530 in chips) 
Mahu2021: posts small blind 20
Golfingrocks: posts big blind 40
*** HOLE CARDS ***
Dealt to Mahu2021 [Jd Qs]
Mahu2021: raises 40 to 80
Golfingrocks: calls 40
*** FLOP *** [Td Ac 5c]
Golfingrocks: checks 
Mahu2021: bets 80
Golfingrocks: folds 
Uncalled bet (80) returned to Mahu2021
Mahu2021 collected 160 from pot
Mahu2021: doesn't show hand 
*** SUMMARY ***
Total pot 160 | Rake 0 
Board [Td Ac 5c]
Seat 2: Golfingrocks (big blind) folded on the Flop
Seat 3: Mahu2021 (button) (small blind) collected (160)



PokerStars Hand #249025019143: Tournament #3719629146, $1.84+$0.16 USD Hold'em No Limit - Level III (20/40) - 2024/02/22 14:02:36 CET [2024/02/22 8:02:36 ET]
Table '3719629146 1' 3-max Seat #2 is the button
Seat 2: Golfingrocks (890 in chips) 
Seat 3: Mahu2021 (610 in chips) 
Golfingrocks: posts small blind 20
Mahu2021: posts big blind 40
*** HOLE CARDS ***
Dealt to Mahu2021 [6h 3c]
Golfingrocks: raises 80 to 120
Mahu2021: folds 
Uncalled bet (80) returned to Golfingrocks
Golfingrocks collected 80 from pot
Golfingrocks: doesn't show hand 
*** SUMMARY ***
Total pot 80 | Rake 0 
Seat 2: Golfingrocks (button) (small blind) collected (80)
Seat 3: Mahu2021 (big blind) folded before Flop



PokerStars Hand #249025020466: Tournament #3719629146, $1.84+$0.16 USD Hold'em No Limit - Level III (20/40) - 2024/02/22 14:02:44 CET [2024/02/22 8:02:44 ET]
Table '3719629146 1' 3-max Seat #3 is the button
Seat 2: Golfingrocks (930 in chips) 
Seat 3: Mahu2021 (570 in chips) 
Mahu2021: posts small blind 20
Golfingrocks: posts big blind 40
*** HOLE CARDS ***
Dealt to Mahu2021 [3c 6d]
Mahu2021: folds 
Uncalled bet (20) returned to Golfingrocks
Golfingrocks collected 40 from pot
Golfingrocks: doesn't show hand 
*** SUMMARY ***
Total pot 40 | Rake 0 
Seat 2: Golfingrocks (big blind) collected (40)
Seat 3: Mahu2021 (button) (small blind) folded before Flop



PokerStars Hand #249025021200: Tournament #3719629146, $1.84+$0.16 USD Hold'em No Limit - Level III (20/40) - 2024/02/22 14:02:48 CET [2024/02/22 8:02:48 ET]
Table '3719629146 1' 3-max Seat #2 is the button
Seat 2: Golfingrocks (950 in chips) 
Seat 3: Mahu2021 (550 in chips) 
Golfingrocks: posts small blind 20
Mahu2021: posts big blind 40
*** HOLE CARDS ***
Dealt to Mahu2021 [2s Jh]
Golfingrocks: calls 20
Mahu2021: checks 
*** FLOP *** [Ad 6s 7c]
Mahu2021: checks 
Golfingrocks: bets 40
Mahu2021: folds 
Uncalled bet (40) returned to Golfingrocks
Golfingrocks collected 80 from pot
Golfingrocks: doesn't show hand 
*** SUMMARY ***
Total pot 80 | Rake 0 
Board [Ad 6s 7c]
Seat 2: Golfingrocks (button) (small blind) collected (80)
Seat 3: Mahu2021 (big blind) folded on the Flop



PokerStars Hand #249025023223: Tournament #3719629146, $1.84+$0.16 USD Hold'em No Limit - Level III (20/40) - 2024/02/22 14:02:59 CET [2024/02/22 8:02:59 ET]
Table '3719629146 1' 3-max Seat #3 is the button
Seat 2: Golfingrocks (990 in chips) 
Seat 3: Mahu2021 (510 in chips) 
Mahu2021: posts small blind 20
Golfingrocks: posts big blind 40
*** HOLE CARDS ***
Dealt to Mahu2021 [9c As]
Mahu2021: raises 40 to 80
Golfingrocks: folds 
Uncalled bet (40) returned to Mahu2021
Mahu2021 collected 80 from pot
Mahu2021: doesn't show hand 
*** SUMMARY ***
Total pot 80 | Rake 0 
Seat 2: Golfingrocks (big blind) folded before Flop
Seat 3: Mahu2021 (button) (small blind) collected (80)



PokerStars Hand #249025024348: Tournament #3719629146, $1.84+$0.16 USD Hold'em No Limit - Level III (20/40) - 2024/02/22 14:03:05 CET [2024/02/22 8:03:05 ET]
Table '3719629146 1' 3-max Seat #2 is the button
Seat 2: Golfingrocks (950 in chips) 
Seat 3: Mahu2021 (550 in chips) 
Golfingrocks: posts small blind 20
Mahu2021: posts big blind 40
*** HOLE CARDS ***
Dealt to Mahu2021 [9c Kc]
Golfingrocks: calls 20
Mahu2021: raises 80 to 120
Golfingrocks: calls 80
*** FLOP *** [4s Kd Ts]
Mahu2021: bets 120
Golfingrocks: folds 
Uncalled bet (120) returned to Mahu2021
Mahu2021 collected 240 from pot
Mahu2021: doesn't show hand 
*** SUMMARY ***
Total pot 240 | Rake 0 
Board [4s Kd Ts]
Seat 2: Golfingrocks (button) (small blind) folded on the Flop
Seat 3: Mahu2021 (big blind) collected (240)



PokerStars Hand #249025026611: Tournament #3719629146, $1.84+$0.16 USD Hold'em No Limit - Level III (20/40) - 2024/02/22 14:03:18 CET [2024/02/22 8:03:18 ET]
Table '3719629146 1' 3-max Seat #3 is the button
Seat 2: Golfingrocks (830 in chips) 
Seat 3: Mahu2021 (670 in chips) 
Mahu2021: posts small blind 20
Golfingrocks: posts big blind 40
*** HOLE CARDS ***
Dealt to Mahu2021 [2s As]
Mahu2021: raises 40 to 80
Golfingrocks: raises 750 to 830 and is all-in
Mahu2021: folds 
Uncalled bet (750) returned to Golfingrocks
Golfingrocks collected 160 from pot
Golfingrocks: doesn't show hand 
*** SUMMARY ***
Total pot 160 | Rake 0 
Seat 2: Golfingrocks (big blind) collected (160)
Seat 3: Mahu2021 (button) (small blind) folded before Flop



PokerStars Hand #249025028344: Tournament #3719629146, $1.84+$0.16 USD Hold'em No Limit - Level III (20/40) - 2024/02/22 14:03:27 CET [2024/02/22 8:03:27 ET]
Table '3719629146 1' 3-max Seat #2 is the button
Seat 2: Golfingrocks (910 in chips) 
Seat 3: Mahu2021 (590 in chips) 
Golfingrocks: posts small blind 20
Mahu2021: posts big blind 40
*** HOLE CARDS ***
Dealt to Mahu2021 [Th 5d]
Golfingrocks: calls 20
Mahu2021: checks 
*** FLOP *** [Ah 7d Qs]
Mahu2021: checks 
Golfingrocks: bets 40
Mahu2021: folds 
Uncalled bet (40) returned to Golfingrocks
Golfingrocks collected 80 from pot
Golfingrocks: doesn't show hand 
*** SUMMARY ***
Total pot 80 | Rake 0 
Board [Ah 7d Qs]
Seat 2: Golfingrocks (button) (small blind) collected (80)
Seat 3: Mahu2021 (big blind) folded on the Flop



PokerStars Hand #249025030153: Tournament #3719629146, $1.84+$0.16 USD Hold'em No Limit - Level III (20/40) - 2024/02/22 14:03:37 CET [2024/02/22 8:03:37 ET]
Table '3719629146 1' 3-max Seat #3 is the button
Seat 2: Golfingrocks (950 in chips) 
Seat 3: Mahu2021 (550 in chips) 
Mahu2021: posts small blind 20
Golfingrocks: posts big blind 40
*** HOLE CARDS ***
Dealt to Mahu2021 [6d Tc]
Mahu2021: folds 
Uncalled bet (20) returned to Golfingrocks
Golfingrocks collected 40 from pot
Golfingrocks: doesn't show hand 
*** SUMMARY ***
Total pot 40 | Rake 0 
Seat 2: Golfingrocks (big blind) collected (40)
Seat 3: Mahu2021 (button) (small blind) folded before Flop



PokerStars Hand #249025030845: Tournament #3719629146, $1.84+$0.16 USD Hold'em No Limit - Level III (20/40) - 2024/02/22 14:03:41 CET [2024/02/22 8:03:41 ET]
Table '3719629146 1' 3-max Seat #2 is the button
Seat 2: Golfingrocks (970 in chips) 
Seat 3: Mahu2021 (530 in chips) 
Golfingrocks: posts small blind 20
Mahu2021: posts big blind 40
*** HOLE CARDS ***
Dealt to Mahu2021 [9d 7h]
Golfingrocks: calls 20
Mahu2021: checks 
*** FLOP *** [Ts 3h Qs]
Mahu2021: checks 
Golfingrocks: checks 
*** TURN *** [Ts 3h Qs] [6s]
Mahu2021: checks 
Golfingrocks: checks 
*** RIVER *** [Ts 3h Qs 6s] [3s]
Mahu2021: checks 
Golfingrocks: checks 
*** SHOW DOWN ***
Mahu2021: shows [9d 7h] (a pair of Threes)
Golfingrocks: shows [8h 9s] (a flush, Queen high)
Golfingrocks collected 80 from pot
*** SUMMARY ***
Total pot 80 | Rake 0 
Board [Ts 3h Qs 6s 3s]
Seat 2: Golfingrocks (button) (small blind) showed [8h 9s] and won (80) with a flush, Queen high
Seat 3: Mahu2021 (big blind) showed [9d 7h] and lost with a pair of Threes



PokerStars Hand #249025033711: Tournament #3719629146, $1.84+$0.16 USD Hold'em No Limit - Level III (20/40) - 2024/02/22 14:03:57 CET [2024/02/22 8:03:57 ET]
Table '3719629146 1' 3-max Seat #3 is the button
Seat 2: Golfingrocks (1010 in chips) 
Seat 3: Mahu2021 (490 in chips) 
Mahu2021: posts small blind 20
Golfingrocks: posts big blind 40
*** HOLE CARDS ***
Dealt to Mahu2021 [6s 4d]
Mahu2021: folds 
Uncalled bet (20) returned to Golfingrocks
Golfingrocks collected 40 from pot
Golfingrocks: doesn't show hand 
*** SUMMARY ***
Total pot 40 | Rake 0 
Seat 2: Golfingrocks (big blind) collected (40)
Seat 3: Mahu2021 (button) (small blind) folded before Flop



PokerStars Hand #249025034472: Tournament #3719629146, $1.84+$0.16 USD Hold'em No Limit - Level III (20/40) - 2024/02/22 14:04:01 CET [2024/02/22 8:04:01 ET]
Table '3719629146 1' 3-max Seat #2 is the button
Seat 2: Golfingrocks (1030 in chips) 
Seat 3: Mahu2021 (470 in chips) 
Golfingrocks: posts small blind 20
Mahu2021: posts big blind 40
*** HOLE CARDS ***
Dealt to Mahu2021 [5d Kd]
Golfingrocks: calls 20
Mahu2021: raises 430 to 470 and is all-in
Golfingrocks: folds 
Uncalled bet (430) returned to Mahu2021
Mahu2021 collected 80 from pot
Mahu2021: doesn't show hand 
*** SUMMARY ***
Total pot 80 | Rake 0 
Seat 2: Golfingrocks (button) (small blind) folded before Flop
Seat 3: Mahu2021 (big blind) collected (80)



PokerStars Hand #249025036598: Tournament #3719629146, $1.84+$0.16 USD Hold'em No Limit - Level IV (30/60) - 2024/02/22 14:04:13 CET [2024/02/22 8:04:13 ET]
Table '3719629146 1' 3-max Seat #3 is the button
Seat 2: Golfingrocks (990 in chips) 
Seat 3: Mahu2021 (510 in chips) 
Mahu2021: posts small blind 30
Golfingrocks: posts big blind 60
*** HOLE CARDS ***
Dealt to Mahu2021 [9d 4h]
Mahu2021: folds 
Uncalled bet (30) returned to Golfingrocks
Golfingrocks collected 60 from pot
Golfingrocks: doesn't show hand 
*** SUMMARY ***
Total pot 60 | Rake 0 
Seat 2: Golfingrocks (big blind) collected (60)
Seat 3: Mahu2021 (button) (small blind) folded before Flop



PokerStars Hand #249025037331: Tournament #3719629146, $1.84+$0.16 USD Hold'em No Limit - Level IV (30/60) - 2024/02/22 14:04:17 CET [2024/02/22 8:04:17 ET]
Table '3719629146 1' 3-max Seat #2 is the button
Seat 2: Golfingrocks (1020 in chips) 
Seat 3: Mahu2021 (480 in chips) 
Golfingrocks: posts small blind 30
Mahu2021: posts big blind 60
*** HOLE CARDS ***
Dealt to Mahu2021 [4c 8d]
Golfingrocks: calls 30
Mahu2021: checks 
*** FLOP *** [Kc 2s 5s]
Mahu2021: checks 
Golfingrocks: bets 60
Mahu2021: folds 
Uncalled bet (60) returned to Golfingrocks
Golfingrocks collected 120 from pot
Golfingrocks: doesn't show hand 
*** SUMMARY ***
Total pot 120 | Rake 0 
Board [Kc 2s 5s]
Seat 2: Golfingrocks (button) (small blind) collected (120)
Seat 3: Mahu2021 (big blind) folded on the Flop



PokerStars Hand #249025039105: Tournament #3719629146, $1.84+$0.16 USD Hold'em No Limit - Level IV (30/60) - 2024/02/22 14:04:27 CET [2024/02/22 8:04:27 ET]
Table '3719629146 1' 3-max Seat #3 is the button
Seat 2: Golfingrocks (1080 in chips) 
Seat 3: Mahu2021 (420 in chips) 
Mahu2021: posts small blind 30
Golfingrocks: posts big blind 60
*** HOLE CARDS ***
Dealt to Mahu2021 [4h As]
Mahu2021: raises 60 to 120
Golfingrocks: folds 
Uncalled bet (60) returned to Mahu2021
Mahu2021 collected 120 from pot
Mahu2021: doesn't show hand 
*** SUMMARY ***
Total pot 120 | Rake 0 
Seat 2: Golfingrocks (big blind) folded before Flop
Seat 3: Mahu2021 (button) (small blind) collected (120)



PokerStars Hand #249025040200: Tournament #3719629146, $1.84+$0.16 USD Hold'em No Limit - Level IV (30/60) - 2024/02/22 14:04:33 CET [2024/02/22 8:04:33 ET]
Table '3719629146 1' 3-max Seat #2 is the button
Seat 2: Golfingrocks (1020 in chips) 
Seat 3: Mahu2021 (480 in chips) 
Golfingrocks: posts small blind 30
Mahu2021: posts big blind 60
*** HOLE CARDS ***
Dealt to Mahu2021 [6h 7c]
Golfingrocks: calls 30
Mahu2021: checks 
*** FLOP *** [7h Tc 9s]
Mahu2021: checks 
Golfingrocks: checks 
*** TURN *** [7h Tc 9s] [Js]
Mahu2021: checks 
Golfingrocks: bets 60
Mahu2021: calls 60
*** RIVER *** [7h Tc 9s Js] [Jd]
Mahu2021: checks 
Golfingrocks: checks 
*** SHOW DOWN ***
Mahu2021: shows [6h 7c] (two pair, Jacks and Sevens)
Golfingrocks: shows [Jc Kc] (three of a kind, Jacks)
Golfingrocks collected 240 from pot
*** SUMMARY ***
Total pot 240 | Rake 0 
Board [7h Tc 9s Js Jd]
Seat 2: Golfingrocks (button) (small blind) showed [Jc Kc] and won (240) with three of a kind, Jacks
Seat 3: Mahu2021 (big blind) showed [6h 7c] and lost with two pair, Jacks and Sevens



PokerStars Hand #249025043464: Tournament #3719629146, $1.84+$0.16 USD Hold'em No Limit - Level IV (30/60) - 2024/02/22 14:04:51 CET [2024/02/22 8:04:51 ET]
Table '3719629146 1' 3-max Seat #3 is the button
Seat 2: Golfingrocks (1140 in chips) 
Seat 3: Mahu2021 (360 in chips) 
Mahu2021: posts small blind 30
Golfingrocks: posts big blind 60
*** HOLE CARDS ***
Dealt to Mahu2021 [5c 4c]
Mahu2021: calls 30
Golfingrocks: checks 
*** FLOP *** [8s 4h 7d]
Golfingrocks: checks 
Mahu2021: bets 60
Golfingrocks: folds 
Uncalled bet (60) returned to Mahu2021
Mahu2021 collected 120 from pot
Mahu2021: doesn't show hand 
*** SUMMARY ***
Total pot 120 | Rake 0 
Board [8s 4h 7d]
Seat 2: Golfingrocks (big blind) folded on the Flop
Seat 3: Mahu2021 (button) (small blind) collected (120)



PokerStars Hand #249025045773: Tournament #3719629146, $1.84+$0.16 USD Hold'em No Limit - Level IV (30/60) - 2024/02/22 14:05:03 CET [2024/02/22 8:05:03 ET]
Table '3719629146 1' 3-max Seat #2 is the button
Seat 2: Golfingrocks (1080 in chips) 
Seat 3: Mahu2021 (420 in chips) 
Golfingrocks: posts small blind 30
Mahu2021: posts big blind 60
*** HOLE CARDS ***
Dealt to Mahu2021 [8d 8h]
Golfingrocks: calls 30
Mahu2021: raises 360 to 420 and is all-in
Golfingrocks: folds 
Uncalled bet (360) returned to Mahu2021
Mahu2021 collected 120 from pot
Mahu2021: doesn't show hand 
*** SUMMARY ***
Total pot 120 | Rake 0 
Seat 2: Golfingrocks (button) (small blind) folded before Flop
Seat 3: Mahu2021 (big blind) collected (120)



PokerStars Hand #249025047272: Tournament #3719629146, $1.84+$0.16 USD Hold'em No Limit - Level IV (30/60) - 2024/02/22 14:05:11 CET [2024/02/22 8:05:11 ET]
Table '3719629146 1' 3-max Seat #3 is the button
Seat 2: Golfingrocks (1020 in chips) 
Seat 3: Mahu2021 (480 in chips) 
Mahu2021: posts small blind 30
Golfingrocks: posts big blind 60
*** HOLE CARDS ***
Dealt to Mahu2021 [2d Js]
Mahu2021: calls 30
Golfingrocks: checks 
*** FLOP *** [3h 7s As]
Golfingrocks: checks 
Mahu2021: checks 
*** TURN *** [3h 7s As] [Qc]
Golfingrocks: checks 
Mahu2021: bets 60
Golfingrocks: folds 
Uncalled bet (60) returned to Mahu2021
Mahu2021 collected 120 from pot
Mahu2021: doesn't show hand 
*** SUMMARY ***
Total pot 120 | Rake 0 
Board [3h 7s As Qc]
Seat 2: Golfingrocks (big blind) folded on the Turn
Seat 3: Mahu2021 (button) (small blind) collected (120)



PokerStars Hand #249025050207: Tournament #3719629146, $1.84+$0.16 USD Hold'em No Limit - Level IV (30/60) - 2024/02/22 14:05:27 CET [2024/02/22 8:05:27 ET]
Table '3719629146 1' 3-max Seat #2 is the button
Seat 2: Golfingrocks (960 in chips) 
Seat 3: Mahu2021 (540 in chips) 
Golfingrocks: posts small blind 30
Mahu2021: posts big blind 60
*** HOLE CARDS ***
Dealt to Mahu2021 [Ts Qh]
Golfingrocks: raises 120 to 180
Mahu2021: folds 
Uncalled bet (120) returned to Golfingrocks
Golfingrocks collected 120 from pot
Golfingrocks: doesn't show hand 
*** SUMMARY ***
Total pot 120 | Rake 0 
Seat 2: Golfingrocks (button) (small blind) collected (120)
Seat 3: Mahu2021 (big blind) folded before Flop



PokerStars Hand #249025051969: Tournament #3719629146, $1.84+$0.16 USD Hold'em No Limit - Level IV (30/60) - 2024/02/22 14:05:36 CET [2024/02/22 8:05:36 ET]
Table '3719629146 1' 3-max Seat #3 is the button
Seat 2: Golfingrocks (1020 in chips) 
Seat 3: Mahu2021 (480 in chips) 
Mahu2021: posts small blind 30
Golfingrocks: posts big blind 60
*** HOLE CARDS ***
Dealt to Mahu2021 [6c Td]
Mahu2021: folds 
Uncalled bet (30) returned to Golfingrocks
Golfingrocks collected 60 from pot
Golfingrocks: doesn't show hand 
*** SUMMARY ***
Total pot 60 | Rake 0 
Seat 2: Golfingrocks (big blind) collected (60)
Seat 3: Mahu2021 (button) (small blind) folded before Flop



PokerStars Hand #249025052711: Tournament #3719629146, $1.84+$0.16 USD Hold'em No Limit - Level IV (30/60) - 2024/02/22 14:05:40 CET [2024/02/22 8:05:40 ET]
Table '3719629146 1' 3-max Seat #2 is the button
Seat 2: Golfingrocks (1050 in chips) 
Seat 3: Mahu2021 (450 in chips) 
Golfingrocks: posts small blind 30
Mahu2021: posts big blind 60
*** HOLE CARDS ***
Dealt to Mahu2021 [2s 8h]
Golfingrocks: folds 
Uncalled bet (30) returned to Mahu2021
Mahu2021 collected 60 from pot
Mahu2021: doesn't show hand 
*** SUMMARY ***
Total pot 60 | Rake 0 
Seat 2: Golfingrocks (button) (small blind) folded before Flop
Seat 3: Mahu2021 (big blind) collected (60)



PokerStars Hand #249025053657: Tournament #3719629146, $1.84+$0.16 USD Hold'em No Limit - Level IV (30/60) - 2024/02/22 14:05:45 CET [2024/02/22 8:05:45 ET]
Table '3719629146 1' 3-max Seat #3 is the button
Seat 2: Golfingrocks (1020 in chips) 
Seat 3: Mahu2021 (480 in chips) 
Mahu2021: posts small blind 30
Golfingrocks: posts big blind 60
*** HOLE CARDS ***
Dealt to Mahu2021 [Qh Qd]
Mahu2021: raises 60 to 120
Golfingrocks: calls 60
*** FLOP *** [9h 7d 4s]
Golfingrocks: checks 
Mahu2021: bets 360 and is all-in
Golfingrocks: folds 
Uncalled bet (360) returned to Mahu2021
Mahu2021 collected 240 from pot
Mahu2021: doesn't show hand 
*** SUMMARY ***
Total pot 240 | Rake 0 
Board [9h 7d 4s]
Seat 2: Golfingrocks (big blind) folded on the Flop
Seat 3: Mahu2021 (button) (small blind) collected (240)



PokerStars Hand #249025056395: Tournament #3719629146, $1.84+$0.16 USD Hold'em No Limit - Level IV (30/60) - 2024/02/22 14:06:00 CET [2024/02/22 8:06:00 ET]
Table '3719629146 1' 3-max Seat #2 is the button
Seat 2: Golfingrocks (900 in chips) 
Seat 3: Mahu2021 (600 in chips) 
Golfingrocks: posts small blind 30
Mahu2021: posts big blind 60
*** HOLE CARDS ***
Dealt to Mahu2021 [5h 8c]
Golfingrocks: calls 30
Mahu2021: checks 
*** FLOP *** [2d 4c 2h]
Mahu2021: checks 
Golfingrocks: checks 
*** TURN *** [2d 4c 2h] [4h]
Mahu2021: checks 
Golfingrocks: bets 60
Mahu2021: folds 
Uncalled bet (60) returned to Golfingrocks
Golfingrocks collected 120 from pot
Golfingrocks: doesn't show hand 
*** SUMMARY ***
Total pot 120 | Rake 0 
Board [2d 4c 2h 4h]
Seat 2: Golfingrocks (button) (small blind) collected (120)
Seat 3: Mahu2021 (big blind) folded on the Turn



PokerStars Hand #249025058751: Tournament #3719629146, $1.84+$0.16 USD Hold'em No Limit - Level IV (30/60) - 2024/02/22 14:06:12 CET [2024/02/22 8:06:12 ET]
Table '3719629146 1' 3-max Seat #3 is the button
Seat 2: Golfingrocks (960 in chips) 
Seat 3: Mahu2021 (540 in chips) 
Mahu2021: posts small blind 30
Golfingrocks: posts big blind 60
*** HOLE CARDS ***
Dealt to Mahu2021 [9s 2c]
Mahu2021: folds 
Uncalled bet (30) returned to Golfingrocks
Golfingrocks collected 60 from pot
Golfingrocks: doesn't show hand 
*** SUMMARY ***
Total pot 60 | Rake 0 
Seat 2: Golfingrocks (big blind) collected (60)
Seat 3: Mahu2021 (button) (small blind) folded before Flop



PokerStars Hand #249025059512: Tournament #3719629146, $1.84+$0.16 USD Hold'em No Limit - Level IV (30/60) - 2024/02/22 14:06:16 CET [2024/02/22 8:06:16 ET]
Table '3719629146 1' 3-max Seat #2 is the button
Seat 2: Golfingrocks (990 in chips) 
Seat 3: Mahu2021 (510 in chips) 
Golfingrocks: posts small blind 30
Mahu2021: posts big blind 60
*** HOLE CARDS ***
Dealt to Mahu2021 [4h 7h]
Golfingrocks: calls 30
Mahu2021: checks 
*** FLOP *** [7d Ac As]
Mahu2021: bets 450 and is all-in
Golfingrocks: folds 
Uncalled bet (450) returned to Mahu2021
Mahu2021 collected 120 from pot
Mahu2021: doesn't show hand 
*** SUMMARY ***
Total pot 120 | Rake 0 
Board [7d Ac As]
Seat 2: Golfingrocks (button) (small blind) folded on the Flop
Seat 3: Mahu2021 (big blind) collected (120)



PokerStars Hand #249025061469: Tournament #3719629146, $1.84+$0.16 USD Hold'em No Limit - Level IV (30/60) - 2024/02/22 14:06:27 CET [2024/02/22 8:06:27 ET]
Table '3719629146 1' 3-max Seat #3 is the button
Seat 2: Golfingrocks (930 in chips) 
Seat 3: Mahu2021 (570 in chips) 
Mahu2021: posts small blind 30
Golfingrocks: posts big blind 60
*** HOLE CARDS ***
Dealt to Mahu2021 [8h Ks]
Mahu2021: raises 60 to 120
Golfingrocks: folds 
Uncalled bet (60) returned to Mahu2021
Mahu2021 collected 120 from pot
Mahu2021: doesn't show hand 
*** SUMMARY ***
Total pot 120 | Rake 0 
Seat 2: Golfingrocks (big blind) folded before Flop
Seat 3: Mahu2021 (button) (small blind) collected (120)



PokerStars Hand #249025062924: Tournament #3719629146, $1.84+$0.16 USD Hold'em No Limit - Level IV (30/60) - 2024/02/22 14:06:35 CET [2024/02/22 8:06:35 ET]
Table '3719629146 1' 3-max Seat #2 is the button
Seat 2: Golfingrocks (870 in chips) 
Seat 3: Mahu2021 (630 in chips) 
Golfingrocks: posts small blind 30
Mahu2021: posts big blind 60
*** HOLE CARDS ***
Dealt to Mahu2021 [Js 7s]
Golfingrocks: folds 
Uncalled bet (30) returned to Mahu2021
Mahu2021 collected 60 from pot
Mahu2021: doesn't show hand 
*** SUMMARY ***
Total pot 60 | Rake 0 
Seat 2: Golfingrocks (button) (small blind) folded before Flop
Seat 3: Mahu2021 (big blind) collected (60)



PokerStars Hand #249025064099: Tournament #3719629146, $1.84+$0.16 USD Hold'em No Limit - Level IV (30/60) - 2024/02/22 14:06:41 CET [2024/02/22 8:06:41 ET]
Table '3719629146 1' 3-max Seat #3 is the button
Seat 2: Golfingrocks (840 in chips) 
Seat 3: Mahu2021 (660 in chips) 
Mahu2021: posts small blind 30
Golfingrocks: posts big blind 60
*** HOLE CARDS ***
Dealt to Mahu2021 [2d 8s]
Mahu2021: folds 
Uncalled bet (30) returned to Golfingrocks
Golfingrocks collected 60 from pot
Golfingrocks: doesn't show hand 
*** SUMMARY ***
Total pot 60 | Rake 0 
Seat 2: Golfingrocks (big blind) collected (60)
Seat 3: Mahu2021 (button) (small blind) folded before Flop



PokerStars Hand #249025064883: Tournament #3719629146, $1.84+$0.16 USD Hold'em No Limit - Level IV (30/60) - 2024/02/22 14:06:45 CET [2024/02/22 8:06:45 ET]
Table '3719629146 1' 3-max Seat #2 is the button
Seat 2: Golfingrocks (870 in chips) 
Seat 3: Mahu2021 (630 in chips) 
Golfingrocks: posts small blind 30
Mahu2021: posts big blind 60
*** HOLE CARDS ***
Dealt to Mahu2021 [9h 7h]
Golfingrocks: calls 30
Mahu2021: checks 
*** FLOP *** [8s 8h Ks]
Mahu2021: checks 
Golfingrocks: bets 120
Mahu2021: folds 
Uncalled bet (120) returned to Golfingrocks
Golfingrocks collected 120 from pot
Golfingrocks: doesn't show hand 
*** SUMMARY ***
Total pot 120 | Rake 0 
Board [8s 8h Ks]
Seat 2: Golfingrocks (button) (small blind) collected (120)
Seat 3: Mahu2021 (big blind) folded on the Flop



PokerStars Hand #249025066843: Tournament #3719629146, $1.84+$0.16 USD Hold'em No Limit - Level IV (30/60) - 2024/02/22 14:06:56 CET [2024/02/22 8:06:56 ET]
Table '3719629146 1' 3-max Seat #3 is the button
Seat 2: Golfingrocks (930 in chips) 
Seat 3: Mahu2021 (570 in chips) 
Mahu2021: posts small blind 30
Golfingrocks: posts big blind 60
*** HOLE CARDS ***
Dealt to Mahu2021 [Ac Ks]
Mahu2021: raises 60 to 120
Golfingrocks: folds 
Uncalled bet (60) returned to Mahu2021
Mahu2021 collected 120 from pot
Mahu2021: doesn't show hand 
*** SUMMARY ***
Total pot 120 | Rake 0 
Seat 2: Golfingrocks (big blind) folded before Flop
Seat 3: Mahu2021 (button) (small blind) collected (120)



PokerStars Hand #249025068316: Tournament #3719629146, $1.84+$0.16 USD Hold'em No Limit - Level IV (30/60) - 2024/02/22 14:07:04 CET [2024/02/22 8:07:04 ET]
Table '3719629146 1' 3-max Seat #2 is the button
Seat 2: Golfingrocks (870 in chips) 
Seat 3: Mahu2021 (630 in chips) 
Golfingrocks: posts small blind 30
Mahu2021: posts big blind 60
*** HOLE CARDS ***
Dealt to Mahu2021 [5d 5s]
Golfingrocks: calls 30
Mahu2021: raises 570 to 630 and is all-in
Golfingrocks: folds 
Uncalled bet (570) returned to Mahu2021
Mahu2021 collected 120 from pot
Mahu2021: doesn't show hand 
*** SUMMARY ***
Total pot 120 | Rake 0 
Seat 2: Golfingrocks (button) (small blind) folded before Flop
Seat 3: Mahu2021 (big blind) collected (120)



PokerStars Hand #249025070288: Tournament #3719629146, $1.84+$0.16 USD Hold'em No Limit - Level V (40/80) - 2024/02/22 14:07:15 CET [2024/02/22 8:07:15 ET]
Table '3719629146 1' 3-max Seat #3 is the button
Seat 2: Golfingrocks (810 in chips) 
Seat 3: Mahu2021 (690 in chips) 
Mahu2021: posts small blind 40
Golfingrocks: posts big blind 80
*** HOLE CARDS ***
Dealt to Mahu2021 [8h 7d]
Mahu2021: calls 40
Golfingrocks: checks 
*** FLOP *** [5h 6d 5s]
Golfingrocks: checks 
Mahu2021: bets 80
Golfingrocks: calls 80
*** TURN *** [5h 6d 5s] [2h]
Golfingrocks: bets 80
Mahu2021: calls 80
*** RIVER *** [5h 6d 5s 2h] [2c]
Golfingrocks: checks 
Mahu2021: checks 
*** SHOW DOWN ***
Golfingrocks: shows [8c 7c] (two pair, Fives and Deuces)
Mahu2021: shows [8h 7d] (two pair, Fives and Deuces)
Golfingrocks collected 240 from pot
Mahu2021 collected 240 from pot
*** SUMMARY ***
Total pot 480 | Rake 0 
Board [5h 6d 5s 2h 2c]
Seat 2: Golfingrocks (big blind) showed [8c 7c] and won (240) with two pair, Fives and Deuces
Seat 3: Mahu2021 (button) (small blind) showed [8h 7d] and won (240) with two pair, Fives and Deuces



PokerStars Hand #249025074315: Tournament #3719629146, $1.84+$0.16 USD Hold'em No Limit - Level V (40/80) - 2024/02/22 14:07:36 CET [2024/02/22 8:07:36 ET]
Table '3719629146 1' 3-max Seat #2 is the button
Seat 2: Golfingrocks (810 in chips) 
Seat 3: Mahu2021 (690 in chips) 
Golfingrocks: posts small blind 40
Mahu2021: posts big blind 80
*** HOLE CARDS ***
Dealt to Mahu2021 [Ks 3d]
Golfingrocks: calls 40
Mahu2021: checks 
*** FLOP *** [7h 4d 2s]
Mahu2021: checks 
Golfingrocks: bets 80
Mahu2021: folds 
Uncalled bet (80) returned to Golfingrocks
Golfingrocks collected 160 from pot
Golfingrocks: doesn't show hand 
*** SUMMARY ***
Total pot 160 | Rake 0 
Board [7h 4d 2s]
Seat 2: Golfingrocks (button) (small blind) collected (160)
Seat 3: Mahu2021 (big blind) folded on the Flop



PokerStars Hand #249025076227: Tournament #3719629146, $1.84+$0.16 USD Hold'em No Limit - Level V (40/80) - 2024/02/22 14:07:46 CET [2024/02/22 8:07:46 ET]
Table '3719629146 1' 3-max Seat #3 is the button
Seat 2: Golfingrocks (890 in chips) 
Seat 3: Mahu2021 (610 in chips) 
Mahu2021: posts small blind 40
Golfingrocks: posts big blind 80
*** HOLE CARDS ***
Dealt to Mahu2021 [3h 7s]
Mahu2021: folds 
Uncalled bet (40) returned to Golfingrocks
Golfingrocks collected 80 from pot
Golfingrocks: doesn't show hand 
*** SUMMARY ***
Total pot 80 | Rake 0 
Seat 2: Golfingrocks (big blind) collected (80)
Seat 3: Mahu2021 (button) (small blind) folded before Flop



PokerStars Hand #249025076960: Tournament #3719629146, $1.84+$0.16 USD Hold'em No Limit - Level V (40/80) - 2024/02/22 14:07:50 CET [2024/02/22 8:07:50 ET]
Table '3719629146 1' 3-max Seat #2 is the button
Seat 2: Golfingrocks (930 in chips) 
Seat 3: Mahu2021 (570 in chips) 
Golfingrocks: posts small blind 40
Mahu2021: posts big blind 80
*** HOLE CARDS ***
Dealt to Mahu2021 [3c Qh]
Golfingrocks: calls 40
Mahu2021: raises 490 to 570 and is all-in
Golfingrocks: folds 
Uncalled bet (490) returned to Mahu2021
Mahu2021 collected 160 from pot
Mahu2021: doesn't show hand 
*** SUMMARY ***
Total pot 160 | Rake 0 
Seat 2: Golfingrocks (button) (small blind) folded before Flop
Seat 3: Mahu2021 (big blind) collected (160)



PokerStars Hand #249025078452: Tournament #3719629146, $1.84+$0.16 USD Hold'em No Limit - Level V (40/80) - 2024/02/22 14:07:58 CET [2024/02/22 8:07:58 ET]
Table '3719629146 1' 3-max Seat #3 is the button
Seat 2: Golfingrocks (850 in chips) 
Seat 3: Mahu2021 (650 in chips) 
Mahu2021: posts small blind 40
Golfingrocks: posts big blind 80
*** HOLE CARDS ***
Dealt to Mahu2021 [Kc 6h]
Mahu2021: calls 40
Golfingrocks: checks 
*** FLOP *** [8d 6d 7d]
Golfingrocks: bets 80
Mahu2021: calls 80
*** TURN *** [8d 6d 7d] [6c]
Golfingrocks: bets 80
Mahu2021: calls 80
*** RIVER *** [8d 6d 7d 6c] [9c]
Golfingrocks: checks 
Mahu2021: bets 160
Golfingrocks: folds 
Uncalled bet (160) returned to Mahu2021
Mahu2021 collected 480 from pot
Mahu2021: doesn't show hand 
*** SUMMARY ***
Total pot 480 | Rake 0 
Board [8d 6d 7d 6c 9c]
Seat 2: Golfingrocks (big blind) folded on the River
Seat 3: Mahu2021 (button) (small blind) collected (480)



PokerStars Hand #249025082340: Tournament #3719629146, $1.84+$0.16 USD Hold'em No Limit - Level V (40/80) - 2024/02/22 14:08:19 CET [2024/02/22 8:08:19 ET]
Table '3719629146 1' 3-max Seat #2 is the button
Seat 2: Golfingrocks (610 in chips) 
Seat 3: Mahu2021 (890 in chips) 
Golfingrocks: posts small blind 40
Mahu2021: posts big blind 80
*** HOLE CARDS ***
Dealt to Mahu2021 [7h Qh]
Golfingrocks: folds 
Uncalled bet (40) returned to Mahu2021
Mahu2021 collected 80 from pot
Mahu2021: doesn't show hand 
*** SUMMARY ***
Total pot 80 | Rake 0 
Seat 2: Golfingrocks (button) (small blind) folded before Flop
Seat 3: Mahu2021 (big blind) collected (80)



PokerStars Hand #249025083275: Tournament #3719629146, $1.84+$0.16 USD Hold'em No Limit - Level V (40/80) - 2024/02/22 14:08:24 CET [2024/02/22 8:08:24 ET]
Table '3719629146 1' 3-max Seat #3 is the button
Seat 2: Golfingrocks (570 in chips) 
Seat 3: Mahu2021 (930 in chips) 
Mahu2021: posts small blind 40
Golfingrocks: posts big blind 80
*** HOLE CARDS ***
Dealt to Mahu2021 [9c Ac]
Mahu2021: raises 80 to 160
Golfingrocks: folds 
Uncalled bet (80) returned to Mahu2021
Mahu2021 collected 160 from pot
Mahu2021: doesn't show hand 
*** SUMMARY ***
Total pot 160 | Rake 0 
Seat 2: Golfingrocks (big blind) folded before Flop
Seat 3: Mahu2021 (button) (small blind) collected (160)



PokerStars Hand #249025084540: Tournament #3719629146, $1.84+$0.16 USD Hold'em No Limit - Level V (40/80) - 2024/02/22 14:08:31 CET [2024/02/22 8:08:31 ET]
Table '3719629146 1' 3-max Seat #2 is the button
Seat 2: Golfingrocks (490 in chips) 
Seat 3: Mahu2021 (1010 in chips) 
Golfingrocks: posts small blind 40
Mahu2021: posts big blind 80
*** HOLE CARDS ***
Dealt to Mahu2021 [4h As]
Golfingrocks: raises 410 to 490 and is all-in
Mahu2021: calls 410
*** FLOP *** [Qc Qd 4d]
*** TURN *** [Qc Qd 4d] [8d]
*** RIVER *** [Qc Qd 4d 8d] [3h]
*** SHOW DOWN ***
Mahu2021: shows [4h As] (two pair, Queens and Fours)
Golfingrocks: shows [Ts 8s] (two pair, Queens and Eights)
Golfingrocks collected 980 from pot
*** SUMMARY ***
Total pot 980 | Rake 0 
Board [Qc Qd 4d 8d 3h]
Seat 2: Golfingrocks (button) (small blind) showed [Ts 8s] and won (980) with two pair, Queens and Eights
Seat 3: Mahu2021 (big blind) showed [4h As] and lost with two pair, Queens and Fours



PokerStars Hand #249025087109: Tournament #3719629146, $1.84+$0.16 USD Hold'em No Limit - Level V (40/80) - 2024/02/22 14:08:45 CET [2024/02/22 8:08:45 ET]
Table '3719629146 1' 3-max Seat #3 is the button
Seat 2: Golfingrocks (980 in chips) 
Seat 3: Mahu2021 (520 in chips) 
Mahu2021: posts small blind 40
Golfingrocks: posts big blind 80
*** HOLE CARDS ***
Dealt to Mahu2021 [Kd 4s]
Mahu2021: raises 80 to 160
Golfingrocks: folds 
Uncalled bet (80) returned to Mahu2021
Mahu2021 collected 160 from pot
Mahu2021: doesn't show hand 
*** SUMMARY ***
Total pot 160 | Rake 0 
Seat 2: Golfingrocks (big blind) folded before Flop
Seat 3: Mahu2021 (button) (small blind) collected (160)



PokerStars Hand #249025088271: Tournament #3719629146, $1.84+$0.16 USD Hold'em No Limit - Level V (40/80) - 2024/02/22 14:08:51 CET [2024/02/22 8:08:51 ET]
Table '3719629146 1' 3-max Seat #2 is the button
Seat 2: Golfingrocks (900 in chips) 
Seat 3: Mahu2021 (600 in chips) 
Golfingrocks: posts small blind 40
Mahu2021: posts big blind 80
*** HOLE CARDS ***
Dealt to Mahu2021 [Js Kc]
Golfingrocks: raises 820 to 900 and is all-in
Mahu2021: calls 520 and is all-in
Uncalled bet (300) returned to Golfingrocks
*** FLOP *** [8s 2d 5c]
*** TURN *** [8s 2d 5c] [Ad]
*** RIVER *** [8s 2d 5c Ad] [3c]
*** SHOW DOWN ***
Mahu2021: shows [Js Kc] (high card Ace)
Golfingrocks: shows [4d Kd] (a straight, Ace to Five)
Golfingrocks collected 1200 from pot
Mahu2021 finished the tournament in 2nd place
Golfingrocks wins the tournament and receives $6.00 - congratulations!
*** SUMMARY ***
Total pot 1200 | Rake 0 
Board [8s 2d 5c Ad 3c]
Seat 2: Golfingrocks (button) (small blind) showed [4d Kd] and won (1200) with a straight, Ace to Five
Seat 3: Mahu2021 (big blind) showed [Js Kc] and lost with high card Ace



