PokerStars Hand #255457984571: Tournament #3872845317, $0.46+$0.04 USD Hold'em No Limit - Level I (10/20) - 2025/03/26 8:56:25 CET [2025/03/26 3:56:25 ET]
Table '3872845317 1' 3-max Seat #1 is the button
Seat 1: roscodude77 (500 in chips) 
Seat 2: TENTEASOR3 (500 in chips) 
Seat 3: Mahu2021 (500 in chips) 
TENTEASOR3: posts small blind 10
Mahu2021: posts big blind 20
*** HOLE CARDS ***
Dealt to Mahu2021 [6s 5d]
roscodude77: folds 
TENTEASOR3: calls 10
Mahu2021: checks 
*** FLOP *** [3s Kh Ah]
TENTEASOR3: checks 
Mahu2021: checks 
*** TURN *** [3s Kh Ah] [9c]
TENTEASOR3: checks 
Mahu2021: checks 
*** RIVER *** [3s Kh Ah 9c] [8s]
TENTEASOR3: checks 
Mahu2021: checks 
*** SHOW DOWN ***
TENTEASOR3: shows [5h 7d] (high card Ace)
Mahu2021: mucks hand 
TENTEASOR3 collected 40 from pot
*** SUMMARY ***
Total pot 40 | Rake 0 
Board [3s Kh Ah 9c 8s]
Seat 1: roscodude77 (button) folded before Flop (didn't bet)
Seat 2: TENTEASOR3 (small blind) showed [5h 7d] and won (40) with high card Ace
Seat 3: Mahu2021 (big blind) mucked [6s 5d]



PokerStars Hand #255457985771: Tournament #3872845317, $0.46+$0.04 USD Hold'em No Limit - Level I (10/20) - 2025/03/26 8:56:43 CET [2025/03/26 3:56:43 ET]
Table '3872845317 1' 3-max Seat #2 is the button
Seat 1: roscodude77 (500 in chips) 
Seat 2: TENTEASOR3 (520 in chips) 
Seat 3: Mahu2021 (480 in chips) 
Mahu2021: posts small blind 10
roscodude77: posts big blind 20
*** HOLE CARDS ***
Dealt to Mahu2021 [9d 9c]
TENTEASOR3: folds 
Mahu2021: raises 40 to 60
roscodude77: folds 
Uncalled bet (40) returned to Mahu2021
Mahu2021 collected 40 from pot
Mahu2021: doesn't show hand 
*** SUMMARY ***
Total pot 40 | Rake 0 
Seat 1: roscodude77 (big blind) folded before Flop
Seat 2: TENTEASOR3 (button) folded before Flop (didn't bet)
Seat 3: Mahu2021 (small blind) collected (40)



PokerStars Hand #255457986316: Tournament #3872845317, $0.46+$0.04 USD Hold'em No Limit - Level I (10/20) - 2025/03/26 8:56:52 CET [2025/03/26 3:56:52 ET]
Table '3872845317 1' 3-max Seat #3 is the button
Seat 1: roscodude77 (480 in chips) 
Seat 2: TENTEASOR3 (520 in chips) 
Seat 3: Mahu2021 (500 in chips) 
roscodude77: posts small blind 10
TENTEASOR3: posts big blind 20
*** HOLE CARDS ***
Dealt to Mahu2021 [Ks 6d]
Mahu2021: folds 
roscodude77: folds 
Uncalled bet (10) returned to TENTEASOR3
TENTEASOR3 collected 20 from pot
*** SUMMARY ***
Total pot 20 | Rake 0 
Seat 1: roscodude77 (small blind) folded before Flop
Seat 2: TENTEASOR3 (big blind) collected (20)
Seat 3: Mahu2021 (button) folded before Flop (didn't bet)



PokerStars Hand #255457986754: Tournament #3872845317, $0.46+$0.04 USD Hold'em No Limit - Level I (10/20) - 2025/03/26 8:56:59 CET [2025/03/26 3:56:59 ET]
Table '3872845317 1' 3-max Seat #1 is the button
Seat 1: roscodude77 (470 in chips) 
Seat 2: TENTEASOR3 (530 in chips) 
Seat 3: Mahu2021 (500 in chips) 
TENTEASOR3: posts small blind 10
Mahu2021: posts big blind 20
*** HOLE CARDS ***
Dealt to Mahu2021 [Kc 5h]
roscodude77: folds 
TENTEASOR3: calls 10
Mahu2021: raises 100 to 120
TENTEASOR3: folds 
Uncalled bet (100) returned to Mahu2021
Mahu2021 collected 40 from pot
Mahu2021: doesn't show hand 
*** SUMMARY ***
Total pot 40 | Rake 0 
Seat 1: roscodude77 (button) folded before Flop (didn't bet)
Seat 2: TENTEASOR3 (small blind) folded before Flop
Seat 3: Mahu2021 (big blind) collected (40)



PokerStars Hand #255457987414: Tournament #3872845317, $0.46+$0.04 USD Hold'em No Limit - Level I (10/20) - 2025/03/26 8:57:09 CET [2025/03/26 3:57:09 ET]
Table '3872845317 1' 3-max Seat #2 is the button
Seat 1: roscodude77 (470 in chips) 
Seat 2: TENTEASOR3 (510 in chips) 
Seat 3: Mahu2021 (520 in chips) 
Mahu2021: posts small blind 10
roscodude77: posts big blind 20
*** HOLE CARDS ***
Dealt to Mahu2021 [4h 7h]
TENTEASOR3: calls 20
Mahu2021: calls 10
roscodude77: checks 
*** FLOP *** [Kc 5d 9c]
Mahu2021: checks 
roscodude77: checks 
TENTEASOR3: bets 60
Mahu2021: folds 
roscodude77: folds 
Uncalled bet (60) returned to TENTEASOR3
TENTEASOR3 collected 60 from pot
*** SUMMARY ***
Total pot 60 | Rake 0 
Board [Kc 5d 9c]
Seat 1: roscodude77 (big blind) folded on the Flop
Seat 2: TENTEASOR3 (button) collected (60)
Seat 3: Mahu2021 (small blind) folded on the Flop



PokerStars Hand #255457988416: Tournament #3872845317, $0.46+$0.04 USD Hold'em No Limit - Level I (10/20) - 2025/03/26 8:57:24 CET [2025/03/26 3:57:24 ET]
Table '3872845317 1' 3-max Seat #3 is the button
Seat 1: roscodude77 (450 in chips) 
Seat 2: TENTEASOR3 (550 in chips) 
Seat 3: Mahu2021 (500 in chips) 
roscodude77: posts small blind 10
TENTEASOR3: posts big blind 20
*** HOLE CARDS ***
Dealt to Mahu2021 [8c Kd]
Mahu2021: folds 
roscodude77: folds 
Uncalled bet (10) returned to TENTEASOR3
TENTEASOR3 collected 20 from pot
*** SUMMARY ***
Total pot 20 | Rake 0 
Seat 1: roscodude77 (small blind) folded before Flop
Seat 2: TENTEASOR3 (big blind) collected (20)
Seat 3: Mahu2021 (button) folded before Flop (didn't bet)



PokerStars Hand #255457988797: Tournament #3872845317, $0.46+$0.04 USD Hold'em No Limit - Level I (10/20) - 2025/03/26 8:57:30 CET [2025/03/26 3:57:30 ET]
Table '3872845317 1' 3-max Seat #1 is the button
Seat 1: roscodude77 (440 in chips) 
Seat 2: TENTEASOR3 (560 in chips) 
Seat 3: Mahu2021 (500 in chips) 
TENTEASOR3: posts small blind 10
Mahu2021: posts big blind 20
*** HOLE CARDS ***
Dealt to Mahu2021 [9d 6c]
roscodude77: folds 
TENTEASOR3: calls 10
Mahu2021: checks 
*** FLOP *** [6h Ts Jc]
TENTEASOR3: checks 
Mahu2021: bets 20
TENTEASOR3: calls 20
*** TURN *** [6h Ts Jc] [Ah]
TENTEASOR3: checks 
Mahu2021: checks 
*** RIVER *** [6h Ts Jc Ah] [5d]
TENTEASOR3: checks 
Mahu2021: checks 
*** SHOW DOWN ***
TENTEASOR3: shows [4d 6d] (a pair of Sixes)
Mahu2021: shows [9d 6c] (a pair of Sixes)
TENTEASOR3 collected 40 from pot
Mahu2021 collected 40 from pot
*** SUMMARY ***
Total pot 80 | Rake 0 
Board [6h Ts Jc Ah 5d]
Seat 1: roscodude77 (button) folded before Flop (didn't bet)
Seat 2: TENTEASOR3 (small blind) showed [4d 6d] and won (40) with a pair of Sixes
Seat 3: Mahu2021 (big blind) showed [9d 6c] and won (40) with a pair of Sixes



PokerStars Hand #255457989973: Tournament #3872845317, $0.46+$0.04 USD Hold'em No Limit - Level I (10/20) - 2025/03/26 8:57:48 CET [2025/03/26 3:57:48 ET]
Table '3872845317 1' 3-max Seat #2 is the button
Seat 1: roscodude77 (440 in chips) 
Seat 2: TENTEASOR3 (560 in chips) 
Seat 3: Mahu2021 (500 in chips) 
Mahu2021: posts small blind 10
roscodude77: posts big blind 20
*** HOLE CARDS ***
Dealt to Mahu2021 [8c Jd]
TENTEASOR3: calls 20
Mahu2021: calls 10
roscodude77: checks 
*** FLOP *** [Js Qc 2s]
Mahu2021: bets 20
roscodude77: raises 20 to 40
TENTEASOR3: folds 
Mahu2021: calls 20
*** TURN *** [Js Qc 2s] [As]
Mahu2021: checks 
roscodude77: bets 20
Mahu2021: folds 
Uncalled bet (20) returned to roscodude77
roscodude77 collected 140 from pot
roscodude77: doesn't show hand 
*** SUMMARY ***
Total pot 140 | Rake 0 
Board [Js Qc 2s As]
Seat 1: roscodude77 (big blind) collected (140)
Seat 2: TENTEASOR3 (button) folded on the Flop
Seat 3: Mahu2021 (small blind) folded on the Turn



PokerStars Hand #255457991471: Tournament #3872845317, $0.46+$0.04 USD Hold'em No Limit - Level I (10/20) - 2025/03/26 8:58:12 CET [2025/03/26 3:58:12 ET]
Table '3872845317 1' 3-max Seat #3 is the button
Seat 1: roscodude77 (520 in chips) 
Seat 2: TENTEASOR3 (540 in chips) 
Seat 3: Mahu2021 (440 in chips) 
roscodude77: posts small blind 10
TENTEASOR3: posts big blind 20
*** HOLE CARDS ***
Dealt to Mahu2021 [6d 7d]
Mahu2021: raises 20 to 40
roscodude77: folds 
TENTEASOR3: folds 
Uncalled bet (20) returned to Mahu2021
Mahu2021 collected 50 from pot
Mahu2021: doesn't show hand 
*** SUMMARY ***
Total pot 50 | Rake 0 
Seat 1: roscodude77 (small blind) folded before Flop
Seat 2: TENTEASOR3 (big blind) folded before Flop
Seat 3: Mahu2021 (button) collected (50)



PokerStars Hand #255457991961: Tournament #3872845317, $0.46+$0.04 USD Hold'em No Limit - Level I (10/20) - 2025/03/26 8:58:20 CET [2025/03/26 3:58:20 ET]
Table '3872845317 1' 3-max Seat #1 is the button
Seat 1: roscodude77 (510 in chips) 
Seat 2: TENTEASOR3 (520 in chips) 
Seat 3: Mahu2021 (470 in chips) 
TENTEASOR3: posts small blind 10
Mahu2021: posts big blind 20
*** HOLE CARDS ***
Dealt to Mahu2021 [5c 5s]
roscodude77: folds 
TENTEASOR3: raises 20 to 40
Mahu2021: raises 430 to 470 and is all-in
TENTEASOR3: folds 
Uncalled bet (430) returned to Mahu2021
Mahu2021 collected 80 from pot
Mahu2021: doesn't show hand 
*** SUMMARY ***
Total pot 80 | Rake 0 
Seat 1: roscodude77 (button) folded before Flop (didn't bet)
Seat 2: TENTEASOR3 (small blind) folded before Flop
Seat 3: Mahu2021 (big blind) collected (80)



PokerStars Hand #255457992844: Tournament #3872845317, $0.46+$0.04 USD Hold'em No Limit - Level II (15/30) - 2025/03/26 8:58:34 CET [2025/03/26 3:58:34 ET]
Table '3872845317 1' 3-max Seat #2 is the button
Seat 1: roscodude77 (510 in chips) 
Seat 2: TENTEASOR3 (480 in chips) 
Seat 3: Mahu2021 (510 in chips) 
Mahu2021: posts small blind 15
roscodude77: posts big blind 30
*** HOLE CARDS ***
Dealt to Mahu2021 [Qd Ks]
TENTEASOR3: folds 
Mahu2021: raises 60 to 90
roscodude77: calls 60
*** FLOP *** [7d 8d 9h]
Mahu2021: checks 
roscodude77: checks 
*** TURN *** [7d 8d 9h] [7c]
Mahu2021: checks 
roscodude77: checks 
*** RIVER *** [7d 8d 9h 7c] [Qc]
Mahu2021: bets 180
roscodude77: folds 
Uncalled bet (180) returned to Mahu2021
Mahu2021 collected 180 from pot
Mahu2021: doesn't show hand 
*** SUMMARY ***
Total pot 180 | Rake 0 
Board [7d 8d 9h 7c Qc]
Seat 1: roscodude77 (big blind) folded on the River
Seat 2: TENTEASOR3 (button) folded before Flop (didn't bet)
Seat 3: Mahu2021 (small blind) collected (180)



PokerStars Hand #255457994200: Tournament #3872845317, $0.46+$0.04 USD Hold'em No Limit - Level II (15/30) - 2025/03/26 8:58:55 CET [2025/03/26 3:58:55 ET]
Table '3872845317 1' 3-max Seat #3 is the button
Seat 1: roscodude77 (420 in chips) 
Seat 2: TENTEASOR3 (480 in chips) 
Seat 3: Mahu2021 (600 in chips) 
roscodude77: posts small blind 15
TENTEASOR3: posts big blind 30
*** HOLE CARDS ***
Dealt to Mahu2021 [2h 9d]
Mahu2021: folds 
roscodude77: calls 15
TENTEASOR3: checks 
*** FLOP *** [8h 6s 7d]
roscodude77: bets 30
TENTEASOR3: calls 30
*** TURN *** [8h 6s 7d] [2s]
roscodude77: bets 30
TENTEASOR3: calls 30
*** RIVER *** [8h 6s 7d 2s] [3d]
roscodude77: bets 90
TENTEASOR3: calls 90
*** SHOW DOWN ***
roscodude77: shows [Ah Ad] (a pair of Aces)
TENTEASOR3: mucks hand 
roscodude77 collected 360 from pot
*** SUMMARY ***
Total pot 360 | Rake 0 
Board [8h 6s 7d 2s 3d]
Seat 1: roscodude77 (small blind) showed [Ah Ad] and won (360) with a pair of Aces
Seat 2: TENTEASOR3 (big blind) mucked [8c 4h]
Seat 3: Mahu2021 (button) folded before Flop (didn't bet)



PokerStars Hand #255457995912: Tournament #3872845317, $0.46+$0.04 USD Hold'em No Limit - Level II (15/30) - 2025/03/26 8:59:23 CET [2025/03/26 3:59:23 ET]
Table '3872845317 1' 3-max Seat #1 is the button
Seat 1: roscodude77 (600 in chips) 
Seat 2: TENTEASOR3 (300 in chips) 
Seat 3: Mahu2021 (600 in chips) 
TENTEASOR3: posts small blind 15
Mahu2021: posts big blind 30
*** HOLE CARDS ***
Dealt to Mahu2021 [Th 2s]
roscodude77: calls 30
TENTEASOR3: raises 90 to 120
Mahu2021: folds 
roscodude77: folds 
Uncalled bet (90) returned to TENTEASOR3
TENTEASOR3 collected 90 from pot
*** SUMMARY ***
Total pot 90 | Rake 0 
Seat 1: roscodude77 (button) folded before Flop
Seat 2: TENTEASOR3 (small blind) collected (90)
Seat 3: Mahu2021 (big blind) folded before Flop



PokerStars Hand #255457997687: Tournament #3872845317, $0.46+$0.04 USD Hold'em No Limit - Level II (15/30) - 2025/03/26 8:59:51 CET [2025/03/26 3:59:51 ET]
Table '3872845317 1' 3-max Seat #2 is the button
Seat 1: roscodude77 (570 in chips) 
Seat 2: TENTEASOR3 (360 in chips) 
Seat 3: Mahu2021 (570 in chips) 
Mahu2021: posts small blind 15
roscodude77: posts big blind 30
*** HOLE CARDS ***
Dealt to Mahu2021 [Td 3c]
TENTEASOR3: folds 
Mahu2021: folds 
Uncalled bet (15) returned to roscodude77
roscodude77 collected 30 from pot
roscodude77: doesn't show hand 
*** SUMMARY ***
Total pot 30 | Rake 0 
Seat 1: roscodude77 (big blind) collected (30)
Seat 2: TENTEASOR3 (button) folded before Flop (didn't bet)
Seat 3: Mahu2021 (small blind) folded before Flop



PokerStars Hand #255457998167: Tournament #3872845317, $0.46+$0.04 USD Hold'em No Limit - Level II (15/30) - 2025/03/26 8:59:59 CET [2025/03/26 3:59:59 ET]
Table '3872845317 1' 3-max Seat #3 is the button
Seat 1: roscodude77 (585 in chips) 
Seat 2: TENTEASOR3 (360 in chips) 
Seat 3: Mahu2021 (555 in chips) 
roscodude77: posts small blind 15
TENTEASOR3: posts big blind 30
*** HOLE CARDS ***
Dealt to Mahu2021 [4c 4h]
Mahu2021: raises 30 to 60
roscodude77: calls 45
TENTEASOR3: calls 30
*** FLOP *** [3s 7h Ks]
roscodude77: checks 
TENTEASOR3: checks 
Mahu2021: bets 90
roscodude77: folds 
TENTEASOR3: calls 90
*** TURN *** [3s 7h Ks] [3h]
TENTEASOR3: checks 
Mahu2021: bets 210
TENTEASOR3: calls 210 and is all-in
*** RIVER *** [3s 7h Ks 3h] [9d]
*** SHOW DOWN ***
TENTEASOR3: shows [5s 8s] (a pair of Threes)
Mahu2021: shows [4c 4h] (two pair, Fours and Threes)
Mahu2021 collected 780 from pot
TENTEASOR3 finished the tournament in 3rd place
*** SUMMARY ***
Total pot 780 | Rake 0 
Board [3s 7h Ks 3h 9d]
Seat 1: roscodude77 (small blind) folded on the Flop
Seat 2: TENTEASOR3 (big blind) showed [5s 8s] and lost with a pair of Threes
Seat 3: Mahu2021 (button) showed [4c 4h] and won (780) with two pair, Fours and Threes



PokerStars Hand #255458000677: Tournament #3872845317, $0.46+$0.04 USD Hold'em No Limit - Level III (20/40) - 2025/03/26 9:00:39 CET [2025/03/26 4:00:39 ET]
Table '3872845317 1' 3-max Seat #1 is the button
Seat 1: roscodude77 (525 in chips) 
Seat 3: Mahu2021 (975 in chips) 
roscodude77: posts small blind 20
Mahu2021: posts big blind 40
*** HOLE CARDS ***
Dealt to Mahu2021 [8c Kc]
roscodude77: folds 
Uncalled bet (20) returned to Mahu2021
Mahu2021 collected 40 from pot
Mahu2021: doesn't show hand 
*** SUMMARY ***
Total pot 40 | Rake 0 
Seat 1: roscodude77 (button) (small blind) folded before Flop
Seat 3: Mahu2021 (big blind) collected (40)



PokerStars Hand #255458000971: Tournament #3872845317, $0.46+$0.04 USD Hold'em No Limit - Level III (20/40) - 2025/03/26 9:00:44 CET [2025/03/26 4:00:44 ET]
Table '3872845317 1' 3-max Seat #3 is the button
Seat 1: roscodude77 (505 in chips) 
Seat 3: Mahu2021 (995 in chips) 
Mahu2021: posts small blind 20
roscodude77: posts big blind 40
*** HOLE CARDS ***
Dealt to Mahu2021 [3h 9h]
Mahu2021: raises 40 to 80
roscodude77: folds 
Uncalled bet (40) returned to Mahu2021
Mahu2021 collected 80 from pot
Mahu2021: doesn't show hand 
*** SUMMARY ***
Total pot 80 | Rake 0 
Seat 1: roscodude77 (big blind) folded before Flop
Seat 3: Mahu2021 (button) (small blind) collected (80)



PokerStars Hand #255458001421: Tournament #3872845317, $0.46+$0.04 USD Hold'em No Limit - Level III (20/40) - 2025/03/26 9:00:51 CET [2025/03/26 4:00:51 ET]
Table '3872845317 1' 3-max Seat #1 is the button
Seat 1: roscodude77 (465 in chips) 
Seat 3: Mahu2021 (1035 in chips) 
roscodude77: posts small blind 20
Mahu2021: posts big blind 40
*** HOLE CARDS ***
Dealt to Mahu2021 [Kc Kd]
roscodude77: folds 
Uncalled bet (20) returned to Mahu2021
Mahu2021 collected 40 from pot
Mahu2021: doesn't show hand 
*** SUMMARY ***
Total pot 40 | Rake 0 
Seat 1: roscodude77 (button) (small blind) folded before Flop
Seat 3: Mahu2021 (big blind) collected (40)



PokerStars Hand #255458002022: Tournament #3872845317, $0.46+$0.04 USD Hold'em No Limit - Level III (20/40) - 2025/03/26 9:01:01 CET [2025/03/26 4:01:01 ET]
Table '3872845317 1' 3-max Seat #3 is the button
Seat 1: roscodude77 (445 in chips) 
Seat 3: Mahu2021 (1055 in chips) 
Mahu2021: posts small blind 20
roscodude77: posts big blind 40
*** HOLE CARDS ***
Dealt to Mahu2021 [Jd 9d]
Mahu2021: raises 40 to 80
roscodude77: folds 
Uncalled bet (40) returned to Mahu2021
Mahu2021 collected 80 from pot
Mahu2021: doesn't show hand 
*** SUMMARY ***
Total pot 80 | Rake 0 
Seat 1: roscodude77 (big blind) folded before Flop
Seat 3: Mahu2021 (button) (small blind) collected (80)



PokerStars Hand #255458002849: Tournament #3872845317, $0.46+$0.04 USD Hold'em No Limit - Level III (20/40) - 2025/03/26 9:01:14 CET [2025/03/26 4:01:14 ET]
Table '3872845317 1' 3-max Seat #1 is the button
Seat 1: roscodude77 (405 in chips) 
Seat 3: Mahu2021 (1095 in chips) 
roscodude77: posts small blind 20
Mahu2021: posts big blind 40
*** HOLE CARDS ***
Dealt to Mahu2021 [8c Tc]
roscodude77: folds 
Uncalled bet (20) returned to Mahu2021
Mahu2021 collected 40 from pot
Mahu2021: doesn't show hand 
*** SUMMARY ***
Total pot 40 | Rake 0 
Seat 1: roscodude77 (button) (small blind) folded before Flop
Seat 3: Mahu2021 (big blind) collected (40)



PokerStars Hand #255458003482: Tournament #3872845317, $0.46+$0.04 USD Hold'em No Limit - Level III (20/40) - 2025/03/26 9:01:24 CET [2025/03/26 4:01:24 ET]
Table '3872845317 1' 3-max Seat #3 is the button
Seat 1: roscodude77 (385 in chips) 
Seat 3: Mahu2021 (1115 in chips) 
Mahu2021: posts small blind 20
roscodude77: posts big blind 40
*** HOLE CARDS ***
Dealt to Mahu2021 [9c 8c]
Mahu2021: raises 40 to 80
roscodude77: folds 
Uncalled bet (40) returned to Mahu2021
Mahu2021 collected 80 from pot
Mahu2021: doesn't show hand 
*** SUMMARY ***
Total pot 80 | Rake 0 
Seat 1: roscodude77 (big blind) folded before Flop
Seat 3: Mahu2021 (button) (small blind) collected (80)



PokerStars Hand #255458004057: Tournament #3872845317, $0.46+$0.04 USD Hold'em No Limit - Level III (20/40) - 2025/03/26 9:01:33 CET [2025/03/26 4:01:33 ET]
Table '3872845317 1' 3-max Seat #1 is the button
Seat 1: roscodude77 (345 in chips) 
Seat 3: Mahu2021 (1155 in chips) 
roscodude77: posts small blind 20
Mahu2021: posts big blind 40
*** HOLE CARDS ***
Dealt to Mahu2021 [Tc 8h]
roscodude77: calls 20
Mahu2021: checks 
*** FLOP *** [3h 4s 2s]
Mahu2021: checks 
roscodude77: checks 
*** TURN *** [3h 4s 2s] [5d]
Mahu2021: checks 
roscodude77: checks 
*** RIVER *** [3h 4s 2s 5d] [5h]
Mahu2021: checks 
roscodude77: bets 40
Mahu2021: folds 
Uncalled bet (40) returned to roscodude77
roscodude77 collected 80 from pot
roscodude77: doesn't show hand 
*** SUMMARY ***
Total pot 80 | Rake 0 
Board [3h 4s 2s 5d 5h]
Seat 1: roscodude77 (button) (small blind) collected (80)
Seat 3: Mahu2021 (big blind) folded on the River



PokerStars Hand #255458005632: Tournament #3872845317, $0.46+$0.04 USD Hold'em No Limit - Level III (20/40) - 2025/03/26 9:01:58 CET [2025/03/26 4:01:58 ET]
Table '3872845317 1' 3-max Seat #3 is the button
Seat 1: roscodude77 (385 in chips) 
Seat 3: Mahu2021 (1115 in chips) 
Mahu2021: posts small blind 20
roscodude77: posts big blind 40
*** HOLE CARDS ***
Dealt to Mahu2021 [Jc 9d]
Mahu2021: raises 40 to 80
roscodude77: folds 
Uncalled bet (40) returned to Mahu2021
Mahu2021 collected 80 from pot
Mahu2021: doesn't show hand 
*** SUMMARY ***
Total pot 80 | Rake 0 
Seat 1: roscodude77 (big blind) folded before Flop
Seat 3: Mahu2021 (button) (small blind) collected (80)



PokerStars Hand #255458006424: Tournament #3872845317, $0.46+$0.04 USD Hold'em No Limit - Level III (20/40) - 2025/03/26 9:02:11 CET [2025/03/26 4:02:11 ET]
Table '3872845317 1' 3-max Seat #1 is the button
Seat 1: roscodude77 (345 in chips) 
Seat 3: Mahu2021 (1155 in chips) 
roscodude77: posts small blind 20
Mahu2021: posts big blind 40
*** HOLE CARDS ***
Dealt to Mahu2021 [9h Td]
roscodude77: folds 
Uncalled bet (20) returned to Mahu2021
Mahu2021 collected 40 from pot
Mahu2021: doesn't show hand 
*** SUMMARY ***
Total pot 40 | Rake 0 
Seat 1: roscodude77 (button) (small blind) folded before Flop
Seat 3: Mahu2021 (big blind) collected (40)



PokerStars Hand #255458007223: Tournament #3872845317, $0.46+$0.04 USD Hold'em No Limit - Level III (20/40) - 2025/03/26 9:02:24 CET [2025/03/26 4:02:24 ET]
Table '3872845317 1' 3-max Seat #3 is the button
Seat 1: roscodude77 (325 in chips) 
Seat 3: Mahu2021 (1175 in chips) 
Mahu2021: posts small blind 20
roscodude77: posts big blind 40
*** HOLE CARDS ***
Dealt to Mahu2021 [8h 3s]
Mahu2021: raises 40 to 80
roscodude77: folds 
Uncalled bet (40) returned to Mahu2021
Mahu2021 collected 80 from pot
Mahu2021: doesn't show hand 
*** SUMMARY ***
Total pot 80 | Rake 0 
Seat 1: roscodude77 (big blind) folded before Flop
Seat 3: Mahu2021 (button) (small blind) collected (80)



PokerStars Hand #255458007809: Tournament #3872845317, $0.46+$0.04 USD Hold'em No Limit - Level IV (30/60) - 2025/03/26 9:02:33 CET [2025/03/26 4:02:33 ET]
Table '3872845317 1' 3-max Seat #1 is the button
Seat 1: roscodude77 (285 in chips) 
Seat 3: Mahu2021 (1215 in chips) 
roscodude77: posts small blind 30
Mahu2021: posts big blind 60
*** HOLE CARDS ***
Dealt to Mahu2021 [Qh 9h]
roscodude77: folds 
Uncalled bet (30) returned to Mahu2021
Mahu2021 collected 60 from pot
Mahu2021: doesn't show hand 
*** SUMMARY ***
Total pot 60 | Rake 0 
Seat 1: roscodude77 (button) (small blind) folded before Flop
Seat 3: Mahu2021 (big blind) collected (60)



PokerStars Hand #255458008135: Tournament #3872845317, $0.46+$0.04 USD Hold'em No Limit - Level IV (30/60) - 2025/03/26 9:02:38 CET [2025/03/26 4:02:38 ET]
Table '3872845317 1' 3-max Seat #3 is the button
Seat 1: roscodude77 (255 in chips) 
Seat 3: Mahu2021 (1245 in chips) 
Mahu2021: posts small blind 30
roscodude77: posts big blind 60
*** HOLE CARDS ***
Dealt to Mahu2021 [7h Qc]
Mahu2021: raises 60 to 120
roscodude77: calls 60
*** FLOP *** [Qh Th Qs]
roscodude77: bets 135 and is all-in
Mahu2021: calls 135
*** TURN *** [Qh Th Qs] [8s]
*** RIVER *** [Qh Th Qs 8s] [4s]
*** SHOW DOWN ***
roscodude77: shows [3s 3d] (two pair, Queens and Threes)
Mahu2021: shows [7h Qc] (three of a kind, Queens)
Mahu2021 collected 510 from pot
roscodude77 finished the tournament in 2nd place
Mahu2021 wins the tournament - congratulations!
Mahu2021 wins a '$1.00 Power Path Step 2 Ticket' ticket
*** SUMMARY ***
Total pot 510 | Rake 0 
Board [Qh Th Qs 8s 4s]
Seat 1: roscodude77 (big blind) showed [3s 3d] and lost with two pair, Queens and Threes
Seat 3: Mahu2021 (button) (small blind) showed [7h Qc] and won (510) with three of a kind, Queens



