PokerStars Hand #249839494584: Tournament #3738723167, $1.84+$0.16 USD Hold'em No Limit - Level I (10/20) - 2024/04/07 8:16:45 CET [2024/04/07 2:16:45 ET]
Table '3738723167 1' 3-max Seat #1 is the button
Seat 1: Mahu2021 (500 in chips) 
Seat 2: escorpion0880 (500 in chips) 
Seat 3: magkinti30 (500 in chips) 
escorpion0880: posts small blind 10
magkinti30: posts big blind 20
*** HOLE CARDS ***
Dealt to Mahu2021 [Tc 5h]
Mahu2021: folds 
escorpion0880: calls 10
magkinti30: checks 
*** FLOP *** [Kh Ah 5c]
escorpion0880: checks 
magkinti30: bets 40
escorpion0880: folds 
Uncalled bet (40) returned to magkinti30
magkinti30 collected 40 from pot
magkinti30: doesn't show hand 
*** SUMMARY ***
Total pot 40 | Rake 0 
Board [Kh Ah 5c]
Seat 1: Mahu2021 (button) folded before Flop (didn't bet)
Seat 2: escorpion0880 (small blind) folded on the Flop
Seat 3: magkinti30 (big blind) collected (40)



PokerStars Hand #249839496159: Tournament #3738723167, $1.84+$0.16 USD Hold'em No Limit - Level I (10/20) - 2024/04/07 8:17:01 CET [2024/04/07 2:17:01 ET]
Table '3738723167 1' 3-max Seat #2 is the button
Seat 1: Mahu2021 (500 in chips) 
Seat 2: escorpion0880 (480 in chips) 
Seat 3: magkinti30 (520 in chips) 
magkinti30: posts small blind 10
Mahu2021: posts big blind 20
*** HOLE CARDS ***
Dealt to Mahu2021 [4c Ks]
escorpion0880: raises 20 to 40
magkinti30: raises 100 to 140
Mahu2021: folds 
escorpion0880: calls 100
*** FLOP *** [6h Ts Kc]
magkinti30: checks 
escorpion0880: bets 340 and is all-in
magkinti30: calls 340
*** TURN *** [6h Ts Kc] [4d]
*** RIVER *** [6h Ts Kc 4d] [Jd]
*** SHOW DOWN ***
magkinti30: shows [Jc Ad] (a pair of Jacks)
escorpion0880: shows [Qd Ah] (a straight, Ten to Ace)
escorpion0880 collected 980 from pot
*** SUMMARY ***
Total pot 980 | Rake 0 
Board [6h Ts Kc 4d Jd]
Seat 1: Mahu2021 (big blind) folded before Flop
Seat 2: escorpion0880 (button) showed [Qd Ah] and won (980) with a straight, Ten to Ace
Seat 3: magkinti30 (small blind) showed [Jc Ad] and lost with a pair of Jacks



PokerStars Hand #249839498071: Tournament #3738723167, $1.84+$0.16 USD Hold'em No Limit - Level I (10/20) - 2024/04/07 8:17:20 CET [2024/04/07 2:17:20 ET]
Table '3738723167 1' 3-max Seat #3 is the button
Seat 1: Mahu2021 (480 in chips) 
Seat 2: escorpion0880 (980 in chips) 
Seat 3: magkinti30 (40 in chips) 
Mahu2021: posts small blind 10
escorpion0880: posts big blind 20
*** HOLE CARDS ***
Dealt to Mahu2021 [Qd 5h]
magkinti30: raises 20 to 40 and is all-in
Mahu2021: folds 
escorpion0880: calls 20
*** FLOP *** [Qc 2s 4d]
*** TURN *** [Qc 2s 4d] [6d]
*** RIVER *** [Qc 2s 4d 6d] [Th]
*** SHOW DOWN ***
escorpion0880: shows [9h 6h] (a pair of Sixes)
magkinti30: shows [Td Qs] (two pair, Queens and Tens)
magkinti30 collected 90 from pot
*** SUMMARY ***
Total pot 90 | Rake 0 
Board [Qc 2s 4d 6d Th]
Seat 1: Mahu2021 (small blind) folded before Flop
Seat 2: escorpion0880 (big blind) showed [9h 6h] and lost with a pair of Sixes
Seat 3: magkinti30 (button) showed [Td Qs] and won (90) with two pair, Queens and Tens



PokerStars Hand #249839499469: Tournament #3738723167, $1.84+$0.16 USD Hold'em No Limit - Level I (10/20) - 2024/04/07 8:17:34 CET [2024/04/07 2:17:34 ET]
Table '3738723167 1' 3-max Seat #1 is the button
Seat 1: Mahu2021 (470 in chips) 
Seat 2: escorpion0880 (940 in chips) 
Seat 3: magkinti30 (90 in chips) 
escorpion0880: posts small blind 10
magkinti30: posts big blind 20
*** HOLE CARDS ***
Dealt to Mahu2021 [9h Qs]
Mahu2021: folds 
escorpion0880: raises 20 to 40
magkinti30: raises 50 to 90 and is all-in
escorpion0880: calls 50
*** FLOP *** [5c 5h 9c]
*** TURN *** [5c 5h 9c] [Jd]
*** RIVER *** [5c 5h 9c Jd] [Kd]
*** SHOW DOWN ***
escorpion0880: shows [6s As] (a pair of Fives)
magkinti30: shows [6c 3c] (a pair of Fives - lower kicker)
escorpion0880 collected 180 from pot
magkinti30 finished the tournament in 3rd place
*** SUMMARY ***
Total pot 180 | Rake 0 
Board [5c 5h 9c Jd Kd]
Seat 1: Mahu2021 (button) folded before Flop (didn't bet)
Seat 2: escorpion0880 (small blind) showed [6s As] and won (180) with a pair of Fives
Seat 3: magkinti30 (big blind) showed [6c 3c] and lost with a pair of Fives



PokerStars Hand #249839501639: Tournament #3738723167, $1.84+$0.16 USD Hold'em No Limit - Level I (10/20) - 2024/04/07 8:17:57 CET [2024/04/07 2:17:57 ET]
Table '3738723167 1' 3-max Seat #2 is the button
Seat 1: Mahu2021 (470 in chips) 
Seat 2: escorpion0880 (1030 in chips) 
escorpion0880: posts small blind 10
Mahu2021: posts big blind 20
*** HOLE CARDS ***
Dealt to Mahu2021 [4s Ad]
escorpion0880: calls 10
Mahu2021: checks 
*** FLOP *** [Th 6c 6h]
Mahu2021: checks 
escorpion0880: bets 40
Mahu2021: calls 40
*** TURN *** [Th 6c 6h] [Js]
Mahu2021: checks 
escorpion0880: bets 120
Mahu2021: folds 
Uncalled bet (120) returned to escorpion0880
escorpion0880 collected 120 from pot
escorpion0880: doesn't show hand 
*** SUMMARY ***
Total pot 120 | Rake 0 
Board [Th 6c 6h Js]
Seat 1: Mahu2021 (big blind) folded on the Turn
Seat 2: escorpion0880 (button) (small blind) collected (120)



PokerStars Hand #249839503072: Tournament #3738723167, $1.84+$0.16 USD Hold'em No Limit - Level I (10/20) - 2024/04/07 8:18:11 CET [2024/04/07 2:18:11 ET]
Table '3738723167 1' 3-max Seat #1 is the button
Seat 1: Mahu2021 (410 in chips) 
Seat 2: escorpion0880 (1090 in chips) 
Mahu2021: posts small blind 10
escorpion0880: posts big blind 20
*** HOLE CARDS ***
Dealt to Mahu2021 [2h 8d]
Mahu2021: folds 
Uncalled bet (10) returned to escorpion0880
escorpion0880 collected 20 from pot
escorpion0880: doesn't show hand 
*** SUMMARY ***
Total pot 20 | Rake 0 
Seat 1: Mahu2021 (button) (small blind) folded before Flop
Seat 2: escorpion0880 (big blind) collected (20)



