PokerStars Hand #248892140887: Tournament #3716030685, $1.84+$0.16 USD Hold'em No Limit - Level I (10/20) - 2024/02/15 14:58:55 CET [2024/02/15 8:58:55 ET]
Table '3716030685 1' 3-max Seat #1 is the button
Seat 1: m56f (500 in chips) 
Seat 2: Pardonha (500 in chips) 
Seat 3: Mahu2021 (500 in chips) 
Pardonha: posts small blind 10
Mahu2021: posts big blind 20
*** HOLE CARDS ***
Dealt to Mahu2021 [9h 5c]
m56f: raises 20 to 40
Pardonha: folds 
Mahu2021: folds 
Uncalled bet (20) returned to m56f
m56f collected 50 from pot
m56f: doesn't show hand 
*** SUMMARY ***
Total pot 50 | Rake 0 
Seat 1: m56f (button) collected (50)
Seat 2: Pardonha (small blind) folded before Flop
Seat 3: Mahu2021 (big blind) folded before Flop



PokerStars Hand #248892143146: Tournament #3716030685, $1.84+$0.16 USD Hold'em No Limit - Level I (10/20) - 2024/02/15 14:59:09 CET [2024/02/15 8:59:09 ET]
Table '3716030685 1' 3-max Seat #2 is the button
Seat 1: m56f (530 in chips) 
Seat 2: Pardonha (490 in chips) 
Seat 3: Mahu2021 (480 in chips) 
Mahu2021: posts small blind 10
m56f: posts big blind 20
*** HOLE CARDS ***
Dealt to Mahu2021 [5c 3d]
Pardonha: folds 
Mahu2021: folds 
Uncalled bet (10) returned to m56f
m56f collected 20 from pot
m56f: doesn't show hand 
*** SUMMARY ***
Total pot 20 | Rake 0 
Seat 1: m56f (big blind) collected (20)
Seat 2: Pardonha (button) folded before Flop (didn't bet)
Seat 3: Mahu2021 (small blind) folded before Flop



PokerStars Hand #248892144042: Tournament #3716030685, $1.84+$0.16 USD Hold'em No Limit - Level I (10/20) - 2024/02/15 14:59:14 CET [2024/02/15 8:59:14 ET]
Table '3716030685 1' 3-max Seat #3 is the button
Seat 1: m56f (540 in chips) 
Seat 2: Pardonha (490 in chips) 
Seat 3: Mahu2021 (470 in chips) 
m56f: posts small blind 10
Pardonha: posts big blind 20
*** HOLE CARDS ***
Dealt to Mahu2021 [8c 6h]
Mahu2021: folds 
m56f: calls 10
Pardonha: checks 
*** FLOP *** [Jc Qs 7s]
m56f: checks 
Pardonha: bets 40
m56f: folds 
Uncalled bet (40) returned to Pardonha
Pardonha collected 40 from pot
Pardonha: doesn't show hand 
*** SUMMARY ***
Total pot 40 | Rake 0 
Board [Jc Qs 7s]
Seat 1: m56f (small blind) folded on the Flop
Seat 2: Pardonha (big blind) collected (40)
Seat 3: Mahu2021 (button) folded before Flop (didn't bet)



PokerStars Hand #248892147249: Tournament #3716030685, $1.84+$0.16 USD Hold'em No Limit - Level I (10/20) - 2024/02/15 14:59:34 CET [2024/02/15 8:59:34 ET]
Table '3716030685 1' 3-max Seat #1 is the button
Seat 1: m56f (520 in chips) 
Seat 2: Pardonha (510 in chips) 
Seat 3: Mahu2021 (470 in chips) 
Pardonha: posts small blind 10
Mahu2021: posts big blind 20
*** HOLE CARDS ***
Dealt to Mahu2021 [4s 3s]
m56f: raises 20 to 40
Pardonha: folds 
Mahu2021: calls 20
*** FLOP *** [9s 5h 2c]
Mahu2021: checks 
m56f: checks 
*** TURN *** [9s 5h 2c] [7h]
Mahu2021: checks 
m56f: checks 
*** RIVER *** [9s 5h 2c 7h] [Kd]
Mahu2021: checks 
m56f: checks 
*** SHOW DOWN ***
Mahu2021: shows [4s 3s] (high card King)
m56f: shows [Jd Qc] (high card King - Queen kicker)
m56f collected 90 from pot
*** SUMMARY ***
Total pot 90 | Rake 0 
Board [9s 5h 2c 7h Kd]
Seat 1: m56f (button) showed [Jd Qc] and won (90) with high card King
Seat 2: Pardonha (small blind) folded before Flop
Seat 3: Mahu2021 (big blind) showed [4s 3s] and lost with high card King



PokerStars Hand #248892150371: Tournament #3716030685, $1.84+$0.16 USD Hold'em No Limit - Level I (10/20) - 2024/02/15 14:59:53 CET [2024/02/15 8:59:53 ET]
Table '3716030685 1' 3-max Seat #2 is the button
Seat 1: m56f (570 in chips) 
Seat 2: Pardonha (500 in chips) 
Seat 3: Mahu2021 (430 in chips) 
Mahu2021: posts small blind 10
m56f: posts big blind 20
*** HOLE CARDS ***
Dealt to Mahu2021 [Js 3c]
Pardonha: raises 20 to 40
Mahu2021: folds 
m56f: calls 20
*** FLOP *** [6h 2s As]
m56f: checks 
Pardonha: bets 40
m56f: calls 40
*** TURN *** [6h 2s As] [Qs]
m56f: checks 
Pardonha: checks 
*** RIVER *** [6h 2s As Qs] [3s]
m56f: bets 85
Pardonha: folds 
Uncalled bet (85) returned to m56f
m56f collected 170 from pot
m56f: doesn't show hand 
*** SUMMARY ***
Total pot 170 | Rake 0 
Board [6h 2s As Qs 3s]
Seat 1: m56f (big blind) collected (170)
Seat 2: Pardonha (button) folded on the River
Seat 3: Mahu2021 (small blind) folded before Flop



PokerStars Hand #248892157671: Tournament #3716030685, $1.84+$0.16 USD Hold'em No Limit - Level I (10/20) - 2024/02/15 15:00:36 CET [2024/02/15 9:00:36 ET]
Table '3716030685 1' 3-max Seat #3 is the button
Seat 1: m56f (660 in chips) 
Seat 2: Pardonha (420 in chips) 
Seat 3: Mahu2021 (420 in chips) 
m56f: posts small blind 10
Pardonha: posts big blind 20
*** HOLE CARDS ***
Dealt to Mahu2021 [6d 9h]
Mahu2021: folds 
m56f: calls 10
Pardonha: raises 400 to 420 and is all-in
m56f: folds 
Uncalled bet (400) returned to Pardonha
Pardonha collected 40 from pot
Pardonha: doesn't show hand 
*** SUMMARY ***
Total pot 40 | Rake 0 
Seat 1: m56f (small blind) folded before Flop
Seat 2: Pardonha (big blind) collected (40)
Seat 3: Mahu2021 (button) folded before Flop (didn't bet)



PokerStars Hand #248892159684: Tournament #3716030685, $1.84+$0.16 USD Hold'em No Limit - Level I (10/20) - 2024/02/15 15:00:47 CET [2024/02/15 9:00:47 ET]
Table '3716030685 1' 3-max Seat #1 is the button
Seat 1: m56f (640 in chips) 
Seat 2: Pardonha (440 in chips) 
Seat 3: Mahu2021 (420 in chips) 
Pardonha: posts small blind 10
Mahu2021: posts big blind 20
*** HOLE CARDS ***
Dealt to Mahu2021 [Qc 8c]
m56f: folds 
Pardonha: raises 40 to 60
Mahu2021: calls 40
*** FLOP *** [Jd Tc 5h]
Pardonha: bets 380 and is all-in
Mahu2021: folds 
Uncalled bet (380) returned to Pardonha
Pardonha collected 120 from pot
Pardonha: doesn't show hand 
*** SUMMARY ***
Total pot 120 | Rake 0 
Board [Jd Tc 5h]
Seat 1: m56f (button) folded before Flop (didn't bet)
Seat 2: Pardonha (small blind) collected (120)
Seat 3: Mahu2021 (big blind) folded on the Flop



PokerStars Hand #248892161959: Tournament #3716030685, $1.84+$0.16 USD Hold'em No Limit - Level I (10/20) - 2024/02/15 15:01:00 CET [2024/02/15 9:01:00 ET]
Table '3716030685 1' 3-max Seat #2 is the button
Seat 1: m56f (640 in chips) 
Seat 2: Pardonha (500 in chips) 
Seat 3: Mahu2021 (360 in chips) 
Mahu2021: posts small blind 10
m56f: posts big blind 20
*** HOLE CARDS ***
Dealt to Mahu2021 [Kc 3c]
Pardonha: folds 
Mahu2021: calls 10
m56f: raises 40 to 60
Mahu2021: calls 40
*** FLOP *** [3s 7c Qd]
Mahu2021: checks 
m56f: bets 120
Mahu2021: folds 
Uncalled bet (120) returned to m56f
m56f collected 120 from pot
m56f: doesn't show hand 
*** SUMMARY ***
Total pot 120 | Rake 0 
Board [3s 7c Qd]
Seat 1: m56f (big blind) collected (120)
Seat 2: Pardonha (button) folded before Flop (didn't bet)
Seat 3: Mahu2021 (small blind) folded on the Flop



PokerStars Hand #248892165381: Tournament #3716030685, $1.84+$0.16 USD Hold'em No Limit - Level I (10/20) - 2024/02/15 15:01:18 CET [2024/02/15 9:01:18 ET]
Table '3716030685 1' 3-max Seat #3 is the button
Seat 1: m56f (700 in chips) 
Seat 2: Pardonha (500 in chips) 
Seat 3: Mahu2021 (300 in chips) 
m56f: posts small blind 10
Pardonha: posts big blind 20
*** HOLE CARDS ***
Dealt to Mahu2021 [As 3d]
Mahu2021: raises 280 to 300 and is all-in
m56f: folds 
Pardonha: folds 
Uncalled bet (280) returned to Mahu2021
Mahu2021 collected 50 from pot
Mahu2021: doesn't show hand 
*** SUMMARY ***
Total pot 50 | Rake 0 
Seat 1: m56f (small blind) folded before Flop
Seat 2: Pardonha (big blind) folded before Flop
Seat 3: Mahu2021 (button) collected (50)



PokerStars Hand #248892166988: Tournament #3716030685, $1.84+$0.16 USD Hold'em No Limit - Level I (10/20) - 2024/02/15 15:01:26 CET [2024/02/15 9:01:26 ET]
Table '3716030685 1' 3-max Seat #1 is the button
Seat 1: m56f (690 in chips) 
Seat 2: Pardonha (480 in chips) 
Seat 3: Mahu2021 (330 in chips) 
Pardonha: posts small blind 10
Mahu2021: posts big blind 20
*** HOLE CARDS ***
Dealt to Mahu2021 [9h 2h]
m56f: folds 
Pardonha: calls 10
Mahu2021: checks 
*** FLOP *** [7h 6s 2c]
Pardonha: checks 
Mahu2021: bets 40
Pardonha: folds 
Uncalled bet (40) returned to Mahu2021
Mahu2021 collected 40 from pot
Mahu2021: doesn't show hand 
*** SUMMARY ***
Total pot 40 | Rake 0 
Board [7h 6s 2c]
Seat 1: m56f (button) folded before Flop (didn't bet)
Seat 2: Pardonha (small blind) folded on the Flop
Seat 3: Mahu2021 (big blind) collected (40)



PokerStars Hand #248892169354: Tournament #3716030685, $1.84+$0.16 USD Hold'em No Limit - Level I (10/20) - 2024/02/15 15:01:39 CET [2024/02/15 9:01:39 ET]
Table '3716030685 1' 3-max Seat #2 is the button
Seat 1: m56f (690 in chips) 
Seat 2: Pardonha (460 in chips) 
Seat 3: Mahu2021 (350 in chips) 
Mahu2021: posts small blind 10
m56f: posts big blind 20
*** HOLE CARDS ***
Dealt to Mahu2021 [Js 2h]
Pardonha: calls 20
Mahu2021: folds 
m56f: checks 
*** FLOP *** [6c 4h Jh]
m56f: checks 
Pardonha: checks 
*** TURN *** [6c 4h Jh] [5s]
m56f: checks 
Pardonha: checks 
*** RIVER *** [6c 4h Jh 5s] [9d]
m56f: bets 70
Pardonha: folds 
Uncalled bet (70) returned to m56f
m56f collected 50 from pot
m56f: doesn't show hand 
*** SUMMARY ***
Total pot 50 | Rake 0 
Board [6c 4h Jh 5s 9d]
Seat 1: m56f (big blind) collected (50)
Seat 2: Pardonha (button) folded on the River
Seat 3: Mahu2021 (small blind) folded before Flop



PokerStars Hand #248892178085: Tournament #3716030685, $1.84+$0.16 USD Hold'em No Limit - Level II (15/30) - 2024/02/15 15:02:21 CET [2024/02/15 9:02:21 ET]
Table '3716030685 1' 3-max Seat #3 is the button
Seat 1: m56f (720 in chips) 
Seat 2: Pardonha (440 in chips) 
Seat 3: Mahu2021 (340 in chips) 
m56f: posts small blind 15
Pardonha: posts big blind 30
*** HOLE CARDS ***
Dealt to Mahu2021 [6s Kd]
Mahu2021: folds 
m56f: calls 15
Pardonha: raises 60 to 90
m56f: calls 60
*** FLOP *** [Jd Qh 9h]
m56f: checks 
Pardonha: bets 350 and is all-in
m56f: folds 
Uncalled bet (350) returned to Pardonha
Pardonha collected 180 from pot
Pardonha: doesn't show hand 
*** SUMMARY ***
Total pot 180 | Rake 0 
Board [Jd Qh 9h]
Seat 1: m56f (small blind) folded on the Flop
Seat 2: Pardonha (big blind) collected (180)
Seat 3: Mahu2021 (button) folded before Flop (didn't bet)



PokerStars Hand #248892181436: Tournament #3716030685, $1.84+$0.16 USD Hold'em No Limit - Level II (15/30) - 2024/02/15 15:02:38 CET [2024/02/15 9:02:38 ET]
Table '3716030685 1' 3-max Seat #1 is the button
Seat 1: m56f (630 in chips) 
Seat 2: Pardonha (530 in chips) 
Seat 3: Mahu2021 (340 in chips) 
Pardonha: posts small blind 15
Mahu2021: posts big blind 30
*** HOLE CARDS ***
Dealt to Mahu2021 [Th Kd]
m56f: raises 75 to 105
Pardonha: folds 
Mahu2021: raises 235 to 340 and is all-in
m56f: calls 235
*** FLOP *** [Ts 9s 3d]
*** TURN *** [Ts 9s 3d] [Kh]
*** RIVER *** [Ts 9s 3d Kh] [6c]
*** SHOW DOWN ***
Mahu2021: shows [Th Kd] (two pair, Kings and Tens)
m56f: shows [Ad Tc] (a pair of Tens)
Mahu2021 collected 695 from pot
*** SUMMARY ***
Total pot 695 | Rake 0 
Board [Ts 9s 3d Kh 6c]
Seat 1: m56f (button) showed [Ad Tc] and lost with a pair of Tens
Seat 2: Pardonha (small blind) folded before Flop
Seat 3: Mahu2021 (big blind) showed [Th Kd] and won (695) with two pair, Kings and Tens



PokerStars Hand #248892185716: Tournament #3716030685, $1.84+$0.16 USD Hold'em No Limit - Level II (15/30) - 2024/02/15 15:03:00 CET [2024/02/15 9:03:00 ET]
Table '3716030685 1' 3-max Seat #2 is the button
Seat 1: m56f (290 in chips) 
Seat 2: Pardonha (515 in chips) 
Seat 3: Mahu2021 (695 in chips) 
Mahu2021: posts small blind 15
m56f: posts big blind 30
*** HOLE CARDS ***
Dealt to Mahu2021 [Td As]
Pardonha: folds 
Mahu2021: raises 30 to 60
m56f: raises 230 to 290 and is all-in
Mahu2021: calls 230
*** FLOP *** [6s 5d Qd]
*** TURN *** [6s 5d Qd] [Jd]
*** RIVER *** [6s 5d Qd Jd] [3s]
*** SHOW DOWN ***
Mahu2021: shows [Td As] (high card Ace)
m56f: shows [Ah 2d] (high card Ace - lower kicker)
Mahu2021 collected 580 from pot
m56f finished the tournament in 3rd place
*** SUMMARY ***
Total pot 580 | Rake 0 
Board [6s 5d Qd Jd 3s]
Seat 1: m56f (big blind) showed [Ah 2d] and lost with high card Ace
Seat 2: Pardonha (button) folded before Flop (didn't bet)
Seat 3: Mahu2021 (small blind) showed [Td As] and won (580) with high card Ace



PokerStars Hand #248892189429: Tournament #3716030685, $1.84+$0.16 USD Hold'em No Limit - Level II (15/30) - 2024/02/15 15:03:19 CET [2024/02/15 9:03:19 ET]
Table '3716030685 1' 3-max Seat #3 is the button
Seat 2: Pardonha (515 in chips) 
Seat 3: Mahu2021 (985 in chips) 
Mahu2021: posts small blind 15
Pardonha: posts big blind 30
*** HOLE CARDS ***
Dealt to Mahu2021 [4c Kh]
Mahu2021: raises 30 to 60
Pardonha: folds 
Uncalled bet (30) returned to Mahu2021
Mahu2021 collected 60 from pot
Mahu2021: doesn't show hand 
*** SUMMARY ***
Total pot 60 | Rake 0 
Seat 2: Pardonha (big blind) folded before Flop
Seat 3: Mahu2021 (button) (small blind) collected (60)



PokerStars Hand #248892190734: Tournament #3716030685, $1.84+$0.16 USD Hold'em No Limit - Level II (15/30) - 2024/02/15 15:03:25 CET [2024/02/15 9:03:25 ET]
Table '3716030685 1' 3-max Seat #2 is the button
Seat 2: Pardonha (485 in chips) 
Seat 3: Mahu2021 (1015 in chips) 
Pardonha: posts small blind 15
Mahu2021: posts big blind 30
*** HOLE CARDS ***
Dealt to Mahu2021 [5s Js]
Pardonha: raises 60 to 90
Mahu2021: calls 60
*** FLOP *** [Td Ts 2s]
Mahu2021: checks 
Pardonha: bets 395 and is all-in
Mahu2021: calls 395
*** TURN *** [Td Ts 2s] [As]
*** RIVER *** [Td Ts 2s As] [7d]
*** SHOW DOWN ***
Mahu2021: shows [5s Js] (a flush, Ace high)
Pardonha: shows [3s Ad] (two pair, Aces and Tens)
Mahu2021 collected 970 from pot
Pardonha finished the tournament in 2nd place
Mahu2021 wins the tournament and receives $8.00 - congratulations!
*** SUMMARY ***
Total pot 970 | Rake 0 
Board [Td Ts 2s As 7d]
Seat 2: Pardonha (button) (small blind) showed [3s Ad] and lost with two pair, Aces and Tens
Seat 3: Mahu2021 (big blind) showed [5s Js] and won (970) with a flush, Ace high



