PokerStars Hand #254684197984: Tournament #3854659604, $0.46+$0.04 USD Hold'em No Limit - Level I (10/20) - 2025/02/03 9:09:56 CET [2025/02/03 3:09:56 ET]
Table '3854659604 1' 3-max Seat #1 is the button
Seat 1: Mahu2021 (500 in chips) 
Seat 2: El Pescado99 (500 in chips) 
Seat 3: jvanek787 (500 in chips) 
El Pescado99: posts small blind 10
jvanek787: posts big blind 20
*** HOLE CARDS ***
Dealt to Mahu2021 [6h Qh]
Mahu2021: calls 20
El Pescado99: calls 10
jvanek787: raises 50 to 70
Mahu2021: folds 
El Pescado99: folds 
Uncalled bet (50) returned to jvanek787
jvanek787 collected 60 from pot
*** SUMMARY ***
Total pot 60 | Rake 0 
Seat 1: Mahu2021 (button) folded before Flop
Seat 2: El Pescado99 (small blind) folded before Flop
Seat 3: jvanek787 (big blind) collected (60)



PokerStars Hand #254684198855: Tournament #3854659604, $0.46+$0.04 USD Hold'em No Limit - Level I (10/20) - 2025/02/03 9:10:09 CET [2025/02/03 3:10:09 ET]
Table '3854659604 1' 3-max Seat #2 is the button
Seat 1: Mahu2021 (480 in chips) 
Seat 2: El Pescado99 (480 in chips) 
Seat 3: jvanek787 (540 in chips) 
jvanek787: posts small blind 10
Mahu2021: posts big blind 20
*** HOLE CARDS ***
Dealt to Mahu2021 [6s Ts]
El Pescado99: raises 20 to 40
jvanek787: raises 500 to 540 and is all-in
Mahu2021: folds 
El Pescado99: folds 
Uncalled bet (500) returned to jvanek787
jvanek787 collected 100 from pot
*** SUMMARY ***
Total pot 100 | Rake 0 
Seat 1: Mahu2021 (big blind) folded before Flop
Seat 2: El Pescado99 (button) folded before Flop
Seat 3: jvanek787 (small blind) collected (100)



PokerStars Hand #254684199622: Tournament #3854659604, $0.46+$0.04 USD Hold'em No Limit - Level I (10/20) - 2025/02/03 9:10:20 CET [2025/02/03 3:10:20 ET]
Table '3854659604 1' 3-max Seat #3 is the button
Seat 1: Mahu2021 (460 in chips) 
Seat 2: El Pescado99 (440 in chips) 
Seat 3: jvanek787 (600 in chips) 
Mahu2021: posts small blind 10
El Pescado99: posts big blind 20
*** HOLE CARDS ***
Dealt to Mahu2021 [5h Qc]
jvanek787: folds 
Mahu2021: folds 
Uncalled bet (10) returned to El Pescado99
El Pescado99 collected 20 from pot
El Pescado99: doesn't show hand 
*** SUMMARY ***
Total pot 20 | Rake 0 
Seat 1: Mahu2021 (small blind) folded before Flop
Seat 2: El Pescado99 (big blind) collected (20)
Seat 3: jvanek787 (button) folded before Flop (didn't bet)



PokerStars Hand #254684199971: Tournament #3854659604, $0.46+$0.04 USD Hold'em No Limit - Level I (10/20) - 2025/02/03 9:10:25 CET [2025/02/03 3:10:25 ET]
Table '3854659604 1' 3-max Seat #1 is the button
Seat 1: Mahu2021 (450 in chips) 
Seat 2: El Pescado99 (450 in chips) 
Seat 3: jvanek787 (600 in chips) 
El Pescado99: posts small blind 10
jvanek787: posts big blind 20
*** HOLE CARDS ***
Dealt to Mahu2021 [3c 8s]
Mahu2021: folds 
El Pescado99: calls 10
jvanek787: raises 50 to 70
El Pescado99: raises 380 to 450 and is all-in
jvanek787: folds 
Uncalled bet (380) returned to El Pescado99
El Pescado99 collected 140 from pot
El Pescado99: doesn't show hand 
*** SUMMARY ***
Total pot 140 | Rake 0 
Seat 1: Mahu2021 (button) folded before Flop (didn't bet)
Seat 2: El Pescado99 (small blind) collected (140)
Seat 3: jvanek787 (big blind) folded before Flop



PokerStars Hand #254684201039: Tournament #3854659604, $0.46+$0.04 USD Hold'em No Limit - Level I (10/20) - 2025/02/03 9:10:40 CET [2025/02/03 3:10:40 ET]
Table '3854659604 1' 3-max Seat #2 is the button
Seat 1: Mahu2021 (450 in chips) 
Seat 2: El Pescado99 (520 in chips) 
Seat 3: jvanek787 (530 in chips) 
jvanek787: posts small blind 10
Mahu2021: posts big blind 20
*** HOLE CARDS ***
Dealt to Mahu2021 [6c 8s]
El Pescado99: folds 
jvanek787: calls 10
Mahu2021: checks 
*** FLOP *** [4d 7c 7d]
jvanek787: bets 30
Mahu2021: folds 
Uncalled bet (30) returned to jvanek787
jvanek787 collected 40 from pot
*** SUMMARY ***
Total pot 40 | Rake 0 
Board [4d 7c 7d]
Seat 1: Mahu2021 (big blind) folded on the Flop
Seat 2: El Pescado99 (button) folded before Flop (didn't bet)
Seat 3: jvanek787 (small blind) collected (40)



PokerStars Hand #254684201879: Tournament #3854659604, $0.46+$0.04 USD Hold'em No Limit - Level I (10/20) - 2025/02/03 9:10:53 CET [2025/02/03 3:10:53 ET]
Table '3854659604 1' 3-max Seat #3 is the button
Seat 1: Mahu2021 (430 in chips) 
Seat 2: El Pescado99 (520 in chips) 
Seat 3: jvanek787 (550 in chips) 
Mahu2021: posts small blind 10
El Pescado99: posts big blind 20
*** HOLE CARDS ***
Dealt to Mahu2021 [6c Qs]
jvanek787: raises 50 to 70
Mahu2021: folds 
El Pescado99: calls 50
*** FLOP *** [Kd Qh 9s]
El Pescado99: checks 
jvanek787: checks 
*** TURN *** [Kd Qh 9s] [As]
El Pescado99: checks 
jvanek787: bets 60
El Pescado99: calls 60
*** RIVER *** [Kd Qh 9s As] [3d]
El Pescado99: checks 
jvanek787: bets 203
El Pescado99: folds 
Uncalled bet (203) returned to jvanek787
jvanek787 collected 270 from pot
*** SUMMARY ***
Total pot 270 | Rake 0 
Board [Kd Qh 9s As 3d]
Seat 1: Mahu2021 (small blind) folded before Flop
Seat 2: El Pescado99 (big blind) folded on the River
Seat 3: jvanek787 (button) collected (270)



PokerStars Hand #254684204335: Tournament #3854659604, $0.46+$0.04 USD Hold'em No Limit - Level I (10/20) - 2025/02/03 9:11:29 CET [2025/02/03 3:11:29 ET]
Table '3854659604 1' 3-max Seat #1 is the button
Seat 1: Mahu2021 (420 in chips) 
Seat 2: El Pescado99 (390 in chips) 
Seat 3: jvanek787 (690 in chips) 
El Pescado99: posts small blind 10
jvanek787: posts big blind 20
*** HOLE CARDS ***
Dealt to Mahu2021 [9h 2d]
Mahu2021: folds 
El Pescado99: calls 10
jvanek787: raises 50 to 70
El Pescado99: raises 320 to 390 and is all-in
jvanek787: folds 
Uncalled bet (320) returned to El Pescado99
El Pescado99 collected 140 from pot
El Pescado99: doesn't show hand 
*** SUMMARY ***
Total pot 140 | Rake 0 
Seat 1: Mahu2021 (button) folded before Flop (didn't bet)
Seat 2: El Pescado99 (small blind) collected (140)
Seat 3: jvanek787 (big blind) folded before Flop



PokerStars Hand #254684205555: Tournament #3854659604, $0.46+$0.04 USD Hold'em No Limit - Level I (10/20) - 2025/02/03 9:11:46 CET [2025/02/03 3:11:46 ET]
Table '3854659604 1' 3-max Seat #2 is the button
Seat 1: Mahu2021 (420 in chips) 
Seat 2: El Pescado99 (460 in chips) 
Seat 3: jvanek787 (620 in chips) 
jvanek787: posts small blind 10
Mahu2021: posts big blind 20
*** HOLE CARDS ***
Dealt to Mahu2021 [3d Th]
El Pescado99: folds 
jvanek787: calls 10
Mahu2021: checks 
*** FLOP *** [Qd Ac 8d]
jvanek787: bets 30
Mahu2021: folds 
Uncalled bet (30) returned to jvanek787
jvanek787 collected 40 from pot
*** SUMMARY ***
Total pot 40 | Rake 0 
Board [Qd Ac 8d]
Seat 1: Mahu2021 (big blind) folded on the Flop
Seat 2: El Pescado99 (button) folded before Flop (didn't bet)
Seat 3: jvanek787 (small blind) collected (40)



PokerStars Hand #254684206786: Tournament #3854659604, $0.46+$0.04 USD Hold'em No Limit - Level II (15/30) - 2025/02/03 9:12:04 CET [2025/02/03 3:12:04 ET]
Table '3854659604 1' 3-max Seat #3 is the button
Seat 1: Mahu2021 (400 in chips) 
Seat 2: El Pescado99 (460 in chips) 
Seat 3: jvanek787 (640 in chips) 
Mahu2021: posts small blind 15
El Pescado99: posts big blind 30
*** HOLE CARDS ***
Dealt to Mahu2021 [2c Qh]
jvanek787: raises 75 to 105
Mahu2021: folds 
El Pescado99: calls 75
*** FLOP *** [5c Ts Kd]
El Pescado99: checks 
jvanek787: bets 90
El Pescado99: folds 
Uncalled bet (90) returned to jvanek787
jvanek787 collected 225 from pot
*** SUMMARY ***
Total pot 225 | Rake 0 
Board [5c Ts Kd]
Seat 1: Mahu2021 (small blind) folded before Flop
Seat 2: El Pescado99 (big blind) folded on the Flop
Seat 3: jvanek787 (button) collected (225)



PokerStars Hand #254684207972: Tournament #3854659604, $0.46+$0.04 USD Hold'em No Limit - Level II (15/30) - 2025/02/03 9:12:20 CET [2025/02/03 3:12:20 ET]
Table '3854659604 1' 3-max Seat #1 is the button
Seat 1: Mahu2021 (385 in chips) 
Seat 2: El Pescado99 (355 in chips) 
Seat 3: jvanek787 (760 in chips) 
El Pescado99: posts small blind 15
jvanek787: posts big blind 30
*** HOLE CARDS ***
Dealt to Mahu2021 [4d 6d]
Mahu2021: folds 
El Pescado99: folds 
Uncalled bet (15) returned to jvanek787
jvanek787 collected 30 from pot
*** SUMMARY ***
Total pot 30 | Rake 0 
Seat 1: Mahu2021 (button) folded before Flop (didn't bet)
Seat 2: El Pescado99 (small blind) folded before Flop
Seat 3: jvanek787 (big blind) collected (30)



PokerStars Hand #254684208493: Tournament #3854659604, $0.46+$0.04 USD Hold'em No Limit - Level II (15/30) - 2025/02/03 9:12:27 CET [2025/02/03 3:12:27 ET]
Table '3854659604 1' 3-max Seat #2 is the button
Seat 1: Mahu2021 (385 in chips) 
Seat 2: El Pescado99 (340 in chips) 
Seat 3: jvanek787 (775 in chips) 
jvanek787: posts small blind 15
Mahu2021: posts big blind 30
*** HOLE CARDS ***
Dealt to Mahu2021 [7c Td]
El Pescado99: folds 
jvanek787: calls 15
Mahu2021: checks 
*** FLOP *** [6s 8s Ac]
jvanek787: bets 45
Mahu2021: folds 
Uncalled bet (45) returned to jvanek787
jvanek787 collected 60 from pot
*** SUMMARY ***
Total pot 60 | Rake 0 
Board [6s 8s Ac]
Seat 1: Mahu2021 (big blind) folded on the Flop
Seat 2: El Pescado99 (button) folded before Flop (didn't bet)
Seat 3: jvanek787 (small blind) collected (60)



PokerStars Hand #254684209263: Tournament #3854659604, $0.46+$0.04 USD Hold'em No Limit - Level II (15/30) - 2025/02/03 9:12:39 CET [2025/02/03 3:12:39 ET]
Table '3854659604 1' 3-max Seat #3 is the button
Seat 1: Mahu2021 (355 in chips) 
Seat 2: El Pescado99 (340 in chips) 
Seat 3: jvanek787 (805 in chips) 
Mahu2021: posts small blind 15
El Pescado99: posts big blind 30
*** HOLE CARDS ***
Dealt to Mahu2021 [8c Th]
jvanek787: folds 
Mahu2021: folds 
Uncalled bet (15) returned to El Pescado99
El Pescado99 collected 30 from pot
El Pescado99: doesn't show hand 
*** SUMMARY ***
Total pot 30 | Rake 0 
Seat 1: Mahu2021 (small blind) folded before Flop
Seat 2: El Pescado99 (big blind) collected (30)
Seat 3: jvanek787 (button) folded before Flop (didn't bet)



PokerStars Hand #254684209676: Tournament #3854659604, $0.46+$0.04 USD Hold'em No Limit - Level II (15/30) - 2025/02/03 9:12:45 CET [2025/02/03 3:12:45 ET]
Table '3854659604 1' 3-max Seat #1 is the button
Seat 1: Mahu2021 (340 in chips) 
Seat 2: El Pescado99 (355 in chips) 
Seat 3: jvanek787 (805 in chips) 
El Pescado99: posts small blind 15
jvanek787: posts big blind 30
*** HOLE CARDS ***
Dealt to Mahu2021 [9d 4c]
Mahu2021: folds 
El Pescado99: folds 
Uncalled bet (15) returned to jvanek787
jvanek787 collected 30 from pot
*** SUMMARY ***
Total pot 30 | Rake 0 
Seat 1: Mahu2021 (button) folded before Flop (didn't bet)
Seat 2: El Pescado99 (small blind) folded before Flop
Seat 3: jvanek787 (big blind) collected (30)



PokerStars Hand #254684210129: Tournament #3854659604, $0.46+$0.04 USD Hold'em No Limit - Level II (15/30) - 2025/02/03 9:12:51 CET [2025/02/03 3:12:51 ET]
Table '3854659604 1' 3-max Seat #2 is the button
Seat 1: Mahu2021 (340 in chips) 
Seat 2: El Pescado99 (340 in chips) 
Seat 3: jvanek787 (820 in chips) 
jvanek787: posts small blind 15
Mahu2021: posts big blind 30
*** HOLE CARDS ***
Dealt to Mahu2021 [Qc 7s]
El Pescado99: folds 
jvanek787: calls 15
Mahu2021: raises 310 to 340 and is all-in
jvanek787: folds 
Uncalled bet (310) returned to Mahu2021
Mahu2021 collected 60 from pot
Mahu2021: doesn't show hand 
*** SUMMARY ***
Total pot 60 | Rake 0 
Seat 1: Mahu2021 (big blind) collected (60)
Seat 2: El Pescado99 (button) folded before Flop (didn't bet)
Seat 3: jvanek787 (small blind) folded before Flop



PokerStars Hand #254684210832: Tournament #3854659604, $0.46+$0.04 USD Hold'em No Limit - Level II (15/30) - 2025/02/03 9:13:01 CET [2025/02/03 3:13:01 ET]
Table '3854659604 1' 3-max Seat #3 is the button
Seat 1: Mahu2021 (370 in chips) 
Seat 2: El Pescado99 (340 in chips) 
Seat 3: jvanek787 (790 in chips) 
Mahu2021: posts small blind 15
El Pescado99: posts big blind 30
*** HOLE CARDS ***
Dealt to Mahu2021 [4c 6d]
jvanek787: folds 
Mahu2021: folds 
Uncalled bet (15) returned to El Pescado99
El Pescado99 collected 30 from pot
El Pescado99: doesn't show hand 
*** SUMMARY ***
Total pot 30 | Rake 0 
Seat 1: Mahu2021 (small blind) folded before Flop
Seat 2: El Pescado99 (big blind) collected (30)
Seat 3: jvanek787 (button) folded before Flop (didn't bet)



PokerStars Hand #254684211175: Tournament #3854659604, $0.46+$0.04 USD Hold'em No Limit - Level II (15/30) - 2025/02/03 9:13:06 CET [2025/02/03 3:13:06 ET]
Table '3854659604 1' 3-max Seat #1 is the button
Seat 1: Mahu2021 (355 in chips) 
Seat 2: El Pescado99 (355 in chips) 
Seat 3: jvanek787 (790 in chips) 
El Pescado99: posts small blind 15
jvanek787: posts big blind 30
*** HOLE CARDS ***
Dealt to Mahu2021 [Kd 7s]
Mahu2021: raises 30 to 60
El Pescado99: folds 
jvanek787: calls 30
*** FLOP *** [6c Jd Qs]
jvanek787: checks 
Mahu2021: checks 
*** TURN *** [6c Jd Qs] [As]
jvanek787: bets 54
Mahu2021: folds 
Uncalled bet (54) returned to jvanek787
jvanek787 collected 135 from pot
*** SUMMARY ***
Total pot 135 | Rake 0 
Board [6c Jd Qs As]
Seat 1: Mahu2021 (button) folded on the Turn
Seat 2: El Pescado99 (small blind) folded before Flop
Seat 3: jvanek787 (big blind) collected (135)



PokerStars Hand #254684212570: Tournament #3854659604, $0.46+$0.04 USD Hold'em No Limit - Level II (15/30) - 2025/02/03 9:13:26 CET [2025/02/03 3:13:26 ET]
Table '3854659604 1' 3-max Seat #2 is the button
Seat 1: Mahu2021 (295 in chips) 
Seat 2: El Pescado99 (340 in chips) 
Seat 3: jvanek787 (865 in chips) 
jvanek787: posts small blind 15
Mahu2021: posts big blind 30
*** HOLE CARDS ***
Dealt to Mahu2021 [6c 9d]
El Pescado99: folds 
jvanek787: raises 75 to 105
Mahu2021: folds 
Uncalled bet (75) returned to jvanek787
jvanek787 collected 60 from pot
*** SUMMARY ***
Total pot 60 | Rake 0 
Seat 1: Mahu2021 (big blind) folded before Flop
Seat 2: El Pescado99 (button) folded before Flop (didn't bet)
Seat 3: jvanek787 (small blind) collected (60)



PokerStars Hand #254684213515: Tournament #3854659604, $0.46+$0.04 USD Hold'em No Limit - Level II (15/30) - 2025/02/03 9:13:39 CET [2025/02/03 3:13:39 ET]
Table '3854659604 1' 3-max Seat #3 is the button
Seat 1: Mahu2021 (265 in chips) 
Seat 2: El Pescado99 (340 in chips) 
Seat 3: jvanek787 (895 in chips) 
Mahu2021: posts small blind 15
El Pescado99: posts big blind 30
*** HOLE CARDS ***
Dealt to Mahu2021 [4c 7s]
jvanek787: folds 
Mahu2021: folds 
Uncalled bet (15) returned to El Pescado99
El Pescado99 collected 30 from pot
El Pescado99: doesn't show hand 
*** SUMMARY ***
Total pot 30 | Rake 0 
Seat 1: Mahu2021 (small blind) folded before Flop
Seat 2: El Pescado99 (big blind) collected (30)
Seat 3: jvanek787 (button) folded before Flop (didn't bet)



PokerStars Hand #254684213872: Tournament #3854659604, $0.46+$0.04 USD Hold'em No Limit - Level II (15/30) - 2025/02/03 9:13:44 CET [2025/02/03 3:13:44 ET]
Table '3854659604 1' 3-max Seat #1 is the button
Seat 1: Mahu2021 (250 in chips) 
Seat 2: El Pescado99 (355 in chips) 
Seat 3: jvanek787 (895 in chips) 
El Pescado99: posts small blind 15
jvanek787: posts big blind 30
*** HOLE CARDS ***
Dealt to Mahu2021 [4s 8d]
Mahu2021: folds 
El Pescado99: raises 30 to 60
jvanek787: raises 835 to 895 and is all-in
El Pescado99: calls 295 and is all-in
Uncalled bet (540) returned to jvanek787
*** FLOP *** [5d 7h Tc]
*** TURN *** [5d 7h Tc] [9c]
*** RIVER *** [5d 7h Tc 9c] [3s]
*** SHOW DOWN ***
El Pescado99: shows [Kh Ad] (high card Ace)
jvanek787: shows [7d 7s] (three of a kind, Sevens)
jvanek787 collected 710 from pot
El Pescado99 finished the tournament in 3rd place
*** SUMMARY ***
Total pot 710 | Rake 0 
Board [5d 7h Tc 9c 3s]
Seat 1: Mahu2021 (button) folded before Flop (didn't bet)
Seat 2: El Pescado99 (small blind) showed [Kh Ad] and lost with high card Ace
Seat 3: jvanek787 (big blind) showed [7d 7s] and won (710) with three of a kind, Sevens



PokerStars Hand #254684215595: Tournament #3854659604, $0.46+$0.04 USD Hold'em No Limit - Level III (20/40) - 2025/02/03 9:14:08 CET [2025/02/03 3:14:08 ET]
Table '3854659604 1' 3-max Seat #3 is the button
Seat 1: Mahu2021 (250 in chips) 
Seat 3: jvanek787 (1250 in chips) 
jvanek787: posts small blind 20
Mahu2021: posts big blind 40
*** HOLE CARDS ***
Dealt to Mahu2021 [Qh Js]
jvanek787: calls 20
Mahu2021: checks 
*** FLOP *** [Qd Jd Ah]
Mahu2021: checks 
jvanek787: bets 40
Mahu2021: raises 40 to 80
jvanek787: calls 40
*** TURN *** [Qd Jd Ah] [5c]
Mahu2021: checks 
jvanek787: bets 1130 and is all-in
Mahu2021: calls 130 and is all-in
Uncalled bet (1000) returned to jvanek787
*** RIVER *** [Qd Jd Ah 5c] [6d]
*** SHOW DOWN ***
Mahu2021: shows [Qh Js] (two pair, Queens and Jacks)
jvanek787: shows [9s Qs] (a pair of Queens)
Mahu2021 collected 500 from pot
*** SUMMARY ***
Total pot 500 | Rake 0 
Board [Qd Jd Ah 5c 6d]
Seat 1: Mahu2021 (big blind) showed [Qh Js] and won (500) with two pair, Queens and Jacks
Seat 3: jvanek787 (button) (small blind) showed [9s Qs] and lost with a pair of Queens



PokerStars Hand #254684217272: Tournament #3854659604, $0.46+$0.04 USD Hold'em No Limit - Level III (20/40) - 2025/02/03 9:14:31 CET [2025/02/03 3:14:31 ET]
Table '3854659604 1' 3-max Seat #1 is the button
Seat 1: Mahu2021 (500 in chips) 
Seat 3: jvanek787 (1000 in chips) 
Mahu2021: posts small blind 20
jvanek787: posts big blind 40
*** HOLE CARDS ***
Dealt to Mahu2021 [6h 4c]
Mahu2021: folds 
Uncalled bet (20) returned to jvanek787
jvanek787 collected 40 from pot
*** SUMMARY ***
Total pot 40 | Rake 0 
Seat 1: Mahu2021 (button) (small blind) folded before Flop
Seat 3: jvanek787 (big blind) collected (40)



PokerStars Hand #254684217686: Tournament #3854659604, $0.46+$0.04 USD Hold'em No Limit - Level III (20/40) - 2025/02/03 9:14:38 CET [2025/02/03 3:14:38 ET]
Table '3854659604 1' 3-max Seat #3 is the button
Seat 1: Mahu2021 (480 in chips) 
Seat 3: jvanek787 (1020 in chips) 
jvanek787: posts small blind 20
Mahu2021: posts big blind 40
*** HOLE CARDS ***
Dealt to Mahu2021 [9h Qs]
jvanek787: calls 20
Mahu2021: raises 440 to 480 and is all-in
jvanek787: folds 
Uncalled bet (440) returned to Mahu2021
Mahu2021 collected 80 from pot
Mahu2021: doesn't show hand 
*** SUMMARY ***
Total pot 80 | Rake 0 
Seat 1: Mahu2021 (big blind) collected (80)
Seat 3: jvanek787 (button) (small blind) folded before Flop



PokerStars Hand #254684218261: Tournament #3854659604, $0.46+$0.04 USD Hold'em No Limit - Level III (20/40) - 2025/02/03 9:14:45 CET [2025/02/03 3:14:45 ET]
Table '3854659604 1' 3-max Seat #1 is the button
Seat 1: Mahu2021 (520 in chips) 
Seat 3: jvanek787 (980 in chips) 
Mahu2021: posts small blind 20
jvanek787: posts big blind 40
*** HOLE CARDS ***
Dealt to Mahu2021 [2s 9h]
Mahu2021: folds 
Uncalled bet (20) returned to jvanek787
jvanek787 collected 40 from pot
*** SUMMARY ***
Total pot 40 | Rake 0 
Seat 1: Mahu2021 (button) (small blind) folded before Flop
Seat 3: jvanek787 (big blind) collected (40)



PokerStars Hand #254684218567: Tournament #3854659604, $0.46+$0.04 USD Hold'em No Limit - Level III (20/40) - 2025/02/03 9:14:50 CET [2025/02/03 3:14:50 ET]
Table '3854659604 1' 3-max Seat #3 is the button
Seat 1: Mahu2021 (500 in chips) 
Seat 3: jvanek787 (1000 in chips) 
jvanek787: posts small blind 20
Mahu2021: posts big blind 40
*** HOLE CARDS ***
Dealt to Mahu2021 [8s 7s]
jvanek787: calls 20
Mahu2021: checks 
*** FLOP *** [Td 5s 6h]
Mahu2021: checks 
jvanek787: bets 60
Mahu2021: calls 60
*** TURN *** [Td 5s 6h] [7d]
Mahu2021: checks 
jvanek787: bets 80
Mahu2021: calls 80
*** RIVER *** [Td 5s 6h 7d] [Kh]
Mahu2021: checks 
jvanek787: checks 
*** SHOW DOWN ***
Mahu2021: shows [8s 7s] (a pair of Sevens)
jvanek787: mucks hand 
Mahu2021 collected 360 from pot
*** SUMMARY ***
Total pot 360 | Rake 0 
Board [Td 5s 6h 7d Kh]
Seat 1: Mahu2021 (big blind) showed [8s 7s] and won (360) with a pair of Sevens
Seat 3: jvanek787 (button) (small blind) mucked [6c 3h]



PokerStars Hand #254684220140: Tournament #3854659604, $0.46+$0.04 USD Hold'em No Limit - Level III (20/40) - 2025/02/03 9:15:12 CET [2025/02/03 3:15:12 ET]
Table '3854659604 1' 3-max Seat #1 is the button
Seat 1: Mahu2021 (680 in chips) 
Seat 3: jvanek787 (820 in chips) 
Mahu2021: posts small blind 20
jvanek787: posts big blind 40
*** HOLE CARDS ***
Dealt to Mahu2021 [Ac 6d]
Mahu2021: calls 20
jvanek787: checks 
*** FLOP *** [Qh 8s 7s]
jvanek787: checks 
Mahu2021: bets 40
jvanek787: folds 
Uncalled bet (40) returned to Mahu2021
Mahu2021 collected 80 from pot
Mahu2021: doesn't show hand 
*** SUMMARY ***
Total pot 80 | Rake 0 
Board [Qh 8s 7s]
Seat 1: Mahu2021 (button) (small blind) collected (80)
Seat 3: jvanek787 (big blind) folded on the Flop



PokerStars Hand #254684221724: Tournament #3854659604, $0.46+$0.04 USD Hold'em No Limit - Level III (20/40) - 2025/02/03 9:15:33 CET [2025/02/03 3:15:33 ET]
Table '3854659604 1' 3-max Seat #3 is the button
Seat 1: Mahu2021 (720 in chips) 
Seat 3: jvanek787 (780 in chips) 
jvanek787: posts small blind 20
Mahu2021: posts big blind 40
*** HOLE CARDS ***
Dealt to Mahu2021 [3s 5d]
jvanek787: calls 20
Mahu2021: checks 
*** FLOP *** [Jh Td 2d]
Mahu2021: checks 
jvanek787: bets 60
Mahu2021: folds 
Uncalled bet (60) returned to jvanek787
jvanek787 collected 80 from pot
*** SUMMARY ***
Total pot 80 | Rake 0 
Board [Jh Td 2d]
Seat 1: Mahu2021 (big blind) folded on the Flop
Seat 3: jvanek787 (button) (small blind) collected (80)



PokerStars Hand #254684222503: Tournament #3854659604, $0.46+$0.04 USD Hold'em No Limit - Level III (20/40) - 2025/02/03 9:15:44 CET [2025/02/03 3:15:44 ET]
Table '3854659604 1' 3-max Seat #1 is the button
Seat 1: Mahu2021 (680 in chips) 
Seat 3: jvanek787 (820 in chips) 
Mahu2021: posts small blind 20
jvanek787: posts big blind 40
*** HOLE CARDS ***
Dealt to Mahu2021 [8c 2s]
Mahu2021: folds 
Uncalled bet (20) returned to jvanek787
jvanek787 collected 40 from pot
*** SUMMARY ***
Total pot 40 | Rake 0 
Seat 1: Mahu2021 (button) (small blind) folded before Flop
Seat 3: jvanek787 (big blind) collected (40)



PokerStars Hand #254684222801: Tournament #3854659604, $0.46+$0.04 USD Hold'em No Limit - Level III (20/40) - 2025/02/03 9:15:48 CET [2025/02/03 3:15:48 ET]
Table '3854659604 1' 3-max Seat #3 is the button
Seat 1: Mahu2021 (660 in chips) 
Seat 3: jvanek787 (840 in chips) 
jvanek787: posts small blind 20
Mahu2021: posts big blind 40
*** HOLE CARDS ***
Dealt to Mahu2021 [7s 6s]
jvanek787: calls 20
Mahu2021: checks 
*** FLOP *** [8s 9h Kc]
Mahu2021: checks 
jvanek787: bets 60
Mahu2021: calls 60
*** TURN *** [8s 9h Kc] [2c]
Mahu2021: checks 
jvanek787: checks 
*** RIVER *** [8s 9h Kc 2c] [2s]
Mahu2021: checks 
jvanek787: bets 150
Mahu2021: folds 
Uncalled bet (150) returned to jvanek787
jvanek787 collected 200 from pot
*** SUMMARY ***
Total pot 200 | Rake 0 
Board [8s 9h Kc 2c 2s]
Seat 1: Mahu2021 (big blind) folded on the River
Seat 3: jvanek787 (button) (small blind) collected (200)



PokerStars Hand #254684224519: Tournament #3854659604, $0.46+$0.04 USD Hold'em No Limit - Level IV (30/60) - 2025/02/03 9:16:12 CET [2025/02/03 3:16:12 ET]
Table '3854659604 1' 3-max Seat #1 is the button
Seat 1: Mahu2021 (560 in chips) 
Seat 3: jvanek787 (940 in chips) 
Mahu2021: posts small blind 30
jvanek787: posts big blind 60
*** HOLE CARDS ***
Dealt to Mahu2021 [Kd 7s]
Mahu2021: raises 60 to 120
jvanek787: calls 60
*** FLOP *** [Ts 2h Th]
jvanek787: bets 96
Mahu2021: folds 
Uncalled bet (96) returned to jvanek787
jvanek787 collected 240 from pot
*** SUMMARY ***
Total pot 240 | Rake 0 
Board [Ts 2h Th]
Seat 1: Mahu2021 (button) (small blind) folded on the Flop
Seat 3: jvanek787 (big blind) collected (240)



PokerStars Hand #254684225455: Tournament #3854659604, $0.46+$0.04 USD Hold'em No Limit - Level IV (30/60) - 2025/02/03 9:16:25 CET [2025/02/03 3:16:25 ET]
Table '3854659604 1' 3-max Seat #3 is the button
Seat 1: Mahu2021 (440 in chips) 
Seat 3: jvanek787 (1060 in chips) 
jvanek787: posts small blind 30
Mahu2021: posts big blind 60
*** HOLE CARDS ***
Dealt to Mahu2021 [2h 9s]
jvanek787: raises 1000 to 1060 and is all-in
Mahu2021: folds 
Uncalled bet (1000) returned to jvanek787
jvanek787 collected 120 from pot
*** SUMMARY ***
Total pot 120 | Rake 0 
Seat 1: Mahu2021 (big blind) folded before Flop
Seat 3: jvanek787 (button) (small blind) collected (120)



PokerStars Hand #254684226310: Tournament #3854659604, $0.46+$0.04 USD Hold'em No Limit - Level IV (30/60) - 2025/02/03 9:16:36 CET [2025/02/03 3:16:36 ET]
Table '3854659604 1' 3-max Seat #1 is the button
Seat 1: Mahu2021 (380 in chips) 
Seat 3: jvanek787 (1120 in chips) 
Mahu2021: posts small blind 30
jvanek787: posts big blind 60
*** HOLE CARDS ***
Dealt to Mahu2021 [3h Ah]
Mahu2021: raises 60 to 120
jvanek787: calls 60
*** FLOP *** [Kh 5h 2c]
jvanek787: bets 96
Mahu2021: raises 164 to 260 and is all-in
jvanek787: calls 164
*** TURN *** [Kh 5h 2c] [4c]
*** RIVER *** [Kh 5h 2c 4c] [6d]
*** SHOW DOWN ***
jvanek787: shows [6c Ac] (a pair of Sixes)
Mahu2021: shows [3h Ah] (a straight, Deuce to Six)
Mahu2021 collected 760 from pot
*** SUMMARY ***
Total pot 760 | Rake 0 
Board [Kh 5h 2c 4c 6d]
Seat 1: Mahu2021 (button) (small blind) showed [3h Ah] and won (760) with a straight, Deuce to Six
Seat 3: jvanek787 (big blind) showed [6c Ac] and lost with a pair of Sixes



PokerStars Hand #254684229210: Tournament #3854659604, $0.46+$0.04 USD Hold'em No Limit - Level IV (30/60) - 2025/02/03 9:17:16 CET [2025/02/03 3:17:16 ET]
Table '3854659604 1' 3-max Seat #3 is the button
Seat 1: Mahu2021 (760 in chips) 
Seat 3: jvanek787 (740 in chips) 
jvanek787: posts small blind 30
Mahu2021: posts big blind 60
*** HOLE CARDS ***
Dealt to Mahu2021 [3c 6s]
jvanek787: calls 30
Mahu2021: checks 
*** FLOP *** [4c Jc 2c]
Mahu2021: checks 
jvanek787: bets 90
Mahu2021: calls 90
*** TURN *** [4c Jc 2c] [As]
Mahu2021: checks 
jvanek787: checks 
*** RIVER *** [4c Jc 2c As] [2s]
Mahu2021: bets 120
jvanek787: raises 470 to 590 and is all-in
Mahu2021: folds 
Uncalled bet (470) returned to jvanek787
jvanek787 collected 540 from pot
*** SUMMARY ***
Total pot 540 | Rake 0 
Board [4c Jc 2c As 2s]
Seat 1: Mahu2021 (big blind) folded on the River
Seat 3: jvanek787 (button) (small blind) collected (540)



PokerStars Hand #254684230765: Tournament #3854659604, $0.46+$0.04 USD Hold'em No Limit - Level IV (30/60) - 2025/02/03 9:17:38 CET [2025/02/03 3:17:38 ET]
Table '3854659604 1' 3-max Seat #1 is the button
Seat 1: Mahu2021 (490 in chips) 
Seat 3: jvanek787 (1010 in chips) 
Mahu2021: posts small blind 30
jvanek787: posts big blind 60
*** HOLE CARDS ***
Dealt to Mahu2021 [Jc Ac]
Mahu2021: raises 430 to 490 and is all-in
jvanek787: calls 430
*** FLOP *** [2s Qs 8d]
*** TURN *** [2s Qs 8d] [6d]
*** RIVER *** [2s Qs 8d 6d] [3s]
*** SHOW DOWN ***
jvanek787: shows [Th Kc] (high card King)
Mahu2021: shows [Jc Ac] (high card Ace)
Mahu2021 collected 980 from pot
*** SUMMARY ***
Total pot 980 | Rake 0 
Board [2s Qs 8d 6d 3s]
Seat 1: Mahu2021 (button) (small blind) showed [Jc Ac] and won (980) with high card Ace
Seat 3: jvanek787 (big blind) showed [Th Kc] and lost with high card King



PokerStars Hand #254684231992: Tournament #3854659604, $0.46+$0.04 USD Hold'em No Limit - Level IV (30/60) - 2025/02/03 9:17:55 CET [2025/02/03 3:17:55 ET]
Table '3854659604 1' 3-max Seat #3 is the button
Seat 1: Mahu2021 (980 in chips) 
Seat 3: jvanek787 (520 in chips) 
jvanek787: posts small blind 30
Mahu2021: posts big blind 60
*** HOLE CARDS ***
Dealt to Mahu2021 [Qh As]
jvanek787: calls 30
Mahu2021: raises 920 to 980 and is all-in
jvanek787: folds 
Uncalled bet (920) returned to Mahu2021
Mahu2021 collected 120 from pot
Mahu2021: doesn't show hand 
*** SUMMARY ***
Total pot 120 | Rake 0 
Seat 1: Mahu2021 (big blind) collected (120)
Seat 3: jvanek787 (button) (small blind) folded before Flop



PokerStars Hand #254684232852: Tournament #3854659604, $0.46+$0.04 USD Hold'em No Limit - Level V (40/80) - 2025/02/03 9:18:07 CET [2025/02/03 3:18:07 ET]
Table '3854659604 1' 3-max Seat #1 is the button
Seat 1: Mahu2021 (1040 in chips) 
Seat 3: jvanek787 (460 in chips) 
Mahu2021: posts small blind 40
jvanek787: posts big blind 80
*** HOLE CARDS ***
Dealt to Mahu2021 [7d 5d]
Mahu2021: calls 40
jvanek787: checks 
*** FLOP *** [Qc Ah Qd]
jvanek787: checks 
Mahu2021: bets 80
jvanek787: calls 80
*** TURN *** [Qc Ah Qd] [Ks]
jvanek787: checks 
Mahu2021: bets 160
jvanek787: raises 140 to 300 and is all-in
Mahu2021: folds 
Uncalled bet (140) returned to jvanek787
jvanek787 collected 640 from pot
*** SUMMARY ***
Total pot 640 | Rake 0 
Board [Qc Ah Qd Ks]
Seat 1: Mahu2021 (button) (small blind) folded on the Turn
Seat 3: jvanek787 (big blind) collected (640)



PokerStars Hand #254684235413: Tournament #3854659604, $0.46+$0.04 USD Hold'em No Limit - Level V (40/80) - 2025/02/03 9:18:42 CET [2025/02/03 3:18:42 ET]
Table '3854659604 1' 3-max Seat #3 is the button
Seat 1: Mahu2021 (720 in chips) 
Seat 3: jvanek787 (780 in chips) 
jvanek787: posts small blind 40
Mahu2021: posts big blind 80
*** HOLE CARDS ***
Dealt to Mahu2021 [5s Ac]
jvanek787: calls 40
Mahu2021: raises 640 to 720 and is all-in
jvanek787: folds 
Uncalled bet (640) returned to Mahu2021
Mahu2021 collected 160 from pot
Mahu2021: doesn't show hand 
*** SUMMARY ***
Total pot 160 | Rake 0 
Seat 1: Mahu2021 (big blind) collected (160)
Seat 3: jvanek787 (button) (small blind) folded before Flop



PokerStars Hand #254684235977: Tournament #3854659604, $0.46+$0.04 USD Hold'em No Limit - Level V (40/80) - 2025/02/03 9:18:50 CET [2025/02/03 3:18:50 ET]
Table '3854659604 1' 3-max Seat #1 is the button
Seat 1: Mahu2021 (800 in chips) 
Seat 3: jvanek787 (700 in chips) 
Mahu2021: posts small blind 40
jvanek787: posts big blind 80
*** HOLE CARDS ***
Dealt to Mahu2021 [Ad 6s]
Mahu2021: raises 80 to 160
jvanek787: folds 
Uncalled bet (80) returned to Mahu2021
Mahu2021 collected 160 from pot
Mahu2021: doesn't show hand 
*** SUMMARY ***
Total pot 160 | Rake 0 
Seat 1: Mahu2021 (button) (small blind) collected (160)
Seat 3: jvanek787 (big blind) folded before Flop



PokerStars Hand #254684236687: Tournament #3854659604, $0.46+$0.04 USD Hold'em No Limit - Level V (40/80) - 2025/02/03 9:19:00 CET [2025/02/03 3:19:00 ET]
Table '3854659604 1' 3-max Seat #3 is the button
Seat 1: Mahu2021 (880 in chips) 
Seat 3: jvanek787 (620 in chips) 
jvanek787: posts small blind 40
Mahu2021: posts big blind 80
*** HOLE CARDS ***
Dealt to Mahu2021 [6s 2d]
jvanek787: calls 40
Mahu2021: checks 
*** FLOP *** [Jd 7h Kd]
Mahu2021: checks 
jvanek787: bets 120
Mahu2021: folds 
Uncalled bet (120) returned to jvanek787
jvanek787 collected 160 from pot
*** SUMMARY ***
Total pot 160 | Rake 0 
Board [Jd 7h Kd]
Seat 1: Mahu2021 (big blind) folded on the Flop
Seat 3: jvanek787 (button) (small blind) collected (160)



PokerStars Hand #254684237396: Tournament #3854659604, $0.46+$0.04 USD Hold'em No Limit - Level V (40/80) - 2025/02/03 9:19:09 CET [2025/02/03 3:19:09 ET]
Table '3854659604 1' 3-max Seat #1 is the button
Seat 1: Mahu2021 (800 in chips) 
Seat 3: jvanek787 (700 in chips) 
Mahu2021: posts small blind 40
jvanek787: posts big blind 80
*** HOLE CARDS ***
Dealt to Mahu2021 [8c 3c]
Mahu2021: folds 
Uncalled bet (40) returned to jvanek787
jvanek787 collected 80 from pot
*** SUMMARY ***
Total pot 80 | Rake 0 
Seat 1: Mahu2021 (button) (small blind) folded before Flop
Seat 3: jvanek787 (big blind) collected (80)



PokerStars Hand #254684237772: Tournament #3854659604, $0.46+$0.04 USD Hold'em No Limit - Level V (40/80) - 2025/02/03 9:19:14 CET [2025/02/03 3:19:14 ET]
Table '3854659604 1' 3-max Seat #3 is the button
Seat 1: Mahu2021 (760 in chips) 
Seat 3: jvanek787 (740 in chips) 
jvanek787: posts small blind 40
Mahu2021: posts big blind 80
*** HOLE CARDS ***
Dealt to Mahu2021 [Tc Jc]
jvanek787: calls 40
Mahu2021: checks 
*** FLOP *** [Kh Kc Ac]
Mahu2021: checks 
jvanek787: bets 120
Mahu2021: calls 120
*** TURN *** [Kh Kc Ac] [7d]
Mahu2021: checks 
jvanek787: checks 
*** RIVER *** [Kh Kc Ac 7d] [2c]
Mahu2021: bets 560 and is all-in
jvanek787: folds 
Uncalled bet (560) returned to Mahu2021
Mahu2021 collected 400 from pot
Mahu2021: doesn't show hand 
*** SUMMARY ***
Total pot 400 | Rake 0 
Board [Kh Kc Ac 7d 2c]
Seat 1: Mahu2021 (big blind) collected (400)
Seat 3: jvanek787 (button) (small blind) folded on the River



PokerStars Hand #254684238928: Tournament #3854659604, $0.46+$0.04 USD Hold'em No Limit - Level V (40/80) - 2025/02/03 9:19:30 CET [2025/02/03 3:19:30 ET]
Table '3854659604 1' 3-max Seat #1 is the button
Seat 1: Mahu2021 (960 in chips) 
Seat 3: jvanek787 (540 in chips) 
Mahu2021: posts small blind 40
jvanek787: posts big blind 80
*** HOLE CARDS ***
Dealt to Mahu2021 [Kc Ah]
Mahu2021: raises 80 to 160
jvanek787: raises 380 to 540 and is all-in
Mahu2021: calls 380
*** FLOP *** [Qs Jc As]
*** TURN *** [Qs Jc As] [5h]
*** RIVER *** [Qs Jc As 5h] [8h]
*** SHOW DOWN ***
jvanek787: shows [4h 4c] (a pair of Fours)
Mahu2021: shows [Kc Ah] (a pair of Aces)
Mahu2021 collected 1080 from pot
jvanek787 finished the tournament in 2nd place
Mahu2021 wins the tournament - congratulations!
Mahu2021 wins a '$1.50 Power Path Step 2 Ticket' ticket
*** SUMMARY ***
Total pot 1080 | Rake 0 
Board [Qs Jc As 5h 8h]
Seat 1: Mahu2021 (button) (small blind) showed [Kc Ah] and won (1080) with a pair of Aces
Seat 3: jvanek787 (big blind) showed [4h 4c] and lost with a pair of Fours



