PokerStars Hand #252314150230: Tournament #3797301280, $1.84+$0.16 USD Hold'em No Limit - Level I (10/20) - 2024/09/06 12:26:25 CET [2024/09/06 6:26:25 ET]
Table '3797301280 1' 3-max Seat #1 is the button
Seat 1: Card Scare (500 in chips) 
Seat 2: Mahu2021 (500 in chips) 
Seat 3: playermane7312 (500 in chips) 
Mahu2021: posts small blind 10
playermane7312: posts big blind 20
*** HOLE CARDS ***
Dealt to Mahu2021 [6c 8s]
Card Scare: folds 
Mahu2021: folds 
Uncalled bet (10) returned to playermane7312
playermane7312 collected 20 from pot
playermane7312: doesn't show hand 
*** SUMMARY ***
Total pot 20 | Rake 0 
Seat 1: Card Scare (button) folded before Flop (didn't bet)
Seat 2: Mahu2021 (small blind) folded before Flop
Seat 3: playermane7312 (big blind) collected (20)



PokerStars Hand #252314150783: Tournament #3797301280, $1.84+$0.16 USD Hold'em No Limit - Level I (10/20) - 2024/09/06 12:26:30 CET [2024/09/06 6:26:30 ET]
Table '3797301280 1' 3-max Seat #2 is the button
Seat 1: Card Scare (500 in chips) 
Seat 2: Mahu2021 (490 in chips) 
Seat 3: playermane7312 (510 in chips) 
playermane7312: posts small blind 10
Card Scare: posts big blind 20
*** HOLE CARDS ***
Dealt to Mahu2021 [Th 6d]
Mahu2021: folds 
playermane7312: raises 20 to 40
Card Scare: folds 
Uncalled bet (20) returned to playermane7312
playermane7312 collected 40 from pot
playermane7312: doesn't show hand 
*** SUMMARY ***
Total pot 40 | Rake 0 
Seat 1: Card Scare (big blind) folded before Flop
Seat 2: Mahu2021 (button) folded before Flop (didn't bet)
Seat 3: playermane7312 (small blind) collected (40)



PokerStars Hand #252314152646: Tournament #3797301280, $1.84+$0.16 USD Hold'em No Limit - Level I (10/20) - 2024/09/06 12:26:45 CET [2024/09/06 6:26:45 ET]
Table '3797301280 1' 3-max Seat #3 is the button
Seat 1: Card Scare (480 in chips) 
Seat 2: Mahu2021 (490 in chips) 
Seat 3: playermane7312 (530 in chips) 
Card Scare: posts small blind 10
Mahu2021: posts big blind 20
*** HOLE CARDS ***
Dealt to Mahu2021 [7c Th]
playermane7312: raises 20 to 40
Card Scare: folds 
Mahu2021: folds 
Uncalled bet (20) returned to playermane7312
playermane7312 collected 50 from pot
playermane7312: doesn't show hand 
*** SUMMARY ***
Total pot 50 | Rake 0 
Seat 1: Card Scare (small blind) folded before Flop
Seat 2: Mahu2021 (big blind) folded before Flop
Seat 3: playermane7312 (button) collected (50)



PokerStars Hand #252314153992: Tournament #3797301280, $1.84+$0.16 USD Hold'em No Limit - Level I (10/20) - 2024/09/06 12:26:57 CET [2024/09/06 6:26:57 ET]
Table '3797301280 1' 3-max Seat #1 is the button
Seat 1: Card Scare (470 in chips) 
Seat 2: Mahu2021 (470 in chips) 
Seat 3: playermane7312 (560 in chips) 
Mahu2021: posts small blind 10
playermane7312: posts big blind 20
*** HOLE CARDS ***
Dealt to Mahu2021 [5c Td]
Card Scare: raises 40 to 60
Mahu2021: folds 
playermane7312: folds 
Uncalled bet (40) returned to Card Scare
Card Scare collected 50 from pot
*** SUMMARY ***
Total pot 50 | Rake 0 
Seat 1: Card Scare (button) collected (50)
Seat 2: Mahu2021 (small blind) folded before Flop
Seat 3: playermane7312 (big blind) folded before Flop



PokerStars Hand #252314155118: Tournament #3797301280, $1.84+$0.16 USD Hold'em No Limit - Level I (10/20) - 2024/09/06 12:27:06 CET [2024/09/06 6:27:06 ET]
Table '3797301280 1' 3-max Seat #2 is the button
Seat 1: Card Scare (500 in chips) 
Seat 2: Mahu2021 (460 in chips) 
Seat 3: playermane7312 (540 in chips) 
playermane7312: posts small blind 10
Card Scare: posts big blind 20
*** HOLE CARDS ***
Dealt to Mahu2021 [Js 2h]
Mahu2021: folds 
playermane7312: folds 
Uncalled bet (10) returned to Card Scare
Card Scare collected 20 from pot
*** SUMMARY ***
Total pot 20 | Rake 0 
Seat 1: Card Scare (big blind) collected (20)
Seat 2: Mahu2021 (button) folded before Flop (didn't bet)
Seat 3: playermane7312 (small blind) folded before Flop



PokerStars Hand #252314156044: Tournament #3797301280, $1.84+$0.16 USD Hold'em No Limit - Level I (10/20) - 2024/09/06 12:27:14 CET [2024/09/06 6:27:14 ET]
Table '3797301280 1' 3-max Seat #3 is the button
Seat 1: Card Scare (510 in chips) 
Seat 2: Mahu2021 (460 in chips) 
Seat 3: playermane7312 (530 in chips) 
Card Scare: posts small blind 10
Mahu2021: posts big blind 20
*** HOLE CARDS ***
Dealt to Mahu2021 [8d Td]
playermane7312: folds 
Card Scare: calls 10
Mahu2021: checks 
*** FLOP *** [Js 7s 7c]
Card Scare: checks 
Mahu2021: checks 
*** TURN *** [Js 7s 7c] [2h]
Card Scare: checks 
Mahu2021: checks 
*** RIVER *** [Js 7s 7c 2h] [4c]
Card Scare: checks 
Mahu2021: checks 
*** SHOW DOWN ***
Card Scare: shows [5c Kd] (a pair of Sevens)
Mahu2021: mucks hand 
Card Scare collected 40 from pot
*** SUMMARY ***
Total pot 40 | Rake 0 
Board [Js 7s 7c 2h 4c]
Seat 1: Card Scare (small blind) showed [5c Kd] and won (40) with a pair of Sevens
Seat 2: Mahu2021 (big blind) mucked [8d Td]
Seat 3: playermane7312 (button) folded before Flop (didn't bet)



PokerStars Hand #252314158577: Tournament #3797301280, $1.84+$0.16 USD Hold'em No Limit - Level I (10/20) - 2024/09/06 12:27:34 CET [2024/09/06 6:27:34 ET]
Table '3797301280 1' 3-max Seat #1 is the button
Seat 1: Card Scare (530 in chips) 
Seat 2: Mahu2021 (440 in chips) 
Seat 3: playermane7312 (530 in chips) 
Mahu2021: posts small blind 10
playermane7312: posts big blind 20
*** HOLE CARDS ***
Dealt to Mahu2021 [8c 6d]
Card Scare: raises 40 to 60
Mahu2021: folds 
playermane7312: folds 
Uncalled bet (40) returned to Card Scare
Card Scare collected 50 from pot
*** SUMMARY ***
Total pot 50 | Rake 0 
Seat 1: Card Scare (button) collected (50)
Seat 2: Mahu2021 (small blind) folded before Flop
Seat 3: playermane7312 (big blind) folded before Flop



PokerStars Hand #252314159933: Tournament #3797301280, $1.84+$0.16 USD Hold'em No Limit - Level I (10/20) - 2024/09/06 12:27:46 CET [2024/09/06 6:27:46 ET]
Table '3797301280 1' 3-max Seat #2 is the button
Seat 1: Card Scare (560 in chips) 
Seat 2: Mahu2021 (430 in chips) 
Seat 3: playermane7312 (510 in chips) 
playermane7312: posts small blind 10
Card Scare: posts big blind 20
*** HOLE CARDS ***
Dealt to Mahu2021 [3d 3h]
Mahu2021: raises 40 to 60
playermane7312: folds 
Card Scare: folds 
Uncalled bet (40) returned to Mahu2021
Mahu2021 collected 50 from pot
Mahu2021: doesn't show hand 
*** SUMMARY ***
Total pot 50 | Rake 0 
Seat 1: Card Scare (big blind) folded before Flop
Seat 2: Mahu2021 (button) collected (50)
Seat 3: playermane7312 (small blind) folded before Flop



PokerStars Hand #252314161396: Tournament #3797301280, $1.84+$0.16 USD Hold'em No Limit - Level I (10/20) - 2024/09/06 12:27:58 CET [2024/09/06 6:27:58 ET]
Table '3797301280 1' 3-max Seat #3 is the button
Seat 1: Card Scare (540 in chips) 
Seat 2: Mahu2021 (460 in chips) 
Seat 3: playermane7312 (500 in chips) 
Card Scare: posts small blind 10
Mahu2021: posts big blind 20
*** HOLE CARDS ***
Dealt to Mahu2021 [6d 7h]
playermane7312: raises 20 to 40
Card Scare: folds 
Mahu2021: calls 20
*** FLOP *** [Qh 2h 8h]
Mahu2021: checks 
playermane7312: checks 
*** TURN *** [Qh 2h 8h] [Jh]
Mahu2021: bets 40
playermane7312: folds 
Uncalled bet (40) returned to Mahu2021
Mahu2021 collected 90 from pot
Mahu2021: doesn't show hand 
*** SUMMARY ***
Total pot 90 | Rake 0 
Board [Qh 2h 8h Jh]
Seat 1: Card Scare (small blind) folded before Flop
Seat 2: Mahu2021 (big blind) collected (90)
Seat 3: playermane7312 (button) folded on the Turn



PokerStars Hand #252314165785: Tournament #3797301280, $1.84+$0.16 USD Hold'em No Limit - Level I (10/20) - 2024/09/06 12:28:34 CET [2024/09/06 6:28:34 ET]
Table '3797301280 1' 3-max Seat #1 is the button
Seat 1: Card Scare (530 in chips) 
Seat 2: Mahu2021 (510 in chips) 
Seat 3: playermane7312 (460 in chips) 
Mahu2021: posts small blind 10
playermane7312: posts big blind 20
*** HOLE CARDS ***
Dealt to Mahu2021 [Jc 5h]
Card Scare: raises 40 to 60
Mahu2021: folds 
playermane7312: folds 
Uncalled bet (40) returned to Card Scare
Card Scare collected 50 from pot
*** SUMMARY ***
Total pot 50 | Rake 0 
Seat 1: Card Scare (button) collected (50)
Seat 2: Mahu2021 (small blind) folded before Flop
Seat 3: playermane7312 (big blind) folded before Flop



PokerStars Hand #252314166996: Tournament #3797301280, $1.84+$0.16 USD Hold'em No Limit - Level I (10/20) - 2024/09/06 12:28:43 CET [2024/09/06 6:28:43 ET]
Table '3797301280 1' 3-max Seat #2 is the button
Seat 1: Card Scare (560 in chips) 
Seat 2: Mahu2021 (500 in chips) 
Seat 3: playermane7312 (440 in chips) 
playermane7312: posts small blind 10
Card Scare: posts big blind 20
*** HOLE CARDS ***
Dealt to Mahu2021 [9d Kc]
Mahu2021: raises 20 to 40
playermane7312: calls 30
Card Scare: raises 520 to 560 and is all-in
Mahu2021: folds 
playermane7312: folds 
Uncalled bet (520) returned to Card Scare
Card Scare collected 120 from pot
*** SUMMARY ***
Total pot 120 | Rake 0 
Seat 1: Card Scare (big blind) collected (120)
Seat 2: Mahu2021 (button) folded before Flop
Seat 3: playermane7312 (small blind) folded before Flop



PokerStars Hand #252314168964: Tournament #3797301280, $1.84+$0.16 USD Hold'em No Limit - Level I (10/20) - 2024/09/06 12:29:00 CET [2024/09/06 6:29:00 ET]
Table '3797301280 1' 3-max Seat #3 is the button
Seat 1: Card Scare (640 in chips) 
Seat 2: Mahu2021 (460 in chips) 
Seat 3: playermane7312 (400 in chips) 
Card Scare: posts small blind 10
Mahu2021: posts big blind 20
*** HOLE CARDS ***
Dealt to Mahu2021 [5s Ks]
playermane7312: raises 40 to 60
Card Scare: folds 
Mahu2021: calls 40
*** FLOP *** [5c Jh 7s]
Mahu2021: checks 
playermane7312: checks 
*** TURN *** [5c Jh 7s] [Th]
Mahu2021: bets 40
playermane7312: calls 40
*** RIVER *** [5c Jh 7s Th] [Kc]
Mahu2021: bets 80
playermane7312: calls 80
*** SHOW DOWN ***
Mahu2021: shows [5s Ks] (two pair, Kings and Fives)
playermane7312: mucks hand 
Mahu2021 collected 370 from pot
*** SUMMARY ***
Total pot 370 | Rake 0 
Board [5c Jh 7s Th Kc]
Seat 1: Card Scare (small blind) folded before Flop
Seat 2: Mahu2021 (big blind) showed [5s Ks] and won (370) with two pair, Kings and Fives
Seat 3: playermane7312 (button) mucked [Tc Ah]



PokerStars Hand #252314175280: Tournament #3797301280, $1.84+$0.16 USD Hold'em No Limit - Level II (15/30) - 2024/09/06 12:29:51 CET [2024/09/06 6:29:51 ET]
Table '3797301280 1' 3-max Seat #1 is the button
Seat 1: Card Scare (630 in chips) 
Seat 2: Mahu2021 (650 in chips) 
Seat 3: playermane7312 (220 in chips) 
Mahu2021: posts small blind 15
playermane7312: posts big blind 30
*** HOLE CARDS ***
Dealt to Mahu2021 [Tc Ad]
Card Scare: folds 
Mahu2021: raises 60 to 90
playermane7312: folds 
Uncalled bet (60) returned to Mahu2021
Mahu2021 collected 60 from pot
Mahu2021: doesn't show hand 
*** SUMMARY ***
Total pot 60 | Rake 0 
Seat 1: Card Scare (button) folded before Flop (didn't bet)
Seat 2: Mahu2021 (small blind) collected (60)
Seat 3: playermane7312 (big blind) folded before Flop



PokerStars Hand #252314176993: Tournament #3797301280, $1.84+$0.16 USD Hold'em No Limit - Level II (15/30) - 2024/09/06 12:30:05 CET [2024/09/06 6:30:05 ET]
Table '3797301280 1' 3-max Seat #2 is the button
Seat 1: Card Scare (630 in chips) 
Seat 2: Mahu2021 (680 in chips) 
Seat 3: playermane7312 (190 in chips) 
playermane7312: posts small blind 15
Card Scare: posts big blind 30
*** HOLE CARDS ***
Dealt to Mahu2021 [9h 5h]
Mahu2021: folds 
playermane7312: raises 160 to 190 and is all-in
Card Scare: calls 160
*** FLOP *** [7h 7d 3d]
*** TURN *** [7h 7d 3d] [8c]
*** RIVER *** [7h 7d 3d 8c] [4c]
*** SHOW DOWN ***
playermane7312: shows [Qc Qs] (two pair, Queens and Sevens)
Card Scare: shows [6c As] (a pair of Sevens)
playermane7312 collected 380 from pot
*** SUMMARY ***
Total pot 380 | Rake 0 
Board [7h 7d 3d 8c 4c]
Seat 1: Card Scare (big blind) showed [6c As] and lost with a pair of Sevens
Seat 2: Mahu2021 (button) folded before Flop (didn't bet)
Seat 3: playermane7312 (small blind) showed [Qc Qs] and won (380) with two pair, Queens and Sevens



PokerStars Hand #252314179323: Tournament #3797301280, $1.84+$0.16 USD Hold'em No Limit - Level II (15/30) - 2024/09/06 12:30:24 CET [2024/09/06 6:30:24 ET]
Table '3797301280 1' 3-max Seat #3 is the button
Seat 1: Card Scare (440 in chips) 
Seat 2: Mahu2021 (680 in chips) 
Seat 3: playermane7312 (380 in chips) 
Card Scare: posts small blind 15
Mahu2021: posts big blind 30
*** HOLE CARDS ***
Dealt to Mahu2021 [6c Qc]
playermane7312: folds 
Card Scare: folds 
Uncalled bet (15) returned to Mahu2021
Mahu2021 collected 30 from pot
Mahu2021: doesn't show hand 
*** SUMMARY ***
Total pot 30 | Rake 0 
Seat 1: Card Scare (small blind) folded before Flop
Seat 2: Mahu2021 (big blind) collected (30)
Seat 3: playermane7312 (button) folded before Flop (didn't bet)



PokerStars Hand #252314180085: Tournament #3797301280, $1.84+$0.16 USD Hold'em No Limit - Level II (15/30) - 2024/09/06 12:30:30 CET [2024/09/06 6:30:30 ET]
Table '3797301280 1' 3-max Seat #1 is the button
Seat 1: Card Scare (425 in chips) 
Seat 2: Mahu2021 (695 in chips) 
Seat 3: playermane7312 (380 in chips) 
Mahu2021: posts small blind 15
playermane7312: posts big blind 30
*** HOLE CARDS ***
Dealt to Mahu2021 [Kh 8s]
Card Scare: folds 
Mahu2021: raises 30 to 60
playermane7312: raises 320 to 380 and is all-in
Mahu2021: folds 
Uncalled bet (320) returned to playermane7312
playermane7312 collected 120 from pot
playermane7312: doesn't show hand 
*** SUMMARY ***
Total pot 120 | Rake 0 
Seat 1: Card Scare (button) folded before Flop (didn't bet)
Seat 2: Mahu2021 (small blind) folded before Flop
Seat 3: playermane7312 (big blind) collected (120)



PokerStars Hand #252314181779: Tournament #3797301280, $1.84+$0.16 USD Hold'em No Limit - Level II (15/30) - 2024/09/06 12:30:44 CET [2024/09/06 6:30:44 ET]
Table '3797301280 1' 3-max Seat #2 is the button
Seat 1: Card Scare (425 in chips) 
Seat 2: Mahu2021 (635 in chips) 
Seat 3: playermane7312 (440 in chips) 
playermane7312: posts small blind 15
Card Scare: posts big blind 30
*** HOLE CARDS ***
Dealt to Mahu2021 [Qh Kd]
Mahu2021: raises 30 to 60
playermane7312: folds 
Card Scare: folds 
Uncalled bet (30) returned to Mahu2021
Mahu2021 collected 75 from pot
Mahu2021: doesn't show hand 
*** SUMMARY ***
Total pot 75 | Rake 0 
Seat 1: Card Scare (big blind) folded before Flop
Seat 2: Mahu2021 (button) collected (75)
Seat 3: playermane7312 (small blind) folded before Flop



PokerStars Hand #252314183304: Tournament #3797301280, $1.84+$0.16 USD Hold'em No Limit - Level II (15/30) - 2024/09/06 12:30:57 CET [2024/09/06 6:30:57 ET]
Table '3797301280 1' 3-max Seat #3 is the button
Seat 1: Card Scare (395 in chips) 
Seat 2: Mahu2021 (680 in chips) 
Seat 3: playermane7312 (425 in chips) 
Card Scare: posts small blind 15
Mahu2021: posts big blind 30
*** HOLE CARDS ***
Dealt to Mahu2021 [Qd 4h]
playermane7312: folds 
Card Scare: raises 365 to 395 and is all-in
Mahu2021: folds 
Uncalled bet (365) returned to Card Scare
Card Scare collected 60 from pot
*** SUMMARY ***
Total pot 60 | Rake 0 
Seat 1: Card Scare (small blind) collected (60)
Seat 2: Mahu2021 (big blind) folded before Flop
Seat 3: playermane7312 (button) folded before Flop (didn't bet)



PokerStars Hand #252314185057: Tournament #3797301280, $1.84+$0.16 USD Hold'em No Limit - Level II (15/30) - 2024/09/06 12:31:11 CET [2024/09/06 6:31:11 ET]
Table '3797301280 1' 3-max Seat #1 is the button
Seat 1: Card Scare (425 in chips) 
Seat 2: Mahu2021 (650 in chips) 
Seat 3: playermane7312 (425 in chips) 
Mahu2021: posts small blind 15
playermane7312: posts big blind 30
*** HOLE CARDS ***
Dealt to Mahu2021 [6h Jh]
Card Scare: raises 60 to 90
Mahu2021: folds 
playermane7312: raises 335 to 425 and is all-in
Card Scare: folds 
Uncalled bet (335) returned to playermane7312
playermane7312 collected 195 from pot
playermane7312: doesn't show hand 
*** SUMMARY ***
Total pot 195 | Rake 0 
Seat 1: Card Scare (button) folded before Flop
Seat 2: Mahu2021 (small blind) folded before Flop
Seat 3: playermane7312 (big blind) collected (195)



PokerStars Hand #252314186798: Tournament #3797301280, $1.84+$0.16 USD Hold'em No Limit - Level II (15/30) - 2024/09/06 12:31:25 CET [2024/09/06 6:31:25 ET]
Table '3797301280 1' 3-max Seat #2 is the button
Seat 1: Card Scare (335 in chips) 
Seat 2: Mahu2021 (635 in chips) 
Seat 3: playermane7312 (530 in chips) 
playermane7312: posts small blind 15
Card Scare: posts big blind 30
*** HOLE CARDS ***
Dealt to Mahu2021 [6d 9s]
Mahu2021: folds 
playermane7312: folds 
Uncalled bet (15) returned to Card Scare
Card Scare collected 30 from pot
*** SUMMARY ***
Total pot 30 | Rake 0 
Seat 1: Card Scare (big blind) collected (30)
Seat 2: Mahu2021 (button) folded before Flop (didn't bet)
Seat 3: playermane7312 (small blind) folded before Flop



PokerStars Hand #252314187587: Tournament #3797301280, $1.84+$0.16 USD Hold'em No Limit - Level II (15/30) - 2024/09/06 12:31:32 CET [2024/09/06 6:31:32 ET]
Table '3797301280 1' 3-max Seat #3 is the button
Seat 1: Card Scare (350 in chips) 
Seat 2: Mahu2021 (635 in chips) 
Seat 3: playermane7312 (515 in chips) 
Card Scare: posts small blind 15
Mahu2021: posts big blind 30
*** HOLE CARDS ***
Dealt to Mahu2021 [Ac 9d]
playermane7312: folds 
Card Scare: calls 15
Mahu2021: raises 605 to 635 and is all-in
Card Scare: folds 
Uncalled bet (605) returned to Mahu2021
Mahu2021 collected 60 from pot
Mahu2021: doesn't show hand 
*** SUMMARY ***
Total pot 60 | Rake 0 
Seat 1: Card Scare (small blind) folded before Flop
Seat 2: Mahu2021 (big blind) collected (60)
Seat 3: playermane7312 (button) folded before Flop (didn't bet)



PokerStars Hand #252314189154: Tournament #3797301280, $1.84+$0.16 USD Hold'em No Limit - Level II (15/30) - 2024/09/06 12:31:44 CET [2024/09/06 6:31:44 ET]
Table '3797301280 1' 3-max Seat #1 is the button
Seat 1: Card Scare (320 in chips) 
Seat 2: Mahu2021 (665 in chips) 
Seat 3: playermane7312 (515 in chips) 
Mahu2021: posts small blind 15
playermane7312: posts big blind 30
*** HOLE CARDS ***
Dealt to Mahu2021 [7d 5s]
Card Scare: raises 60 to 90
Mahu2021: folds 
playermane7312: calls 60
*** FLOP *** [5d 2c Qh]
playermane7312: checks 
Card Scare: checks 
*** TURN *** [5d 2c Qh] [8d]
playermane7312: checks 
Card Scare: bets 90
playermane7312: calls 90
*** RIVER *** [5d 2c Qh 8d] [6h]
playermane7312: checks 
Card Scare: bets 140 and is all-in
playermane7312: calls 140
*** SHOW DOWN ***
Card Scare: shows [9h Qc] (a pair of Queens)
playermane7312: shows [8c 7h] (a pair of Eights)
Card Scare collected 655 from pot
*** SUMMARY ***
Total pot 655 | Rake 0 
Board [5d 2c Qh 8d 6h]
Seat 1: Card Scare (button) showed [9h Qc] and won (655) with a pair of Queens
Seat 2: Mahu2021 (small blind) folded before Flop
Seat 3: playermane7312 (big blind) showed [8c 7h] and lost with a pair of Eights



PokerStars Hand #252314195558: Tournament #3797301280, $1.84+$0.16 USD Hold'em No Limit - Level III (20/40) - 2024/09/06 12:32:36 CET [2024/09/06 6:32:36 ET]
Table '3797301280 1' 3-max Seat #2 is the button
Seat 1: Card Scare (655 in chips) 
Seat 2: Mahu2021 (650 in chips) 
Seat 3: playermane7312 (195 in chips) 
playermane7312: posts small blind 20
Card Scare: posts big blind 40
*** HOLE CARDS ***
Dealt to Mahu2021 [6d 8s]
Mahu2021: folds 
playermane7312: raises 155 to 195 and is all-in
Card Scare: calls 155
*** FLOP *** [7d Js Tc]
*** TURN *** [7d Js Tc] [Ad]
*** RIVER *** [7d Js Tc Ad] [2c]
*** SHOW DOWN ***
playermane7312: shows [Jd Th] (two pair, Jacks and Tens)
Card Scare: shows [5d Kc] (high card Ace)
playermane7312 collected 390 from pot
*** SUMMARY ***
Total pot 390 | Rake 0 
Board [7d Js Tc Ad 2c]
Seat 1: Card Scare (big blind) showed [5d Kc] and lost with high card Ace
Seat 2: Mahu2021 (button) folded before Flop (didn't bet)
Seat 3: playermane7312 (small blind) showed [Jd Th] and won (390) with two pair, Jacks and Tens



PokerStars Hand #252314197763: Tournament #3797301280, $1.84+$0.16 USD Hold'em No Limit - Level III (20/40) - 2024/09/06 12:32:54 CET [2024/09/06 6:32:54 ET]
Table '3797301280 1' 3-max Seat #3 is the button
Seat 1: Card Scare (460 in chips) 
Seat 2: Mahu2021 (650 in chips) 
Seat 3: playermane7312 (390 in chips) 
Card Scare: posts small blind 20
Mahu2021: posts big blind 40
*** HOLE CARDS ***
Dealt to Mahu2021 [6d 5s]
playermane7312: folds 
Card Scare: folds 
Uncalled bet (20) returned to Mahu2021
Mahu2021 collected 40 from pot
Mahu2021: doesn't show hand 
*** SUMMARY ***
Total pot 40 | Rake 0 
Seat 1: Card Scare (small blind) folded before Flop
Seat 2: Mahu2021 (big blind) collected (40)
Seat 3: playermane7312 (button) folded before Flop (didn't bet)



PokerStars Hand #252314198872: Tournament #3797301280, $1.84+$0.16 USD Hold'em No Limit - Level III (20/40) - 2024/09/06 12:33:03 CET [2024/09/06 6:33:03 ET]
Table '3797301280 1' 3-max Seat #1 is the button
Seat 1: Card Scare (440 in chips) 
Seat 2: Mahu2021 (670 in chips) 
Seat 3: playermane7312 (390 in chips) 
Mahu2021: posts small blind 20
playermane7312: posts big blind 40
*** HOLE CARDS ***
Dealt to Mahu2021 [Ks 9c]
Card Scare: raises 80 to 120
Mahu2021: calls 100
playermane7312: folds 
*** FLOP *** [3h 5h 4s]
Mahu2021: checks 
Card Scare: checks 
*** TURN *** [3h 5h 4s] [Jh]
Mahu2021: checks 
Card Scare: bets 120
Mahu2021: calls 120
*** RIVER *** [3h 5h 4s Jh] [Kc]
Mahu2021: bets 200
Card Scare: folds 
Uncalled bet (200) returned to Mahu2021
Mahu2021 collected 520 from pot
Mahu2021: doesn't show hand 
*** SUMMARY ***
Total pot 520 | Rake 0 
Board [3h 5h 4s Jh Kc]
Seat 1: Card Scare (button) folded on the River
Seat 2: Mahu2021 (small blind) collected (520)
Seat 3: playermane7312 (big blind) folded before Flop



PokerStars Hand #252314201560: Tournament #3797301280, $1.84+$0.16 USD Hold'em No Limit - Level III (20/40) - 2024/09/06 12:33:24 CET [2024/09/06 6:33:24 ET]
Table '3797301280 1' 3-max Seat #2 is the button
Seat 1: Card Scare (200 in chips) 
Seat 2: Mahu2021 (950 in chips) 
Seat 3: playermane7312 (350 in chips) 
playermane7312: posts small blind 20
Card Scare: posts big blind 40
*** HOLE CARDS ***
Dealt to Mahu2021 [2h 5s]
Mahu2021: folds 
playermane7312: raises 310 to 350 and is all-in
Card Scare: folds 
Uncalled bet (310) returned to playermane7312
playermane7312 collected 80 from pot
playermane7312: doesn't show hand 
*** SUMMARY ***
Total pot 80 | Rake 0 
Seat 1: Card Scare (big blind) folded before Flop
Seat 2: Mahu2021 (button) folded before Flop (didn't bet)
Seat 3: playermane7312 (small blind) collected (80)



PokerStars Hand #252314203658: Tournament #3797301280, $1.84+$0.16 USD Hold'em No Limit - Level III (20/40) - 2024/09/06 12:33:40 CET [2024/09/06 6:33:40 ET]
Table '3797301280 1' 3-max Seat #3 is the button
Seat 1: Card Scare (160 in chips) 
Seat 2: Mahu2021 (950 in chips) 
Seat 3: playermane7312 (390 in chips) 
Card Scare: posts small blind 20
Mahu2021: posts big blind 40
*** HOLE CARDS ***
Dealt to Mahu2021 [7s 7d]
playermane7312: folds 
Card Scare: folds 
Uncalled bet (20) returned to Mahu2021
Mahu2021 collected 40 from pot
Mahu2021: doesn't show hand 
*** SUMMARY ***
Total pot 40 | Rake 0 
Seat 1: Card Scare (small blind) folded before Flop
Seat 2: Mahu2021 (big blind) collected (40)
Seat 3: playermane7312 (button) folded before Flop (didn't bet)



PokerStars Hand #252314205748: Tournament #3797301280, $1.84+$0.16 USD Hold'em No Limit - Level III (20/40) - 2024/09/06 12:33:57 CET [2024/09/06 6:33:57 ET]
Table '3797301280 1' 3-max Seat #1 is the button
Seat 1: Card Scare (140 in chips) 
Seat 2: Mahu2021 (970 in chips) 
Seat 3: playermane7312 (390 in chips) 
Mahu2021: posts small blind 20
playermane7312: posts big blind 40
*** HOLE CARDS ***
Dealt to Mahu2021 [Jc Jd]
Card Scare: raises 40 to 80
Mahu2021: raises 890 to 970 and is all-in
playermane7312: folds 
Card Scare: calls 60 and is all-in
Uncalled bet (830) returned to Mahu2021
*** FLOP *** [Td 3s 7d]
*** TURN *** [Td 3s 7d] [2h]
*** RIVER *** [Td 3s 7d 2h] [2s]
*** SHOW DOWN ***
Mahu2021: shows [Jc Jd] (two pair, Jacks and Deuces)
Card Scare: shows [8c Ah] (a pair of Deuces)
Mahu2021 collected 320 from pot
Card Scare finished the tournament in 3rd place
*** SUMMARY ***
Total pot 320 | Rake 0 
Board [Td 3s 7d 2h 2s]
Seat 1: Card Scare (button) showed [8c Ah] and lost with a pair of Deuces
Seat 2: Mahu2021 (small blind) showed [Jc Jd] and won (320) with two pair, Jacks and Deuces
Seat 3: playermane7312 (big blind) folded before Flop



PokerStars Hand #252314208174: Tournament #3797301280, $1.84+$0.16 USD Hold'em No Limit - Level III (20/40) - 2024/09/06 12:34:16 CET [2024/09/06 6:34:16 ET]
Table '3797301280 1' 3-max Seat #3 is the button
Seat 2: Mahu2021 (1150 in chips) 
Seat 3: playermane7312 (350 in chips) 
playermane7312: posts small blind 20
Mahu2021: posts big blind 40
*** HOLE CARDS ***
Dealt to Mahu2021 [Kh Ac]
playermane7312: folds 
Uncalled bet (20) returned to Mahu2021
Mahu2021 collected 40 from pot
Mahu2021: doesn't show hand 
*** SUMMARY ***
Total pot 40 | Rake 0 
Seat 2: Mahu2021 (big blind) collected (40)
Seat 3: playermane7312 (button) (small blind) folded before Flop



PokerStars Hand #252314208972: Tournament #3797301280, $1.84+$0.16 USD Hold'em No Limit - Level III (20/40) - 2024/09/06 12:34:22 CET [2024/09/06 6:34:22 ET]
Table '3797301280 1' 3-max Seat #2 is the button
Seat 2: Mahu2021 (1170 in chips) 
Seat 3: playermane7312 (330 in chips) 
Mahu2021: posts small blind 20
playermane7312: posts big blind 40
*** HOLE CARDS ***
Dealt to Mahu2021 [9s Jc]
Mahu2021: raises 80 to 120
playermane7312: raises 210 to 330 and is all-in
Mahu2021: calls 210
*** FLOP *** [2s 3h 5s]
*** TURN *** [2s 3h 5s] [7c]
*** RIVER *** [2s 3h 5s 7c] [Kc]
*** SHOW DOWN ***
playermane7312: shows [Jh Tc] (high card King)
Mahu2021: shows [9s Jc] (high card King - lower kicker)
playermane7312 collected 660 from pot
*** SUMMARY ***
Total pot 660 | Rake 0 
Board [2s 3h 5s 7c Kc]
Seat 2: Mahu2021 (button) (small blind) showed [9s Jc] and lost with high card King
Seat 3: playermane7312 (big blind) showed [Jh Tc] and won (660) with high card King



PokerStars Hand #252314211608: Tournament #3797301280, $1.84+$0.16 USD Hold'em No Limit - Level III (20/40) - 2024/09/06 12:34:43 CET [2024/09/06 6:34:43 ET]
Table '3797301280 1' 3-max Seat #3 is the button
Seat 2: Mahu2021 (840 in chips) 
Seat 3: playermane7312 (660 in chips) 
playermane7312: posts small blind 20
Mahu2021: posts big blind 40
*** HOLE CARDS ***
Dealt to Mahu2021 [5s 3c]
playermane7312: folds 
Uncalled bet (20) returned to Mahu2021
Mahu2021 collected 40 from pot
Mahu2021: doesn't show hand 
*** SUMMARY ***
Total pot 40 | Rake 0 
Seat 2: Mahu2021 (big blind) collected (40)
Seat 3: playermane7312 (button) (small blind) folded before Flop



PokerStars Hand #252314212096: Tournament #3797301280, $1.84+$0.16 USD Hold'em No Limit - Level III (20/40) - 2024/09/06 12:34:47 CET [2024/09/06 6:34:47 ET]
Table '3797301280 1' 3-max Seat #2 is the button
Seat 2: Mahu2021 (860 in chips) 
Seat 3: playermane7312 (640 in chips) 
Mahu2021: posts small blind 20
playermane7312: posts big blind 40
*** HOLE CARDS ***
Dealt to Mahu2021 [6d 2d]
Mahu2021: folds 
Uncalled bet (20) returned to playermane7312
playermane7312 collected 40 from pot
playermane7312: doesn't show hand 
*** SUMMARY ***
Total pot 40 | Rake 0 
Seat 2: Mahu2021 (button) (small blind) folded before Flop
Seat 3: playermane7312 (big blind) collected (40)



PokerStars Hand #252314212677: Tournament #3797301280, $1.84+$0.16 USD Hold'em No Limit - Level III (20/40) - 2024/09/06 12:34:51 CET [2024/09/06 6:34:51 ET]
Table '3797301280 1' 3-max Seat #3 is the button
Seat 2: Mahu2021 (840 in chips) 
Seat 3: playermane7312 (660 in chips) 
playermane7312: posts small blind 20
Mahu2021: posts big blind 40
*** HOLE CARDS ***
Dealt to Mahu2021 [8d 3s]
playermane7312: folds 
Uncalled bet (20) returned to Mahu2021
Mahu2021 collected 40 from pot
Mahu2021: doesn't show hand 
*** SUMMARY ***
Total pot 40 | Rake 0 
Seat 2: Mahu2021 (big blind) collected (40)
Seat 3: playermane7312 (button) (small blind) folded before Flop



PokerStars Hand #252314213777: Tournament #3797301280, $1.84+$0.16 USD Hold'em No Limit - Level III (20/40) - 2024/09/06 12:35:00 CET [2024/09/06 6:35:00 ET]
Table '3797301280 1' 3-max Seat #2 is the button
Seat 2: Mahu2021 (860 in chips) 
Seat 3: playermane7312 (640 in chips) 
Mahu2021: posts small blind 20
playermane7312: posts big blind 40
*** HOLE CARDS ***
Dealt to Mahu2021 [Jc Js]
Mahu2021: raises 80 to 120
playermane7312: raises 520 to 640 and is all-in
Mahu2021: calls 520
*** FLOP *** [Kh 4d Td]
*** TURN *** [Kh 4d Td] [6s]
*** RIVER *** [Kh 4d Td 6s] [7h]
*** SHOW DOWN ***
playermane7312: shows [Qh Qc] (a pair of Queens)
Mahu2021: shows [Jc Js] (a pair of Jacks)
playermane7312 collected 1280 from pot
*** SUMMARY ***
Total pot 1280 | Rake 0 
Board [Kh 4d Td 6s 7h]
Seat 2: Mahu2021 (button) (small blind) showed [Jc Js] and lost with a pair of Jacks
Seat 3: playermane7312 (big blind) showed [Qh Qc] and won (1280) with a pair of Queens



PokerStars Hand #252314215767: Tournament #3797301280, $1.84+$0.16 USD Hold'em No Limit - Level III (20/40) - 2024/09/06 12:35:16 CET [2024/09/06 6:35:16 ET]
Table '3797301280 1' 3-max Seat #3 is the button
Seat 2: Mahu2021 (220 in chips) 
Seat 3: playermane7312 (1280 in chips) 
playermane7312: posts small blind 20
Mahu2021: posts big blind 40
*** HOLE CARDS ***
Dealt to Mahu2021 [8c 3d]
playermane7312: raises 1240 to 1280 and is all-in
Mahu2021: folds 
Uncalled bet (1240) returned to playermane7312
playermane7312 collected 80 from pot
playermane7312: doesn't show hand 
*** SUMMARY ***
Total pot 80 | Rake 0 
Seat 2: Mahu2021 (big blind) folded before Flop
Seat 3: playermane7312 (button) (small blind) collected (80)



PokerStars Hand #252314216509: Tournament #3797301280, $1.84+$0.16 USD Hold'em No Limit - Level III (20/40) - 2024/09/06 12:35:22 CET [2024/09/06 6:35:22 ET]
Table '3797301280 1' 3-max Seat #2 is the button
Seat 2: Mahu2021 (180 in chips) 
Seat 3: playermane7312 (1320 in chips) 
Mahu2021: posts small blind 20
playermane7312: posts big blind 40
*** HOLE CARDS ***
Dealt to Mahu2021 [8d 9c]
Mahu2021: calls 20
playermane7312: raises 1280 to 1320 and is all-in
Mahu2021: folds 
Uncalled bet (1280) returned to playermane7312
playermane7312 collected 80 from pot
playermane7312: doesn't show hand 
*** SUMMARY ***
Total pot 80 | Rake 0 
Seat 2: Mahu2021 (button) (small blind) folded before Flop
Seat 3: playermane7312 (big blind) collected (80)



PokerStars Hand #252314218131: Tournament #3797301280, $1.84+$0.16 USD Hold'em No Limit - Level IV (30/60) - 2024/09/06 12:35:35 CET [2024/09/06 6:35:35 ET]
Table '3797301280 1' 3-max Seat #3 is the button
Seat 2: Mahu2021 (140 in chips) 
Seat 3: playermane7312 (1360 in chips) 
playermane7312: posts small blind 30
Mahu2021: posts big blind 60
*** HOLE CARDS ***
Dealt to Mahu2021 [As Ac]
playermane7312: folds 
Uncalled bet (30) returned to Mahu2021
Mahu2021 collected 60 from pot
Mahu2021: doesn't show hand 
*** SUMMARY ***
Total pot 60 | Rake 0 
Seat 2: Mahu2021 (big blind) collected (60)
Seat 3: playermane7312 (button) (small blind) folded before Flop



PokerStars Hand #252314219089: Tournament #3797301280, $1.84+$0.16 USD Hold'em No Limit - Level IV (30/60) - 2024/09/06 12:35:42 CET [2024/09/06 6:35:42 ET]
Table '3797301280 1' 3-max Seat #2 is the button
Seat 2: Mahu2021 (170 in chips) 
Seat 3: playermane7312 (1330 in chips) 
Mahu2021: posts small blind 30
playermane7312: posts big blind 60
*** HOLE CARDS ***
Dealt to Mahu2021 [2c Ac]
Mahu2021: raises 110 to 170 and is all-in
playermane7312: calls 110
*** FLOP *** [Qc 9d 7s]
*** TURN *** [Qc 9d 7s] [3h]
*** RIVER *** [Qc 9d 7s 3h] [Th]
*** SHOW DOWN ***
playermane7312: shows [As 7h] (a pair of Sevens)
Mahu2021: shows [2c Ac] (high card Ace)
playermane7312 collected 340 from pot
Mahu2021 finished the tournament in 2nd place
playermane7312 wins the tournament and receives $6.00 - congratulations!
*** SUMMARY ***
Total pot 340 | Rake 0 
Board [Qc 9d 7s 3h Th]
Seat 2: Mahu2021 (button) (small blind) showed [2c Ac] and lost with high card Ace
Seat 3: playermane7312 (big blind) showed [As 7h] and won (340) with a pair of Sevens



