PokerStars Hand #250508546084: Tournament #3754658056, $1.84+$0.16 USD Hold'em No Limit - Level I (10/20) - 2024/05/15 10:59:22 CET [2024/05/15 4:59:22 ET]
Table '3754658056 1' 3-max Seat #1 is the button
Seat 1: Flopsy234 (500 in chips) 
Seat 2: Tyche87 (500 in chips) 
Seat 3: Mahu2021 (500 in chips) 
Tyche87: posts small blind 10
Mahu2021: posts big blind 20
*** HOLE CARDS ***
Dealt to Mahu2021 [Td Ts]
Flopsy234: folds 
Tyche87: raises 30 to 50
Mahu2021: raises 450 to 500 and is all-in
Tyche87: calls 450 and is all-in
*** FLOP *** [3d Jd 7s]
*** TURN *** [3d Jd 7s] [5s]
*** RIVER *** [3d Jd 7s 5s] [Jc]
*** SHOW DOWN ***
Tyche87: shows [2h 2c] (two pair, Jacks and Deuces)
Mahu2021: shows [Td Ts] (two pair, Jacks and Tens)
Mahu2021 collected 1000 from pot
Tyche87 finished the tournament in 3rd place
*** SUMMARY ***
Total pot 1000 | Rake 0 
Board [3d Jd 7s 5s Jc]
Seat 1: Flopsy234 (button) folded before Flop (didn't bet)
Seat 2: Tyche87 (small blind) showed [2h 2c] and lost with two pair, Jacks and Deuces
Seat 3: Mahu2021 (big blind) showed [Td Ts] and won (1000) with two pair, Jacks and Tens



PokerStars Hand #250508548283: Tournament #3754658056, $1.84+$0.16 USD Hold'em No Limit - Level I (10/20) - 2024/05/15 10:59:45 CET [2024/05/15 4:59:45 ET]
Table '3754658056 1' 3-max Seat #3 is the button
Seat 1: Flopsy234 (500 in chips) 
Seat 3: Mahu2021 (1000 in chips) 
Mahu2021: posts small blind 10
Flopsy234: posts big blind 20
*** HOLE CARDS ***
Dealt to Mahu2021 [Kd Qc]
Mahu2021: raises 20 to 40
Flopsy234: folds 
Uncalled bet (20) returned to Mahu2021
Mahu2021 collected 40 from pot
Mahu2021: doesn't show hand 
*** SUMMARY ***
Total pot 40 | Rake 0 
Seat 1: Flopsy234 (big blind) folded before Flop
Seat 3: Mahu2021 (button) (small blind) collected (40)



PokerStars Hand #250508549482: Tournament #3754658056, $1.84+$0.16 USD Hold'em No Limit - Level I (10/20) - 2024/05/15 10:59:58 CET [2024/05/15 4:59:58 ET]
Table '3754658056 1' 3-max Seat #1 is the button
Seat 1: Flopsy234 (480 in chips) 
Seat 3: Mahu2021 (1020 in chips) 
Flopsy234: posts small blind 10
Mahu2021: posts big blind 20
*** HOLE CARDS ***
Dealt to Mahu2021 [Qd 3c]
Flopsy234: raises 20 to 40
Mahu2021: calls 20
*** FLOP *** [Ah 7d Tc]
Mahu2021: checks 
Flopsy234: bets 40
Mahu2021: folds 
Uncalled bet (40) returned to Flopsy234
Flopsy234 collected 80 from pot
Flopsy234: doesn't show hand 
*** SUMMARY ***
Total pot 80 | Rake 0 
Board [Ah 7d Tc]
Seat 1: Flopsy234 (button) (small blind) collected (80)
Seat 3: Mahu2021 (big blind) folded on the Flop



PokerStars Hand #250508552244: Tournament #3754658056, $1.84+$0.16 USD Hold'em No Limit - Level I (10/20) - 2024/05/15 11:00:27 CET [2024/05/15 5:00:27 ET]
Table '3754658056 1' 3-max Seat #3 is the button
Seat 1: Flopsy234 (520 in chips) 
Seat 3: Mahu2021 (980 in chips) 
Mahu2021: posts small blind 10
Flopsy234: posts big blind 20
*** HOLE CARDS ***
Dealt to Mahu2021 [Ac 7c]
Mahu2021: raises 20 to 40
Flopsy234: calls 20
*** FLOP *** [9d 9s 3c]
Flopsy234: checks 
Mahu2021: checks 
*** TURN *** [9d 9s 3c] [Ad]
Flopsy234: checks 
Mahu2021: bets 80
Flopsy234: folds 
Uncalled bet (80) returned to Mahu2021
Mahu2021 collected 80 from pot
Mahu2021: doesn't show hand 
*** SUMMARY ***
Total pot 80 | Rake 0 
Board [9d 9s 3c Ad]
Seat 1: Flopsy234 (big blind) folded on the Turn
Seat 3: Mahu2021 (button) (small blind) collected (80)



PokerStars Hand #250508557967: Tournament #3754658056, $1.84+$0.16 USD Hold'em No Limit - Level I (10/20) - 2024/05/15 11:01:21 CET [2024/05/15 5:01:21 ET]
Table '3754658056 1' 3-max Seat #1 is the button
Seat 1: Flopsy234 (480 in chips) 
Seat 3: Mahu2021 (1020 in chips) 
Flopsy234: posts small blind 10
Mahu2021: posts big blind 20
*** HOLE CARDS ***
Dealt to Mahu2021 [3h 5d]
Flopsy234: raises 20 to 40
Mahu2021: folds 
Uncalled bet (20) returned to Flopsy234
Flopsy234 collected 40 from pot
Flopsy234: doesn't show hand 
*** SUMMARY ***
Total pot 40 | Rake 0 
Seat 1: Flopsy234 (button) (small blind) collected (40)
Seat 3: Mahu2021 (big blind) folded before Flop



PokerStars Hand #250508559128: Tournament #3754658056, $1.84+$0.16 USD Hold'em No Limit - Level I (10/20) - 2024/05/15 11:01:32 CET [2024/05/15 5:01:32 ET]
Table '3754658056 1' 3-max Seat #3 is the button
Seat 1: Flopsy234 (500 in chips) 
Seat 3: Mahu2021 (1000 in chips) 
Mahu2021: posts small blind 10
Flopsy234: posts big blind 20
*** HOLE CARDS ***
Dealt to Mahu2021 [Ad 2c]
Mahu2021: calls 10
Flopsy234: checks 
*** FLOP *** [Th 4c Kd]
Flopsy234: checks 
Mahu2021: checks 
*** TURN *** [Th 4c Kd] [Td]
Flopsy234: bets 20
Mahu2021: calls 20
*** RIVER *** [Th 4c Kd Td] [9s]
Flopsy234: checks 
Mahu2021: bets 80
Flopsy234: calls 80
*** SHOW DOWN ***
Mahu2021: shows [Ad 2c] (a pair of Tens)
Flopsy234: shows [9d 6d] (two pair, Tens and Nines)
Flopsy234 collected 240 from pot
*** SUMMARY ***
Total pot 240 | Rake 0 
Board [Th 4c Kd Td 9s]
Seat 1: Flopsy234 (big blind) showed [9d 6d] and won (240) with two pair, Tens and Nines
Seat 3: Mahu2021 (button) (small blind) showed [Ad 2c] and lost with a pair of Tens



PokerStars Hand #250508565760: Tournament #3754658056, $1.84+$0.16 USD Hold'em No Limit - Level II (15/30) - 2024/05/15 11:02:32 CET [2024/05/15 5:02:32 ET]
Table '3754658056 1' 3-max Seat #1 is the button
Seat 1: Flopsy234 (620 in chips) 
Seat 3: Mahu2021 (880 in chips) 
Flopsy234: posts small blind 15
Mahu2021: posts big blind 30
*** HOLE CARDS ***
Dealt to Mahu2021 [5d 6h]
Flopsy234: folds 
Uncalled bet (15) returned to Mahu2021
Mahu2021 collected 30 from pot
Mahu2021: doesn't show hand 
*** SUMMARY ***
Total pot 30 | Rake 0 
Seat 1: Flopsy234 (button) (small blind) folded before Flop
Seat 3: Mahu2021 (big blind) collected (30)



PokerStars Hand #250508567197: Tournament #3754658056, $1.84+$0.16 USD Hold'em No Limit - Level II (15/30) - 2024/05/15 11:02:45 CET [2024/05/15 5:02:45 ET]
Table '3754658056 1' 3-max Seat #3 is the button
Seat 1: Flopsy234 (605 in chips) 
Seat 3: Mahu2021 (895 in chips) 
Mahu2021: posts small blind 15
Flopsy234: posts big blind 30
*** HOLE CARDS ***
Dealt to Mahu2021 [Td 6d]
Mahu2021: raises 30 to 60
Flopsy234: folds 
Uncalled bet (30) returned to Mahu2021
Mahu2021 collected 60 from pot
Mahu2021: doesn't show hand 
*** SUMMARY ***
Total pot 60 | Rake 0 
Seat 1: Flopsy234 (big blind) folded before Flop
Seat 3: Mahu2021 (button) (small blind) collected (60)



PokerStars Hand #250508567977: Tournament #3754658056, $1.84+$0.16 USD Hold'em No Limit - Level II (15/30) - 2024/05/15 11:02:53 CET [2024/05/15 5:02:53 ET]
Table '3754658056 1' 3-max Seat #1 is the button
Seat 1: Flopsy234 (575 in chips) 
Seat 3: Mahu2021 (925 in chips) 
Flopsy234: posts small blind 15
Mahu2021: posts big blind 30
*** HOLE CARDS ***
Dealt to Mahu2021 [6d 9d]
Flopsy234: folds 
Uncalled bet (15) returned to Mahu2021
Mahu2021 collected 30 from pot
Mahu2021: doesn't show hand 
*** SUMMARY ***
Total pot 30 | Rake 0 
Seat 1: Flopsy234 (button) (small blind) folded before Flop
Seat 3: Mahu2021 (big blind) collected (30)



PokerStars Hand #250508569098: Tournament #3754658056, $1.84+$0.16 USD Hold'em No Limit - Level II (15/30) - 2024/05/15 11:03:03 CET [2024/05/15 5:03:03 ET]
Table '3754658056 1' 3-max Seat #3 is the button
Seat 1: Flopsy234 (560 in chips) 
Seat 3: Mahu2021 (940 in chips) 
Mahu2021: posts small blind 15
Flopsy234: posts big blind 30
*** HOLE CARDS ***
Dealt to Mahu2021 [Ts Js]
Mahu2021: raises 30 to 60
Flopsy234: calls 30
*** FLOP *** [3c 3h 8s]
Flopsy234: checks 
Mahu2021: checks 
*** TURN *** [3c 3h 8s] [Ks]
Flopsy234: bets 60
Mahu2021: calls 60
*** RIVER *** [3c 3h 8s Ks] [Th]
Flopsy234: bets 90
Mahu2021: calls 90
*** SHOW DOWN ***
Flopsy234: shows [Kd 7c] (two pair, Kings and Threes)
Mahu2021: mucks hand 
Flopsy234 collected 420 from pot
*** SUMMARY ***
Total pot 420 | Rake 0 
Board [3c 3h 8s Ks Th]
Seat 1: Flopsy234 (big blind) showed [Kd 7c] and won (420) with two pair, Kings and Threes
Seat 3: Mahu2021 (button) (small blind) mucked [Ts Js]



PokerStars Hand #250508572289: Tournament #3754658056, $1.84+$0.16 USD Hold'em No Limit - Level II (15/30) - 2024/05/15 11:03:32 CET [2024/05/15 5:03:32 ET]
Table '3754658056 1' 3-max Seat #1 is the button
Seat 1: Flopsy234 (770 in chips) 
Seat 3: Mahu2021 (730 in chips) 
Flopsy234: posts small blind 15
Mahu2021: posts big blind 30
*** HOLE CARDS ***
Dealt to Mahu2021 [6d 5d]
Flopsy234: raises 30 to 60
Mahu2021: calls 30
*** FLOP *** [2s 2h Qs]
Mahu2021: checks 
Flopsy234: bets 60
Mahu2021: folds 
Uncalled bet (60) returned to Flopsy234
Flopsy234 collected 120 from pot
Flopsy234: doesn't show hand 
*** SUMMARY ***
Total pot 120 | Rake 0 
Board [2s 2h Qs]
Seat 1: Flopsy234 (button) (small blind) collected (120)
Seat 3: Mahu2021 (big blind) folded on the Flop



PokerStars Hand #250508574033: Tournament #3754658056, $1.84+$0.16 USD Hold'em No Limit - Level II (15/30) - 2024/05/15 11:03:48 CET [2024/05/15 5:03:48 ET]
Table '3754658056 1' 3-max Seat #3 is the button
Seat 1: Flopsy234 (830 in chips) 
Seat 3: Mahu2021 (670 in chips) 
Mahu2021: posts small blind 15
Flopsy234: posts big blind 30
*** HOLE CARDS ***
Dealt to Mahu2021 [Qc 9h]
Mahu2021: raises 30 to 60
Flopsy234: calls 30
*** FLOP *** [7d Ah 5c]
Flopsy234: checks 
Mahu2021: bets 60
Flopsy234: folds 
Uncalled bet (60) returned to Mahu2021
Mahu2021 collected 120 from pot
Mahu2021: doesn't show hand 
*** SUMMARY ***
Total pot 120 | Rake 0 
Board [7d Ah 5c]
Seat 1: Flopsy234 (big blind) folded on the Flop
Seat 3: Mahu2021 (button) (small blind) collected (120)



PokerStars Hand #250508577279: Tournament #3754658056, $1.84+$0.16 USD Hold'em No Limit - Level II (15/30) - 2024/05/15 11:04:17 CET [2024/05/15 5:04:17 ET]
Table '3754658056 1' 3-max Seat #1 is the button
Seat 1: Flopsy234 (770 in chips) 
Seat 3: Mahu2021 (730 in chips) 
Flopsy234: posts small blind 15
Mahu2021: posts big blind 30
*** HOLE CARDS ***
Dealt to Mahu2021 [Qd 6h]
Flopsy234: raises 30 to 60
Mahu2021: calls 30
*** FLOP *** [6d Ac 3d]
Mahu2021: checks 
Flopsy234: bets 60
Mahu2021: calls 60
*** TURN *** [6d Ac 3d] [7c]
Mahu2021: checks 
Flopsy234: bets 120
Mahu2021: folds 
Uncalled bet (120) returned to Flopsy234
Flopsy234 collected 240 from pot
Flopsy234: doesn't show hand 
*** SUMMARY ***
Total pot 240 | Rake 0 
Board [6d Ac 3d 7c]
Seat 1: Flopsy234 (button) (small blind) collected (240)
Seat 3: Mahu2021 (big blind) folded on the Turn



PokerStars Hand #250508580532: Tournament #3754658056, $1.84+$0.16 USD Hold'em No Limit - Level II (15/30) - 2024/05/15 11:04:47 CET [2024/05/15 5:04:47 ET]
Table '3754658056 1' 3-max Seat #3 is the button
Seat 1: Flopsy234 (890 in chips) 
Seat 3: Mahu2021 (610 in chips) 
Mahu2021: posts small blind 15
Flopsy234: posts big blind 30
*** HOLE CARDS ***
Dealt to Mahu2021 [3h Ac]
Mahu2021: raises 30 to 60
Flopsy234: calls 30
*** FLOP *** [8d Th 9s]
Flopsy234: bets 30
Mahu2021: folds 
Uncalled bet (30) returned to Flopsy234
Flopsy234 collected 120 from pot
Flopsy234: doesn't show hand 
*** SUMMARY ***
Total pot 120 | Rake 0 
Board [8d Th 9s]
Seat 1: Flopsy234 (big blind) collected (120)
Seat 3: Mahu2021 (button) (small blind) folded on the Flop



PokerStars Hand #250508583275: Tournament #3754658056, $1.84+$0.16 USD Hold'em No Limit - Level II (15/30) - 2024/05/15 11:05:12 CET [2024/05/15 5:05:12 ET]
Table '3754658056 1' 3-max Seat #1 is the button
Seat 1: Flopsy234 (950 in chips) 
Seat 3: Mahu2021 (550 in chips) 
Flopsy234: posts small blind 15
Mahu2021: posts big blind 30
*** HOLE CARDS ***
Dealt to Mahu2021 [Qh 2c]
Flopsy234: raises 60 to 90
Mahu2021: folds 
Uncalled bet (60) returned to Flopsy234
Flopsy234 collected 60 from pot
Flopsy234: doesn't show hand 
*** SUMMARY ***
Total pot 60 | Rake 0 
Seat 1: Flopsy234 (button) (small blind) collected (60)
Seat 3: Mahu2021 (big blind) folded before Flop



PokerStars Hand #250508584397: Tournament #3754658056, $1.84+$0.16 USD Hold'em No Limit - Level II (15/30) - 2024/05/15 11:05:22 CET [2024/05/15 5:05:22 ET]
Table '3754658056 1' 3-max Seat #3 is the button
Seat 1: Flopsy234 (980 in chips) 
Seat 3: Mahu2021 (520 in chips) 
Mahu2021: posts small blind 15
Flopsy234: posts big blind 30
*** HOLE CARDS ***
Dealt to Mahu2021 [7d Kh]
Mahu2021: raises 30 to 60
Flopsy234: calls 30
*** FLOP *** [2d 6d 6c]
Flopsy234: checks 
Mahu2021: checks 
*** TURN *** [2d 6d 6c] [2h]
Flopsy234: bets 60
Mahu2021: folds 
Uncalled bet (60) returned to Flopsy234
Flopsy234 collected 120 from pot
Flopsy234: doesn't show hand 
*** SUMMARY ***
Total pot 120 | Rake 0 
Board [2d 6d 6c 2h]
Seat 1: Flopsy234 (big blind) collected (120)
Seat 3: Mahu2021 (button) (small blind) folded on the Turn



PokerStars Hand #250508587387: Tournament #3754658056, $1.84+$0.16 USD Hold'em No Limit - Level III (20/40) - 2024/05/15 11:05:48 CET [2024/05/15 5:05:48 ET]
Table '3754658056 1' 3-max Seat #1 is the button
Seat 1: Flopsy234 (1040 in chips) 
Seat 3: Mahu2021 (460 in chips) 
Flopsy234: posts small blind 20
Mahu2021: posts big blind 40
*** HOLE CARDS ***
Dealt to Mahu2021 [3d 8c]
Flopsy234: raises 40 to 80
Mahu2021: folds 
Uncalled bet (40) returned to Flopsy234
Flopsy234 collected 80 from pot
Flopsy234: doesn't show hand 
*** SUMMARY ***
Total pot 80 | Rake 0 
Seat 1: Flopsy234 (button) (small blind) collected (80)
Seat 3: Mahu2021 (big blind) folded before Flop



PokerStars Hand #250508588296: Tournament #3754658056, $1.84+$0.16 USD Hold'em No Limit - Level III (20/40) - 2024/05/15 11:05:56 CET [2024/05/15 5:05:56 ET]
Table '3754658056 1' 3-max Seat #3 is the button
Seat 1: Flopsy234 (1080 in chips) 
Seat 3: Mahu2021 (420 in chips) 
Mahu2021: posts small blind 20
Flopsy234: posts big blind 40
*** HOLE CARDS ***
Dealt to Mahu2021 [Jd As]
Mahu2021: raises 40 to 80
Flopsy234: folds 
Uncalled bet (40) returned to Mahu2021
Mahu2021 collected 80 from pot
Mahu2021: doesn't show hand 
*** SUMMARY ***
Total pot 80 | Rake 0 
Seat 1: Flopsy234 (big blind) folded before Flop
Seat 3: Mahu2021 (button) (small blind) collected (80)



PokerStars Hand #250508590308: Tournament #3754658056, $1.84+$0.16 USD Hold'em No Limit - Level III (20/40) - 2024/05/15 11:06:14 CET [2024/05/15 5:06:14 ET]
Table '3754658056 1' 3-max Seat #1 is the button
Seat 1: Flopsy234 (1040 in chips) 
Seat 3: Mahu2021 (460 in chips) 
Flopsy234: posts small blind 20
Mahu2021: posts big blind 40
*** HOLE CARDS ***
Dealt to Mahu2021 [3h 5d]
Flopsy234: raises 40 to 80
Mahu2021: raises 40 to 120
Flopsy234: calls 40
*** FLOP *** [Ks Qc Ac]
Mahu2021: bets 340 and is all-in
Flopsy234: calls 340
*** TURN *** [Ks Qc Ac] [Qd]
*** RIVER *** [Ks Qc Ac Qd] [6c]
*** SHOW DOWN ***
Mahu2021: shows [3h 5d] (a pair of Queens)
Flopsy234: shows [Ah 6h] (two pair, Aces and Queens)
Flopsy234 collected 920 from pot
Mahu2021 finished the tournament in 2nd place
Flopsy234 wins the tournament and receives $8.00 - congratulations!
*** SUMMARY ***
Total pot 920 | Rake 0 
Board [Ks Qc Ac Qd 6c]
Seat 1: Flopsy234 (button) (small blind) showed [Ah 6h] and won (920) with two pair, Aces and Queens
Seat 3: Mahu2021 (big blind) showed [3h 5d] and lost with a pair of Queens



