PokerStars Hand #243134746871: Tournament #3578501639, $0.92+$0.08 USD Hold'em No Limit - Level I (10/20) - 2023/04/16 21:39:54 CET [2023/04/16 15:39:54 ET]
Table '3578501639 1' 3-max Seat #1 is the button
Seat 1: LenaEszter (500 in chips) 
Seat 2: Mahu2021 (500 in chips) 
Seat 3: Dali1806 (500 in chips) 
Mahu2021: posts small blind 10
Dali1806: posts big blind 20
*** HOLE CARDS ***
Dealt to Mahu2021 [Td 8c]
LenaEszter: calls 20
Mahu2021: folds 
Dali1806: raises 40 to 60
LenaEszter: folds 
Uncalled bet (40) returned to Dali1806
Dali1806 collected 50 from pot
*** SUMMARY ***
Total pot 50 | Rake 0 
Seat 1: LenaEszter (button) folded before Flop
Seat 2: Mahu2021 (small blind) folded before Flop
Seat 3: Dali1806 (big blind) collected (50)



PokerStars Hand #243134751841: Tournament #3578501639, $0.92+$0.08 USD Hold'em No Limit - Level I (10/20) - 2023/04/16 21:40:02 CET [2023/04/16 15:40:02 ET]
Table '3578501639 1' 3-max Seat #2 is the button
Seat 1: LenaEszter (480 in chips) 
Seat 2: Mahu2021 (490 in chips) 
Seat 3: Dali1806 (530 in chips) 
Dali1806: posts small blind 10
LenaEszter: posts big blind 20
*** HOLE CARDS ***
Dealt to Mahu2021 [5c 4d]
Mahu2021: folds 
Dali1806: folds 
Uncalled bet (10) returned to LenaEszter
LenaEszter collected 20 from pot
LenaEszter: doesn't show hand 
*** SUMMARY ***
Total pot 20 | Rake 0 
Seat 1: LenaEszter (big blind) collected (20)
Seat 2: Mahu2021 (button) folded before Flop (didn't bet)
Seat 3: Dali1806 (small blind) folded before Flop



PokerStars Hand #243134754602: Tournament #3578501639, $0.92+$0.08 USD Hold'em No Limit - Level I (10/20) - 2023/04/16 21:40:08 CET [2023/04/16 15:40:08 ET]
Table '3578501639 1' 3-max Seat #3 is the button
Seat 1: LenaEszter (490 in chips) 
Seat 2: Mahu2021 (490 in chips) 
Seat 3: Dali1806 (520 in chips) 
LenaEszter: posts small blind 10
Mahu2021: posts big blind 20
*** HOLE CARDS ***
Dealt to Mahu2021 [Qh Qc]
Dali1806: raises 20 to 40
LenaEszter: calls 30
Mahu2021: raises 450 to 490 and is all-in
Dali1806: folds 
LenaEszter: calls 450 and is all-in
*** FLOP *** [Qs Kd Jd]
*** TURN *** [Qs Kd Jd] [Ac]
*** RIVER *** [Qs Kd Jd Ac] [2c]
*** SHOW DOWN ***
LenaEszter: shows [8s 9s] (high card Ace)
Mahu2021: shows [Qh Qc] (three of a kind, Queens)
Mahu2021 collected 1020 from pot
LenaEszter finished the tournament in 3rd place
*** SUMMARY ***
Total pot 1020 | Rake 0 
Board [Qs Kd Jd Ac 2c]
Seat 1: LenaEszter (small blind) showed [8s 9s] and lost with high card Ace
Seat 2: Mahu2021 (big blind) showed [Qh Qc] and won (1020) with three of a kind, Queens
Seat 3: Dali1806 (button) folded before Flop



PokerStars Hand #243134767287: Tournament #3578501639, $0.92+$0.08 USD Hold'em No Limit - Level I (10/20) - 2023/04/16 21:40:32 CET [2023/04/16 15:40:32 ET]
Table '3578501639 1' 3-max Seat #2 is the button
Seat 2: Mahu2021 (1020 in chips) 
Seat 3: Dali1806 (480 in chips) 
Mahu2021: posts small blind 10
Dali1806: posts big blind 20
*** HOLE CARDS ***
Dealt to Mahu2021 [2s Tc]
Mahu2021: calls 10
Dali1806: checks 
*** FLOP *** [Th 9s Qh]
Dali1806: checks 
Mahu2021: bets 20
Dali1806: folds 
Uncalled bet (20) returned to Mahu2021
Mahu2021 collected 40 from pot
Mahu2021: doesn't show hand 
*** SUMMARY ***
Total pot 40 | Rake 0 
Board [Th 9s Qh]
Seat 2: Mahu2021 (button) (small blind) collected (40)
Seat 3: Dali1806 (big blind) folded on the Flop



PokerStars Hand #243134773195: Tournament #3578501639, $0.92+$0.08 USD Hold'em No Limit - Level I (10/20) - 2023/04/16 21:40:43 CET [2023/04/16 15:40:43 ET]
Table '3578501639 1' 3-max Seat #3 is the button
Seat 2: Mahu2021 (1040 in chips) 
Seat 3: Dali1806 (460 in chips) 
Dali1806: posts small blind 10
Mahu2021: posts big blind 20
*** HOLE CARDS ***
Dealt to Mahu2021 [Ac Th]
Dali1806: folds 
Uncalled bet (10) returned to Mahu2021
Mahu2021 collected 20 from pot
Mahu2021: doesn't show hand 
*** SUMMARY ***
Total pot 20 | Rake 0 
Seat 2: Mahu2021 (big blind) collected (20)
Seat 3: Dali1806 (button) (small blind) folded before Flop



PokerStars Hand #243134775449: Tournament #3578501639, $0.92+$0.08 USD Hold'em No Limit - Level I (10/20) - 2023/04/16 21:40:47 CET [2023/04/16 15:40:47 ET]
Table '3578501639 1' 3-max Seat #2 is the button
Seat 2: Mahu2021 (1050 in chips) 
Seat 3: Dali1806 (450 in chips) 
Mahu2021: posts small blind 10
Dali1806: posts big blind 20
*** HOLE CARDS ***
Dealt to Mahu2021 [Th Qh]
Mahu2021: raises 20 to 40
Dali1806: calls 20
*** FLOP *** [Ac 4h 9s]
Dali1806: checks 
Mahu2021: bets 40
Dali1806: folds 
Uncalled bet (40) returned to Mahu2021
Mahu2021 collected 80 from pot
Mahu2021: doesn't show hand 
*** SUMMARY ***
Total pot 80 | Rake 0 
Board [Ac 4h 9s]
Seat 2: Mahu2021 (button) (small blind) collected (80)
Seat 3: Dali1806 (big blind) folded on the Flop



PokerStars Hand #243134781523: Tournament #3578501639, $0.92+$0.08 USD Hold'em No Limit - Level I (10/20) - 2023/04/16 21:40:59 CET [2023/04/16 15:40:59 ET]
Table '3578501639 1' 3-max Seat #3 is the button
Seat 2: Mahu2021 (1090 in chips) 
Seat 3: Dali1806 (410 in chips) 
Dali1806: posts small blind 10
Mahu2021: posts big blind 20
*** HOLE CARDS ***
Dealt to Mahu2021 [2d 6h]
Dali1806: folds 
Uncalled bet (10) returned to Mahu2021
Mahu2021 collected 20 from pot
Mahu2021: doesn't show hand 
*** SUMMARY ***
Total pot 20 | Rake 0 
Seat 2: Mahu2021 (big blind) collected (20)
Seat 3: Dali1806 (button) (small blind) folded before Flop



PokerStars Hand #243134783731: Tournament #3578501639, $0.92+$0.08 USD Hold'em No Limit - Level I (10/20) - 2023/04/16 21:41:03 CET [2023/04/16 15:41:03 ET]
Table '3578501639 1' 3-max Seat #2 is the button
Seat 2: Mahu2021 (1100 in chips) 
Seat 3: Dali1806 (400 in chips) 
Mahu2021: posts small blind 10
Dali1806: posts big blind 20
*** HOLE CARDS ***
Dealt to Mahu2021 [4s 2h]
Mahu2021: calls 10
Dali1806: raises 40 to 60
Mahu2021: folds 
Uncalled bet (40) returned to Dali1806
Dali1806 collected 40 from pot
*** SUMMARY ***
Total pot 40 | Rake 0 
Seat 2: Mahu2021 (button) (small blind) folded before Flop
Seat 3: Dali1806 (big blind) collected (40)



PokerStars Hand #243134787827: Tournament #3578501639, $0.92+$0.08 USD Hold'em No Limit - Level I (10/20) - 2023/04/16 21:41:10 CET [2023/04/16 15:41:10 ET]
Table '3578501639 1' 3-max Seat #3 is the button
Seat 2: Mahu2021 (1080 in chips) 
Seat 3: Dali1806 (420 in chips) 
Dali1806: posts small blind 10
Mahu2021: posts big blind 20
*** HOLE CARDS ***
Dealt to Mahu2021 [7s Js]
Dali1806: raises 40 to 60
Mahu2021: calls 40
*** FLOP *** [Kh 4s 8d]
Mahu2021: checks 
Dali1806: checks 
*** TURN *** [Kh 4s 8d] [2h]
Mahu2021: checks 
Dali1806: checks 
*** RIVER *** [Kh 4s 8d 2h] [3c]
Mahu2021: checks 
Dali1806: checks 
*** SHOW DOWN ***
Mahu2021: shows [7s Js] (high card King)
Dali1806: mucks hand 
Mahu2021 collected 120 from pot
*** SUMMARY ***
Total pot 120 | Rake 0 
Board [Kh 4s 8d 2h 3c]
Seat 2: Mahu2021 (big blind) showed [7s Js] and won (120) with high card King
Seat 3: Dali1806 (button) (small blind) mucked [9h Tc]



PokerStars Hand #243134795547: Tournament #3578501639, $0.92+$0.08 USD Hold'em No Limit - Level I (10/20) - 2023/04/16 21:41:25 CET [2023/04/16 15:41:25 ET]
Table '3578501639 1' 3-max Seat #2 is the button
Seat 2: Mahu2021 (1140 in chips) 
Seat 3: Dali1806 (360 in chips) 
Mahu2021: posts small blind 10
Dali1806: posts big blind 20
*** HOLE CARDS ***
Dealt to Mahu2021 [Ts 2d]
Mahu2021: calls 10
Dali1806: raises 40 to 60
Mahu2021: folds 
Uncalled bet (40) returned to Dali1806
Dali1806 collected 40 from pot
*** SUMMARY ***
Total pot 40 | Rake 0 
Seat 2: Mahu2021 (button) (small blind) folded before Flop
Seat 3: Dali1806 (big blind) collected (40)



PokerStars Hand #243134799633: Tournament #3578501639, $0.92+$0.08 USD Hold'em No Limit - Level I (10/20) - 2023/04/16 21:41:33 CET [2023/04/16 15:41:33 ET]
Table '3578501639 1' 3-max Seat #3 is the button
Seat 2: Mahu2021 (1120 in chips) 
Seat 3: Dali1806 (380 in chips) 
Dali1806: posts small blind 10
Mahu2021: posts big blind 20
*** HOLE CARDS ***
Dealt to Mahu2021 [9d 4d]
Dali1806: raises 20 to 40
Mahu2021: calls 20
*** FLOP *** [Ks Kh 4c]
Mahu2021: bets 1080 and is all-in
Dali1806: calls 340 and is all-in
Uncalled bet (740) returned to Mahu2021
*** TURN *** [Ks Kh 4c] [Ac]
*** RIVER *** [Ks Kh 4c Ac] [Qc]
*** SHOW DOWN ***
Mahu2021: shows [9d 4d] (two pair, Kings and Fours)
Dali1806: shows [As 9h] (two pair, Aces and Kings)
Dali1806 collected 760 from pot
*** SUMMARY ***
Total pot 760 | Rake 0 
Board [Ks Kh 4c Ac Qc]
Seat 2: Mahu2021 (big blind) showed [9d 4d] and lost with two pair, Kings and Fours
Seat 3: Dali1806 (button) (small blind) showed [As 9h] and won (760) with two pair, Aces and Kings



PokerStars Hand #243134808304: Tournament #3578501639, $0.92+$0.08 USD Hold'em No Limit - Level I (10/20) - 2023/04/16 21:41:49 CET [2023/04/16 15:41:49 ET]
Table '3578501639 1' 3-max Seat #2 is the button
Seat 2: Mahu2021 (740 in chips) 
Seat 3: Dali1806 (760 in chips) 
Mahu2021: posts small blind 10
Dali1806: posts big blind 20
*** HOLE CARDS ***
Dealt to Mahu2021 [3c 9s]
Mahu2021: folds 
Uncalled bet (10) returned to Dali1806
Dali1806 collected 20 from pot
*** SUMMARY ***
Total pot 20 | Rake 0 
Seat 2: Mahu2021 (button) (small blind) folded before Flop
Seat 3: Dali1806 (big blind) collected (20)



PokerStars Hand #243134810767: Tournament #3578501639, $0.92+$0.08 USD Hold'em No Limit - Level I (10/20) - 2023/04/16 21:41:54 CET [2023/04/16 15:41:54 ET]
Table '3578501639 1' 3-max Seat #3 is the button
Seat 2: Mahu2021 (730 in chips) 
Seat 3: Dali1806 (770 in chips) 
Dali1806: posts small blind 10
Mahu2021: posts big blind 20
*** HOLE CARDS ***
Dealt to Mahu2021 [3s 6c]
Dali1806: folds 
Uncalled bet (10) returned to Mahu2021
Mahu2021 collected 20 from pot
Mahu2021: doesn't show hand 
*** SUMMARY ***
Total pot 20 | Rake 0 
Seat 2: Mahu2021 (big blind) collected (20)
Seat 3: Dali1806 (button) (small blind) folded before Flop



PokerStars Hand #243134812876: Tournament #3578501639, $0.92+$0.08 USD Hold'em No Limit - Level I (10/20) - 2023/04/16 21:41:58 CET [2023/04/16 15:41:58 ET]
Table '3578501639 1' 3-max Seat #2 is the button
Seat 2: Mahu2021 (740 in chips) 
Seat 3: Dali1806 (760 in chips) 
Mahu2021: posts small blind 10
Dali1806: posts big blind 20
*** HOLE CARDS ***
Dealt to Mahu2021 [4c Th]
Mahu2021: folds 
Uncalled bet (10) returned to Dali1806
Dali1806 collected 20 from pot
*** SUMMARY ***
Total pot 20 | Rake 0 
Seat 2: Mahu2021 (button) (small blind) folded before Flop
Seat 3: Dali1806 (big blind) collected (20)



PokerStars Hand #243134815474: Tournament #3578501639, $0.92+$0.08 USD Hold'em No Limit - Level I (10/20) - 2023/04/16 21:42:03 CET [2023/04/16 15:42:03 ET]
Table '3578501639 1' 3-max Seat #3 is the button
Seat 2: Mahu2021 (730 in chips) 
Seat 3: Dali1806 (770 in chips) 
Dali1806: posts small blind 10
Mahu2021: posts big blind 20
*** HOLE CARDS ***
Dealt to Mahu2021 [Ad As]
Dali1806: calls 10
Mahu2021: raises 710 to 730 and is all-in
Dali1806: folds 
Uncalled bet (710) returned to Mahu2021
Mahu2021 collected 40 from pot
Mahu2021: doesn't show hand 
*** SUMMARY ***
Total pot 40 | Rake 0 
Seat 2: Mahu2021 (big blind) collected (40)
Seat 3: Dali1806 (button) (small blind) folded before Flop



PokerStars Hand #243134821166: Tournament #3578501639, $0.92+$0.08 USD Hold'em No Limit - Level I (10/20) - 2023/04/16 21:42:14 CET [2023/04/16 15:42:14 ET]
Table '3578501639 1' 3-max Seat #2 is the button
Seat 2: Mahu2021 (750 in chips) 
Seat 3: Dali1806 (750 in chips) 
Mahu2021: posts small blind 10
Dali1806: posts big blind 20
*** HOLE CARDS ***
Dealt to Mahu2021 [9s Ts]
Mahu2021: calls 10
Dali1806: checks 
*** FLOP *** [2s 6c 2c]
Dali1806: checks 
Mahu2021: bets 20
Dali1806: folds 
Uncalled bet (20) returned to Mahu2021
Mahu2021 collected 40 from pot
Mahu2021: doesn't show hand 
*** SUMMARY ***
Total pot 40 | Rake 0 
Board [2s 6c 2c]
Seat 2: Mahu2021 (button) (small blind) collected (40)
Seat 3: Dali1806 (big blind) folded on the Flop



PokerStars Hand #243134829378: Tournament #3578501639, $0.92+$0.08 USD Hold'em No Limit - Level I (10/20) - 2023/04/16 21:42:29 CET [2023/04/16 15:42:29 ET]
Table '3578501639 1' 3-max Seat #3 is the button
Seat 2: Mahu2021 (770 in chips) 
Seat 3: Dali1806 (730 in chips) 
Dali1806: posts small blind 10
Mahu2021: posts big blind 20
*** HOLE CARDS ***
Dealt to Mahu2021 [9d Qd]
Dali1806: calls 10
Mahu2021: checks 
*** FLOP *** [Kd 7h Kh]
Mahu2021: bets 20
Dali1806: folds 
Uncalled bet (20) returned to Mahu2021
Mahu2021 collected 40 from pot
Mahu2021: doesn't show hand 
*** SUMMARY ***
Total pot 40 | Rake 0 
Board [Kd 7h Kh]
Seat 2: Mahu2021 (big blind) collected (40)
Seat 3: Dali1806 (button) (small blind) folded on the Flop



PokerStars Hand #243134837258: Tournament #3578501639, $0.92+$0.08 USD Hold'em No Limit - Level I (10/20) - 2023/04/16 21:42:44 CET [2023/04/16 15:42:44 ET]
Table '3578501639 1' 3-max Seat #2 is the button
Seat 2: Mahu2021 (790 in chips) 
Seat 3: Dali1806 (710 in chips) 
Mahu2021: posts small blind 10
Dali1806: posts big blind 20
*** HOLE CARDS ***
Dealt to Mahu2021 [7s 6h]
Mahu2021: calls 10
Dali1806: checks 
*** FLOP *** [4h Ah 2h]
Dali1806: checks 
Mahu2021: bets 20
Dali1806: folds 
Uncalled bet (20) returned to Mahu2021
Mahu2021 collected 40 from pot
Mahu2021: doesn't show hand 
*** SUMMARY ***
Total pot 40 | Rake 0 
Board [4h Ah 2h]
Seat 2: Mahu2021 (button) (small blind) collected (40)
Seat 3: Dali1806 (big blind) folded on the Flop



PokerStars Hand #243134850781: Tournament #3578501639, $0.92+$0.08 USD Hold'em No Limit - Level II (15/30) - 2023/04/16 21:43:09 CET [2023/04/16 15:43:09 ET]
Table '3578501639 1' 3-max Seat #3 is the button
Seat 2: Mahu2021 (810 in chips) 
Seat 3: Dali1806 (690 in chips) 
Dali1806: posts small blind 15
Mahu2021: posts big blind 30
*** HOLE CARDS ***
Dealt to Mahu2021 [9c Kh]
Dali1806: folds 
Uncalled bet (15) returned to Mahu2021
Mahu2021 collected 30 from pot
Mahu2021: doesn't show hand 
*** SUMMARY ***
Total pot 30 | Rake 0 
Seat 2: Mahu2021 (big blind) collected (30)
Seat 3: Dali1806 (button) (small blind) folded before Flop



PokerStars Hand #243134853293: Tournament #3578501639, $0.92+$0.08 USD Hold'em No Limit - Level II (15/30) - 2023/04/16 21:43:14 CET [2023/04/16 15:43:14 ET]
Table '3578501639 1' 3-max Seat #2 is the button
Seat 2: Mahu2021 (825 in chips) 
Seat 3: Dali1806 (675 in chips) 
Mahu2021: posts small blind 15
Dali1806: posts big blind 30
*** HOLE CARDS ***
Dealt to Mahu2021 [Tc Qs]
Mahu2021: raises 30 to 60
Dali1806: folds 
Uncalled bet (30) returned to Mahu2021
Mahu2021 collected 60 from pot
Mahu2021: doesn't show hand 
*** SUMMARY ***
Total pot 60 | Rake 0 
Seat 2: Mahu2021 (button) (small blind) collected (60)
Seat 3: Dali1806 (big blind) folded before Flop



PokerStars Hand #243134857740: Tournament #3578501639, $0.92+$0.08 USD Hold'em No Limit - Level II (15/30) - 2023/04/16 21:43:23 CET [2023/04/16 15:43:23 ET]
Table '3578501639 1' 3-max Seat #3 is the button
Seat 2: Mahu2021 (855 in chips) 
Seat 3: Dali1806 (645 in chips) 
Dali1806: posts small blind 15
Mahu2021: posts big blind 30
*** HOLE CARDS ***
Dealt to Mahu2021 [Qc 4c]
Dali1806: folds 
Uncalled bet (15) returned to Mahu2021
Mahu2021 collected 30 from pot
Mahu2021: doesn't show hand 
*** SUMMARY ***
Total pot 30 | Rake 0 
Seat 2: Mahu2021 (big blind) collected (30)
Seat 3: Dali1806 (button) (small blind) folded before Flop



PokerStars Hand #243134861678: Tournament #3578501639, $0.92+$0.08 USD Hold'em No Limit - Level II (15/30) - 2023/04/16 21:43:30 CET [2023/04/16 15:43:30 ET]
Table '3578501639 1' 3-max Seat #2 is the button
Seat 2: Mahu2021 (870 in chips) 
Seat 3: Dali1806 (630 in chips) 
Mahu2021: posts small blind 15
Dali1806: posts big blind 30
*** HOLE CARDS ***
Dealt to Mahu2021 [3c 7c]
Mahu2021: calls 15
Dali1806: checks 
*** FLOP *** [As 9c 5c]
Dali1806: checks 
Mahu2021: bets 30
Dali1806: calls 30
*** TURN *** [As 9c 5c] [6h]
Dali1806: checks 
Mahu2021: checks 
*** RIVER *** [As 9c 5c 6h] [Jh]
Dali1806: bets 60
Mahu2021: folds 
Uncalled bet (60) returned to Dali1806
Dali1806 collected 120 from pot
*** SUMMARY ***
Total pot 120 | Rake 0 
Board [As 9c 5c 6h Jh]
Seat 2: Mahu2021 (button) (small blind) folded on the River
Seat 3: Dali1806 (big blind) collected (120)



PokerStars Hand #243134876791: Tournament #3578501639, $0.92+$0.08 USD Hold'em No Limit - Level II (15/30) - 2023/04/16 21:43:59 CET [2023/04/16 15:43:59 ET]
Table '3578501639 1' 3-max Seat #3 is the button
Seat 2: Mahu2021 (810 in chips) 
Seat 3: Dali1806 (690 in chips) 
Dali1806: posts small blind 15
Mahu2021: posts big blind 30
*** HOLE CARDS ***
Dealt to Mahu2021 [3s 7s]
Dali1806: raises 60 to 90
Mahu2021: folds 
Uncalled bet (60) returned to Dali1806
Dali1806 collected 60 from pot
*** SUMMARY ***
Total pot 60 | Rake 0 
Seat 2: Mahu2021 (big blind) folded before Flop
Seat 3: Dali1806 (button) (small blind) collected (60)



PokerStars Hand #243134880406: Tournament #3578501639, $0.92+$0.08 USD Hold'em No Limit - Level II (15/30) - 2023/04/16 21:44:06 CET [2023/04/16 15:44:06 ET]
Table '3578501639 1' 3-max Seat #2 is the button
Seat 2: Mahu2021 (780 in chips) 
Seat 3: Dali1806 (720 in chips) 
Mahu2021: posts small blind 15
Dali1806: posts big blind 30
*** HOLE CARDS ***
Dealt to Mahu2021 [7h Qh]
Mahu2021: calls 15
Dali1806: raises 60 to 90
Mahu2021: calls 60
*** FLOP *** [Jc 8h 4s]
Dali1806: checks 
Mahu2021: checks 
*** TURN *** [Jc 8h 4s] [2s]
Dali1806: checks 
Mahu2021: checks 
*** RIVER *** [Jc 8h 4s 2s] [Ts]
Dali1806: checks 
Mahu2021: checks 
*** SHOW DOWN ***
Dali1806: shows [Ac Kc] (high card Ace)
Mahu2021: mucks hand 
Dali1806 collected 180 from pot
*** SUMMARY ***
Total pot 180 | Rake 0 
Board [Jc 8h 4s 2s Ts]
Seat 2: Mahu2021 (button) (small blind) mucked [7h Qh]
Seat 3: Dali1806 (big blind) showed [Ac Kc] and won (180) with high card Ace



PokerStars Hand #243134890054: Tournament #3578501639, $0.92+$0.08 USD Hold'em No Limit - Level II (15/30) - 2023/04/16 21:44:24 CET [2023/04/16 15:44:24 ET]
Table '3578501639 1' 3-max Seat #3 is the button
Seat 2: Mahu2021 (690 in chips) 
Seat 3: Dali1806 (810 in chips) 
Dali1806: posts small blind 15
Mahu2021: posts big blind 30
*** HOLE CARDS ***
Dealt to Mahu2021 [9c Td]
Dali1806: folds 
Uncalled bet (15) returned to Mahu2021
Mahu2021 collected 30 from pot
Mahu2021: doesn't show hand 
*** SUMMARY ***
Total pot 30 | Rake 0 
Seat 2: Mahu2021 (big blind) collected (30)
Seat 3: Dali1806 (button) (small blind) folded before Flop



PokerStars Hand #243134892331: Tournament #3578501639, $0.92+$0.08 USD Hold'em No Limit - Level II (15/30) - 2023/04/16 21:44:29 CET [2023/04/16 15:44:29 ET]
Table '3578501639 1' 3-max Seat #2 is the button
Seat 2: Mahu2021 (705 in chips) 
Seat 3: Dali1806 (795 in chips) 
Mahu2021: posts small blind 15
Dali1806: posts big blind 30
*** HOLE CARDS ***
Dealt to Mahu2021 [8c 6d]
Mahu2021: calls 15
Dali1806: checks 
*** FLOP *** [2s 5h Jd]
Dali1806: checks 
Mahu2021: bets 30
Dali1806: folds 
Uncalled bet (30) returned to Mahu2021
Mahu2021 collected 60 from pot
Mahu2021: doesn't show hand 
*** SUMMARY ***
Total pot 60 | Rake 0 
Board [2s 5h Jd]
Seat 2: Mahu2021 (button) (small blind) collected (60)
Seat 3: Dali1806 (big blind) folded on the Flop



PokerStars Hand #243134897786: Tournament #3578501639, $0.92+$0.08 USD Hold'em No Limit - Level II (15/30) - 2023/04/16 21:44:39 CET [2023/04/16 15:44:39 ET]
Table '3578501639 1' 3-max Seat #3 is the button
Seat 2: Mahu2021 (735 in chips) 
Seat 3: Dali1806 (765 in chips) 
Dali1806: posts small blind 15
Mahu2021: posts big blind 30
*** HOLE CARDS ***
Dealt to Mahu2021 [8h 7c]
Dali1806: raises 30 to 60
Mahu2021: calls 30
*** FLOP *** [4d Jc Qc]
Mahu2021: checks 
Dali1806: bets 120
Mahu2021: folds 
Uncalled bet (120) returned to Dali1806
Dali1806 collected 120 from pot
*** SUMMARY ***
Total pot 120 | Rake 0 
Board [4d Jc Qc]
Seat 2: Mahu2021 (big blind) folded on the Flop
Seat 3: Dali1806 (button) (small blind) collected (120)



PokerStars Hand #243134905020: Tournament #3578501639, $0.92+$0.08 USD Hold'em No Limit - Level II (15/30) - 2023/04/16 21:44:53 CET [2023/04/16 15:44:53 ET]
Table '3578501639 1' 3-max Seat #2 is the button
Seat 2: Mahu2021 (675 in chips) 
Seat 3: Dali1806 (825 in chips) 
Mahu2021: posts small blind 15
Dali1806: posts big blind 30
*** HOLE CARDS ***
Dealt to Mahu2021 [8s Jc]
Mahu2021: calls 15
Dali1806: checks 
*** FLOP *** [2d 9d 3s]
Dali1806: bets 60
Mahu2021: folds 
Uncalled bet (60) returned to Dali1806
Dali1806 collected 60 from pot
*** SUMMARY ***
Total pot 60 | Rake 0 
Board [2d 9d 3s]
Seat 2: Mahu2021 (button) (small blind) folded on the Flop
Seat 3: Dali1806 (big blind) collected (60)



PokerStars Hand #243134913726: Tournament #3578501639, $0.92+$0.08 USD Hold'em No Limit - Level II (15/30) - 2023/04/16 21:45:10 CET [2023/04/16 15:45:10 ET]
Table '3578501639 1' 3-max Seat #3 is the button
Seat 2: Mahu2021 (645 in chips) 
Seat 3: Dali1806 (855 in chips) 
Dali1806: posts small blind 15
Mahu2021: posts big blind 30
*** HOLE CARDS ***
Dealt to Mahu2021 [2h 3s]
Dali1806: raises 30 to 60
Mahu2021: calls 30
*** FLOP *** [3h Qc Ac]
Mahu2021: checks 
Dali1806: checks 
*** TURN *** [3h Qc Ac] [7d]
Mahu2021: checks 
Dali1806: checks 
*** RIVER *** [3h Qc Ac 7d] [Ad]
Mahu2021: bets 60
Dali1806: folds 
Uncalled bet (60) returned to Mahu2021
Mahu2021 collected 120 from pot
Mahu2021: doesn't show hand 
*** SUMMARY ***
Total pot 120 | Rake 0 
Board [3h Qc Ac 7d Ad]
Seat 2: Mahu2021 (big blind) collected (120)
Seat 3: Dali1806 (button) (small blind) folded on the River



PokerStars Hand #243134924009: Tournament #3578501639, $0.92+$0.08 USD Hold'em No Limit - Level II (15/30) - 2023/04/16 21:45:30 CET [2023/04/16 15:45:30 ET]
Table '3578501639 1' 3-max Seat #2 is the button
Seat 2: Mahu2021 (705 in chips) 
Seat 3: Dali1806 (795 in chips) 
Mahu2021: posts small blind 15
Dali1806: posts big blind 30
*** HOLE CARDS ***
Dealt to Mahu2021 [6s 4h]
Mahu2021: calls 15
Dali1806: checks 
*** FLOP *** [7h Jh Qc]
Dali1806: checks 
Mahu2021: bets 30
Dali1806: folds 
Uncalled bet (30) returned to Mahu2021
Mahu2021 collected 60 from pot
Mahu2021: doesn't show hand 
*** SUMMARY ***
Total pot 60 | Rake 0 
Board [7h Jh Qc]
Seat 2: Mahu2021 (button) (small blind) collected (60)
Seat 3: Dali1806 (big blind) folded on the Flop



PokerStars Hand #243134932544: Tournament #3578501639, $0.92+$0.08 USD Hold'em No Limit - Level II (15/30) - 2023/04/16 21:45:47 CET [2023/04/16 15:45:47 ET]
Table '3578501639 1' 3-max Seat #3 is the button
Seat 2: Mahu2021 (735 in chips) 
Seat 3: Dali1806 (765 in chips) 
Dali1806: posts small blind 15
Mahu2021: posts big blind 30
*** HOLE CARDS ***
Dealt to Mahu2021 [7s 5s]
Dali1806: raises 30 to 60
Mahu2021: calls 30
*** FLOP *** [2c Qc 6c]
Mahu2021: checks 
Dali1806: checks 
*** TURN *** [2c Qc 6c] [Kc]
Mahu2021: checks 
Dali1806: checks 
*** RIVER *** [2c Qc 6c Kc] [9h]
Mahu2021: bets 60
Dali1806: calls 60
*** SHOW DOWN ***
Mahu2021: shows [7s 5s] (high card King)
Dali1806: shows [Td Jh] (a straight, Nine to King)
Dali1806 collected 240 from pot
*** SUMMARY ***
Total pot 240 | Rake 0 
Board [2c Qc 6c Kc 9h]
Seat 2: Mahu2021 (big blind) showed [7s 5s] and lost with high card King
Seat 3: Dali1806 (button) (small blind) showed [Td Jh] and won (240) with a straight, Nine to King



PokerStars Hand #243134941693: Tournament #3578501639, $0.92+$0.08 USD Hold'em No Limit - Level III (20/40) - 2023/04/16 21:46:04 CET [2023/04/16 15:46:04 ET]
Table '3578501639 1' 3-max Seat #2 is the button
Seat 2: Mahu2021 (615 in chips) 
Seat 3: Dali1806 (885 in chips) 
Mahu2021: posts small blind 20
Dali1806: posts big blind 40
*** HOLE CARDS ***
Dealt to Mahu2021 [9c Kh]
Mahu2021: calls 20
Dali1806: checks 
*** FLOP *** [2h 4h 4s]
Dali1806: checks 
Mahu2021: checks 
*** TURN *** [2h 4h 4s] [5c]
Dali1806: bets 40
Mahu2021: folds 
Uncalled bet (40) returned to Dali1806
Dali1806 collected 80 from pot
*** SUMMARY ***
Total pot 80 | Rake 0 
Board [2h 4h 4s 5c]
Seat 2: Mahu2021 (button) (small blind) folded on the Turn
Seat 3: Dali1806 (big blind) collected (80)



PokerStars Hand #243134948260: Tournament #3578501639, $0.92+$0.08 USD Hold'em No Limit - Level III (20/40) - 2023/04/16 21:46:17 CET [2023/04/16 15:46:17 ET]
Table '3578501639 1' 3-max Seat #3 is the button
Seat 2: Mahu2021 (575 in chips) 
Seat 3: Dali1806 (925 in chips) 
Dali1806: posts small blind 20
Mahu2021: posts big blind 40
*** HOLE CARDS ***
Dealt to Mahu2021 [Qd 3c]
Dali1806: raises 40 to 80
Mahu2021: calls 40
*** FLOP *** [Kd 9h 7c]
Mahu2021: checks 
Dali1806: bets 80
Mahu2021: folds 
Uncalled bet (80) returned to Dali1806
Dali1806 collected 160 from pot
*** SUMMARY ***
Total pot 160 | Rake 0 
Board [Kd 9h 7c]
Seat 2: Mahu2021 (big blind) folded on the Flop
Seat 3: Dali1806 (button) (small blind) collected (160)



PokerStars Hand #243134953876: Tournament #3578501639, $0.92+$0.08 USD Hold'em No Limit - Level III (20/40) - 2023/04/16 21:46:28 CET [2023/04/16 15:46:28 ET]
Table '3578501639 1' 3-max Seat #2 is the button
Seat 2: Mahu2021 (495 in chips) 
Seat 3: Dali1806 (1005 in chips) 
Mahu2021: posts small blind 20
Dali1806: posts big blind 40
*** HOLE CARDS ***
Dealt to Mahu2021 [2c 5s]
Mahu2021: folds 
Uncalled bet (20) returned to Dali1806
Dali1806 collected 40 from pot
*** SUMMARY ***
Total pot 40 | Rake 0 
Seat 2: Mahu2021 (button) (small blind) folded before Flop
Seat 3: Dali1806 (big blind) collected (40)



PokerStars Hand #243134956176: Tournament #3578501639, $0.92+$0.08 USD Hold'em No Limit - Level III (20/40) - 2023/04/16 21:46:32 CET [2023/04/16 15:46:32 ET]
Table '3578501639 1' 3-max Seat #3 is the button
Seat 2: Mahu2021 (475 in chips) 
Seat 3: Dali1806 (1025 in chips) 
Dali1806: posts small blind 20
Mahu2021: posts big blind 40
*** HOLE CARDS ***
Dealt to Mahu2021 [3s 8d]
Dali1806: raises 40 to 80
Mahu2021: folds 
Uncalled bet (40) returned to Dali1806
Dali1806 collected 80 from pot
*** SUMMARY ***
Total pot 80 | Rake 0 
Seat 2: Mahu2021 (big blind) folded before Flop
Seat 3: Dali1806 (button) (small blind) collected (80)



PokerStars Hand #243134958636: Tournament #3578501639, $0.92+$0.08 USD Hold'em No Limit - Level III (20/40) - 2023/04/16 21:46:37 CET [2023/04/16 15:46:37 ET]
Table '3578501639 1' 3-max Seat #2 is the button
Seat 2: Mahu2021 (435 in chips) 
Seat 3: Dali1806 (1065 in chips) 
Mahu2021: posts small blind 20
Dali1806: posts big blind 40
*** HOLE CARDS ***
Dealt to Mahu2021 [Ah 3d]
Mahu2021: calls 20
Dali1806: checks 
*** FLOP *** [9h Ad 7s]
Dali1806: bets 80
Mahu2021: raises 315 to 395 and is all-in
Dali1806: calls 315
*** TURN *** [9h Ad 7s] [2d]
*** RIVER *** [9h Ad 7s 2d] [Js]
*** SHOW DOWN ***
Dali1806: shows [9d Qh] (a pair of Nines)
Mahu2021: shows [Ah 3d] (a pair of Aces)
Mahu2021 collected 870 from pot
*** SUMMARY ***
Total pot 870 | Rake 0 
Board [9h Ad 7s 2d Js]
Seat 2: Mahu2021 (button) (small blind) showed [Ah 3d] and won (870) with a pair of Aces
Seat 3: Dali1806 (big blind) showed [9d Qh] and lost with a pair of Nines



PokerStars Hand #243134969296: Tournament #3578501639, $0.92+$0.08 USD Hold'em No Limit - Level III (20/40) - 2023/04/16 21:46:58 CET [2023/04/16 15:46:58 ET]
Table '3578501639 1' 3-max Seat #3 is the button
Seat 2: Mahu2021 (870 in chips) 
Seat 3: Dali1806 (630 in chips) 
Dali1806: posts small blind 20
Mahu2021: posts big blind 40
*** HOLE CARDS ***
Dealt to Mahu2021 [Tc 6h]
Dali1806: raises 40 to 80
Mahu2021: calls 40
*** FLOP *** [2c Js 6c]
Mahu2021: bets 790 and is all-in
Dali1806: folds 
Uncalled bet (790) returned to Mahu2021
Mahu2021 collected 160 from pot
Mahu2021: doesn't show hand 
*** SUMMARY ***
Total pot 160 | Rake 0 
Board [2c Js 6c]
Seat 2: Mahu2021 (big blind) collected (160)
Seat 3: Dali1806 (button) (small blind) folded on the Flop



PokerStars Hand #243134974972: Tournament #3578501639, $0.92+$0.08 USD Hold'em No Limit - Level III (20/40) - 2023/04/16 21:47:09 CET [2023/04/16 15:47:09 ET]
Table '3578501639 1' 3-max Seat #2 is the button
Seat 2: Mahu2021 (950 in chips) 
Seat 3: Dali1806 (550 in chips) 
Mahu2021: posts small blind 20
Dali1806: posts big blind 40
*** HOLE CARDS ***
Dealt to Mahu2021 [Qs 8s]
Mahu2021: raises 40 to 80
Dali1806: calls 40
*** FLOP *** [Kc 7d 6s]
Dali1806: bets 80
Mahu2021: folds 
Uncalled bet (80) returned to Dali1806
Dali1806 collected 160 from pot
*** SUMMARY ***
Total pot 160 | Rake 0 
Board [Kc 7d 6s]
Seat 2: Mahu2021 (button) (small blind) folded on the Flop
Seat 3: Dali1806 (big blind) collected (160)



PokerStars Hand #243134981371: Tournament #3578501639, $0.92+$0.08 USD Hold'em No Limit - Level III (20/40) - 2023/04/16 21:47:21 CET [2023/04/16 15:47:21 ET]
Table '3578501639 1' 3-max Seat #3 is the button
Seat 2: Mahu2021 (870 in chips) 
Seat 3: Dali1806 (630 in chips) 
Dali1806: posts small blind 20
Mahu2021: posts big blind 40
*** HOLE CARDS ***
Dealt to Mahu2021 [Kc 7c]
Dali1806: raises 40 to 80
Mahu2021: calls 40
*** FLOP *** [Qh Jd 9h]
Mahu2021: checks 
Dali1806: bets 200
Mahu2021: folds 
Uncalled bet (200) returned to Dali1806
Dali1806 collected 160 from pot
*** SUMMARY ***
Total pot 160 | Rake 0 
Board [Qh Jd 9h]
Seat 2: Mahu2021 (big blind) folded on the Flop
Seat 3: Dali1806 (button) (small blind) collected (160)



PokerStars Hand #243134988214: Tournament #3578501639, $0.92+$0.08 USD Hold'em No Limit - Level III (20/40) - 2023/04/16 21:47:34 CET [2023/04/16 15:47:34 ET]
Table '3578501639 1' 3-max Seat #2 is the button
Seat 2: Mahu2021 (790 in chips) 
Seat 3: Dali1806 (710 in chips) 
Mahu2021: posts small blind 20
Dali1806: posts big blind 40
*** HOLE CARDS ***
Dealt to Mahu2021 [6h 4d]
Mahu2021: calls 20
Dali1806: raises 80 to 120
Mahu2021: folds 
Uncalled bet (80) returned to Dali1806
Dali1806 collected 80 from pot
*** SUMMARY ***
Total pot 80 | Rake 0 
Seat 2: Mahu2021 (button) (small blind) folded before Flop
Seat 3: Dali1806 (big blind) collected (80)



PokerStars Hand #243134994864: Tournament #3578501639, $0.92+$0.08 USD Hold'em No Limit - Level III (20/40) - 2023/04/16 21:47:47 CET [2023/04/16 15:47:47 ET]
Table '3578501639 1' 3-max Seat #3 is the button
Seat 2: Mahu2021 (750 in chips) 
Seat 3: Dali1806 (750 in chips) 
Dali1806: posts small blind 20
Mahu2021: posts big blind 40
*** HOLE CARDS ***
Dealt to Mahu2021 [7d 4d]
Dali1806: folds 
Uncalled bet (20) returned to Mahu2021
Mahu2021 collected 40 from pot
Mahu2021: doesn't show hand 
*** SUMMARY ***
Total pot 40 | Rake 0 
Seat 2: Mahu2021 (big blind) collected (40)
Seat 3: Dali1806 (button) (small blind) folded before Flop



PokerStars Hand #243134997502: Tournament #3578501639, $0.92+$0.08 USD Hold'em No Limit - Level III (20/40) - 2023/04/16 21:47:52 CET [2023/04/16 15:47:52 ET]
Table '3578501639 1' 3-max Seat #2 is the button
Seat 2: Mahu2021 (770 in chips) 
Seat 3: Dali1806 (730 in chips) 
Mahu2021: posts small blind 20
Dali1806: posts big blind 40
*** HOLE CARDS ***
Dealt to Mahu2021 [9s 5s]
Mahu2021: calls 20
Dali1806: checks 
*** FLOP *** [Qh 3c Ah]
Dali1806: checks 
Mahu2021: bets 40
Dali1806: folds 
Uncalled bet (40) returned to Mahu2021
Mahu2021 collected 80 from pot
Mahu2021: doesn't show hand 
*** SUMMARY ***
Total pot 80 | Rake 0 
Board [Qh 3c Ah]
Seat 2: Mahu2021 (button) (small blind) collected (80)
Seat 3: Dali1806 (big blind) folded on the Flop



PokerStars Hand #243135006197: Tournament #3578501639, $0.92+$0.08 USD Hold'em No Limit - Level III (20/40) - 2023/04/16 21:48:09 CET [2023/04/16 15:48:09 ET]
Table '3578501639 1' 3-max Seat #3 is the button
Seat 2: Mahu2021 (810 in chips) 
Seat 3: Dali1806 (690 in chips) 
Dali1806: posts small blind 20
Mahu2021: posts big blind 40
*** HOLE CARDS ***
Dealt to Mahu2021 [2s 8d]
Dali1806: raises 40 to 80
Mahu2021: folds 
Uncalled bet (40) returned to Dali1806
Dali1806 collected 80 from pot
*** SUMMARY ***
Total pot 80 | Rake 0 
Seat 2: Mahu2021 (big blind) folded before Flop
Seat 3: Dali1806 (button) (small blind) collected (80)



PokerStars Hand #243135008954: Tournament #3578501639, $0.92+$0.08 USD Hold'em No Limit - Level III (20/40) - 2023/04/16 21:48:14 CET [2023/04/16 15:48:14 ET]
Table '3578501639 1' 3-max Seat #2 is the button
Seat 2: Mahu2021 (770 in chips) 
Seat 3: Dali1806 (730 in chips) 
Mahu2021: posts small blind 20
Dali1806: posts big blind 40
*** HOLE CARDS ***
Dealt to Mahu2021 [Ks 8c]
Mahu2021: raises 40 to 80
Dali1806: calls 40
*** FLOP *** [6c 8h Ts]
Dali1806: checks 
Mahu2021: bets 690 and is all-in
Dali1806: folds 
Uncalled bet (690) returned to Mahu2021
Mahu2021 collected 160 from pot
Mahu2021: doesn't show hand 
*** SUMMARY ***
Total pot 160 | Rake 0 
Board [6c 8h Ts]
Seat 2: Mahu2021 (button) (small blind) collected (160)
Seat 3: Dali1806 (big blind) folded on the Flop



PokerStars Hand #243135015247: Tournament #3578501639, $0.92+$0.08 USD Hold'em No Limit - Level III (20/40) - 2023/04/16 21:48:26 CET [2023/04/16 15:48:26 ET]
Table '3578501639 1' 3-max Seat #3 is the button
Seat 2: Mahu2021 (850 in chips) 
Seat 3: Dali1806 (650 in chips) 
Dali1806: posts small blind 20
Mahu2021: posts big blind 40
*** HOLE CARDS ***
Dealt to Mahu2021 [Qh Kc]
Dali1806: raises 40 to 80
Mahu2021: raises 770 to 850 and is all-in
Dali1806: calls 570 and is all-in
Uncalled bet (200) returned to Mahu2021
*** FLOP *** [9d 7d Th]
*** TURN *** [9d 7d Th] [5c]
*** RIVER *** [9d 7d Th 5c] [Qc]
*** SHOW DOWN ***
Mahu2021: shows [Qh Kc] (a pair of Queens)
Dali1806: shows [Tc Kd] (a pair of Tens)
Mahu2021 collected 1300 from pot
Dali1806 finished the tournament in 2nd place
Mahu2021 wins the tournament and receives $3.00 - congratulations!
*** SUMMARY ***
Total pot 1300 | Rake 0 
Board [9d 7d Th 5c Qc]
Seat 2: Mahu2021 (big blind) showed [Qh Kc] and won (1300) with a pair of Queens
Seat 3: Dali1806 (button) (small blind) showed [Tc Kd] and lost with a pair of Tens



