PokerStars Hand #251548711735: Tournament #3779230526, $1.84+$0.16 USD Hold'em No Limit - Level I (10/20) - 2024/07/18 17:56:57 CET [2024/07/18 11:56:57 ET]
Table '3779230526 1' 3-max Seat #1 is the button
Seat 1: Mladodrvo (500 in chips) 
Seat 2: Mahu2021 (500 in chips) 
Seat 3: chance786 (500 in chips) 
Mahu2021: posts small blind 10
chance786: posts big blind 20
*** HOLE CARDS ***
Dealt to Mahu2021 [Kd 3h]
Mladodrvo: raises 480 to 500 and is all-in
Mahu2021: folds 
chance786: calls 480 and is all-in
*** FLOP *** [Qc Ad Th]
*** TURN *** [Qc Ad Th] [7d]
*** RIVER *** [Qc Ad Th 7d] [Ah]
*** SHOW DOWN ***
chance786: shows [Jd Ac] (three of a kind, Aces)
Mladodrvo: shows [Qd Qh] (a full house, Queens full of Aces)
Mladodrvo collected 1010 from pot
chance786 finished the tournament in 3rd place
*** SUMMARY ***
Total pot 1010 | Rake 0 
Board [Qc Ad Th 7d Ah]
Seat 1: Mladodrvo (button) showed [Qd Qh] and won (1010) with a full house, Queens full of Aces
Seat 2: Mahu2021 (small blind) folded before Flop
Seat 3: chance786 (big blind) showed [Jd Ac] and lost with three of a kind, Aces



PokerStars Hand #251548714579: Tournament #3779230526, $1.84+$0.16 USD Hold'em No Limit - Level I (10/20) - 2024/07/18 17:57:15 CET [2024/07/18 11:57:15 ET]
Table '3779230526 1' 3-max Seat #2 is the button
Seat 1: Mladodrvo (1010 in chips) 
Seat 2: Mahu2021 (490 in chips) 
Mahu2021: posts small blind 10
Mladodrvo: posts big blind 20
*** HOLE CARDS ***
Dealt to Mahu2021 [2h 7d]
Mahu2021: folds 
Uncalled bet (10) returned to Mladodrvo
Mladodrvo collected 20 from pot
*** SUMMARY ***
Total pot 20 | Rake 0 
Seat 1: Mladodrvo (big blind) collected (20)
Seat 2: Mahu2021 (button) (small blind) folded before Flop



PokerStars Hand #251548715221: Tournament #3779230526, $1.84+$0.16 USD Hold'em No Limit - Level I (10/20) - 2024/07/18 17:57:19 CET [2024/07/18 11:57:19 ET]
Table '3779230526 1' 3-max Seat #1 is the button
Seat 1: Mladodrvo (1020 in chips) 
Seat 2: Mahu2021 (480 in chips) 
Mladodrvo: posts small blind 10
Mahu2021: posts big blind 20
*** HOLE CARDS ***
Dealt to Mahu2021 [5s Tc]
Mladodrvo: folds 
Uncalled bet (10) returned to Mahu2021
Mahu2021 collected 20 from pot
Mahu2021: doesn't show hand 
*** SUMMARY ***
Total pot 20 | Rake 0 
Seat 1: Mladodrvo (button) (small blind) folded before Flop
Seat 2: Mahu2021 (big blind) collected (20)



PokerStars Hand #251548715955: Tournament #3779230526, $1.84+$0.16 USD Hold'em No Limit - Level I (10/20) - 2024/07/18 17:57:24 CET [2024/07/18 11:57:24 ET]
Table '3779230526 1' 3-max Seat #2 is the button
Seat 1: Mladodrvo (1010 in chips) 
Seat 2: Mahu2021 (490 in chips) 
Mahu2021: posts small blind 10
Mladodrvo: posts big blind 20
*** HOLE CARDS ***
Dealt to Mahu2021 [4c Td]
Mahu2021: folds 
Uncalled bet (10) returned to Mladodrvo
Mladodrvo collected 20 from pot
*** SUMMARY ***
Total pot 20 | Rake 0 
Seat 1: Mladodrvo (big blind) collected (20)
Seat 2: Mahu2021 (button) (small blind) folded before Flop



PokerStars Hand #251548716626: Tournament #3779230526, $1.84+$0.16 USD Hold'em No Limit - Level I (10/20) - 2024/07/18 17:57:28 CET [2024/07/18 11:57:28 ET]
Table '3779230526 1' 3-max Seat #1 is the button
Seat 1: Mladodrvo (1020 in chips) 
Seat 2: Mahu2021 (480 in chips) 
Mladodrvo: posts small blind 10
Mahu2021: posts big blind 20
*** HOLE CARDS ***
Dealt to Mahu2021 [Ad 4h]
Mladodrvo: calls 10
Mahu2021: checks 
*** FLOP *** [Jd 9s 2h]
Mahu2021: checks 
Mladodrvo: checks 
*** TURN *** [Jd 9s 2h] [6d]
Mahu2021: checks 
Mladodrvo: bets 20
Mahu2021: folds 
Uncalled bet (20) returned to Mladodrvo
Mladodrvo collected 40 from pot
*** SUMMARY ***
Total pot 40 | Rake 0 
Board [Jd 9s 2h 6d]
Seat 1: Mladodrvo (button) (small blind) collected (40)
Seat 2: Mahu2021 (big blind) folded on the Turn



PokerStars Hand #251548718882: Tournament #3779230526, $1.84+$0.16 USD Hold'em No Limit - Level I (10/20) - 2024/07/18 17:57:42 CET [2024/07/18 11:57:42 ET]
Table '3779230526 1' 3-max Seat #2 is the button
Seat 1: Mladodrvo (1040 in chips) 
Seat 2: Mahu2021 (460 in chips) 
Mahu2021: posts small blind 10
Mladodrvo: posts big blind 20
*** HOLE CARDS ***
Dealt to Mahu2021 [2c 2h]
Mahu2021: raises 440 to 460 and is all-in
Mladodrvo: folds 
Uncalled bet (440) returned to Mahu2021
Mahu2021 collected 40 from pot
Mahu2021: doesn't show hand 
*** SUMMARY ***
Total pot 40 | Rake 0 
Seat 1: Mladodrvo (big blind) folded before Flop
Seat 2: Mahu2021 (button) (small blind) collected (40)



PokerStars Hand #251548719947: Tournament #3779230526, $1.84+$0.16 USD Hold'em No Limit - Level I (10/20) - 2024/07/18 17:57:49 CET [2024/07/18 11:57:49 ET]
Table '3779230526 1' 3-max Seat #1 is the button
Seat 1: Mladodrvo (1020 in chips) 
Seat 2: Mahu2021 (480 in chips) 
Mladodrvo: posts small blind 10
Mahu2021: posts big blind 20
*** HOLE CARDS ***
Dealt to Mahu2021 [2h 4h]
Mladodrvo: calls 10
Mahu2021: checks 
*** FLOP *** [6h 9d 2s]
Mahu2021: checks 
Mladodrvo: checks 
*** TURN *** [6h 9d 2s] [7s]
Mahu2021: checks 
Mladodrvo: checks 
*** RIVER *** [6h 9d 2s 7s] [4c]
Mahu2021: bets 460 and is all-in
Mladodrvo: folds 
Uncalled bet (460) returned to Mahu2021
Mahu2021 collected 40 from pot
Mahu2021: doesn't show hand 
*** SUMMARY ***
Total pot 40 | Rake 0 
Board [6h 9d 2s 7s 4c]
Seat 1: Mladodrvo (button) (small blind) folded on the River
Seat 2: Mahu2021 (big blind) collected (40)



PokerStars Hand #251548722183: Tournament #3779230526, $1.84+$0.16 USD Hold'em No Limit - Level I (10/20) - 2024/07/18 17:58:04 CET [2024/07/18 11:58:04 ET]
Table '3779230526 1' 3-max Seat #2 is the button
Seat 1: Mladodrvo (1000 in chips) 
Seat 2: Mahu2021 (500 in chips) 
Mahu2021: posts small blind 10
Mladodrvo: posts big blind 20
*** HOLE CARDS ***
Dealt to Mahu2021 [5h Kh]
Mahu2021: calls 10
Mladodrvo: checks 
*** FLOP *** [Jh 8c Ts]
Mladodrvo: checks 
Mahu2021: checks 
*** TURN *** [Jh 8c Ts] [Th]
Mladodrvo: checks 
Mahu2021: bets 20
Mladodrvo: calls 20
*** RIVER *** [Jh 8c Ts Th] [Kd]
Mladodrvo: checks 
Mahu2021: bets 80
Mladodrvo: folds 
Uncalled bet (80) returned to Mahu2021
Mahu2021 collected 80 from pot
Mahu2021: doesn't show hand 
*** SUMMARY ***
Total pot 80 | Rake 0 
Board [Jh 8c Ts Th Kd]
Seat 1: Mladodrvo (big blind) folded on the River
Seat 2: Mahu2021 (button) (small blind) collected (80)



PokerStars Hand #251548725300: Tournament #3779230526, $1.84+$0.16 USD Hold'em No Limit - Level I (10/20) - 2024/07/18 17:58:23 CET [2024/07/18 11:58:23 ET]
Table '3779230526 1' 3-max Seat #1 is the button
Seat 1: Mladodrvo (960 in chips) 
Seat 2: Mahu2021 (540 in chips) 
Mladodrvo: posts small blind 10
Mahu2021: posts big blind 20
*** HOLE CARDS ***
Dealt to Mahu2021 [Kh Tc]
Mladodrvo: calls 10
Mahu2021: checks 
*** FLOP *** [Qd Jc 6c]
Mahu2021: checks 
Mladodrvo: checks 
*** TURN *** [Qd Jc 6c] [6h]
Mahu2021: checks 
Mladodrvo: checks 
*** RIVER *** [Qd Jc 6c 6h] [6s]
Mahu2021: checks 
Mladodrvo: bets 940 and is all-in
Mahu2021: folds 
Uncalled bet (940) returned to Mladodrvo
Mladodrvo collected 40 from pot
*** SUMMARY ***
Total pot 40 | Rake 0 
Board [Qd Jc 6c 6h 6s]
Seat 1: Mladodrvo (button) (small blind) collected (40)
Seat 2: Mahu2021 (big blind) folded on the River



PokerStars Hand #251548727954: Tournament #3779230526, $1.84+$0.16 USD Hold'em No Limit - Level I (10/20) - 2024/07/18 17:58:40 CET [2024/07/18 11:58:40 ET]
Table '3779230526 1' 3-max Seat #2 is the button
Seat 1: Mladodrvo (980 in chips) 
Seat 2: Mahu2021 (520 in chips) 
Mahu2021: posts small blind 10
Mladodrvo: posts big blind 20
*** HOLE CARDS ***
Dealt to Mahu2021 [Ac 8h]
Mahu2021: raises 20 to 40
Mladodrvo: calls 20
*** FLOP *** [9h 3h 6h]
Mladodrvo: checks 
Mahu2021: checks 
*** TURN *** [9h 3h 6h] [As]
Mladodrvo: checks 
Mahu2021: bets 40
Mladodrvo: folds 
Uncalled bet (40) returned to Mahu2021
Mahu2021 collected 80 from pot
Mahu2021: doesn't show hand 
*** SUMMARY ***
Total pot 80 | Rake 0 
Board [9h 3h 6h As]
Seat 1: Mladodrvo (big blind) folded on the Turn
Seat 2: Mahu2021 (button) (small blind) collected (80)



PokerStars Hand #251548730031: Tournament #3779230526, $1.84+$0.16 USD Hold'em No Limit - Level I (10/20) - 2024/07/18 17:58:53 CET [2024/07/18 11:58:53 ET]
Table '3779230526 1' 3-max Seat #1 is the button
Seat 1: Mladodrvo (940 in chips) 
Seat 2: Mahu2021 (560 in chips) 
Mladodrvo: posts small blind 10
Mahu2021: posts big blind 20
*** HOLE CARDS ***
Dealt to Mahu2021 [2h 6d]
Mladodrvo: folds 
Uncalled bet (10) returned to Mahu2021
Mahu2021 collected 20 from pot
Mahu2021: doesn't show hand 
*** SUMMARY ***
Total pot 20 | Rake 0 
Seat 1: Mladodrvo (button) (small blind) folded before Flop
Seat 2: Mahu2021 (big blind) collected (20)



PokerStars Hand #251548731481: Tournament #3779230526, $1.84+$0.16 USD Hold'em No Limit - Level II (15/30) - 2024/07/18 17:59:02 CET [2024/07/18 11:59:02 ET]
Table '3779230526 1' 3-max Seat #2 is the button
Seat 1: Mladodrvo (930 in chips) 
Seat 2: Mahu2021 (570 in chips) 
Mahu2021: posts small blind 15
Mladodrvo: posts big blind 30
*** HOLE CARDS ***
Dealt to Mahu2021 [5d Qc]
Mahu2021: calls 15
Mladodrvo: checks 
*** FLOP *** [7d Js 8c]
Mladodrvo: checks 
Mahu2021: checks 
*** TURN *** [7d Js 8c] [9s]
Mladodrvo: checks 
Mahu2021: checks 
*** RIVER *** [7d Js 8c 9s] [Ad]
Mladodrvo: checks 
Mahu2021: bets 30
Mladodrvo: folds 
Uncalled bet (30) returned to Mahu2021
Mahu2021 collected 60 from pot
Mahu2021: doesn't show hand 
*** SUMMARY ***
Total pot 60 | Rake 0 
Board [7d Js 8c 9s Ad]
Seat 1: Mladodrvo (big blind) folded on the River
Seat 2: Mahu2021 (button) (small blind) collected (60)



PokerStars Hand #251548733995: Tournament #3779230526, $1.84+$0.16 USD Hold'em No Limit - Level II (15/30) - 2024/07/18 17:59:18 CET [2024/07/18 11:59:18 ET]
Table '3779230526 1' 3-max Seat #1 is the button
Seat 1: Mladodrvo (900 in chips) 
Seat 2: Mahu2021 (600 in chips) 
Mladodrvo: posts small blind 15
Mahu2021: posts big blind 30
*** HOLE CARDS ***
Dealt to Mahu2021 [3s 7d]
Mladodrvo: raises 30 to 60
Mahu2021: folds 
Uncalled bet (30) returned to Mladodrvo
Mladodrvo collected 60 from pot
*** SUMMARY ***
Total pot 60 | Rake 0 
Seat 1: Mladodrvo (button) (small blind) collected (60)
Seat 2: Mahu2021 (big blind) folded before Flop



PokerStars Hand #251548735081: Tournament #3779230526, $1.84+$0.16 USD Hold'em No Limit - Level II (15/30) - 2024/07/18 17:59:25 CET [2024/07/18 11:59:25 ET]
Table '3779230526 1' 3-max Seat #2 is the button
Seat 1: Mladodrvo (930 in chips) 
Seat 2: Mahu2021 (570 in chips) 
Mahu2021: posts small blind 15
Mladodrvo: posts big blind 30
*** HOLE CARDS ***
Dealt to Mahu2021 [Ah Qs]
Mahu2021: raises 30 to 60
Mladodrvo: calls 30
*** FLOP *** [Ac 7h 2c]
Mladodrvo: checks 
Mahu2021: bets 30
Mladodrvo: calls 30
*** TURN *** [Ac 7h 2c] [Jc]
Mladodrvo: checks 
Mahu2021: bets 30
Mladodrvo: calls 30
*** RIVER *** [Ac 7h 2c Jc] [6h]
Mladodrvo: checks 
Mahu2021: bets 30
Mladodrvo: calls 30
*** SHOW DOWN ***
Mahu2021: shows [Ah Qs] (a pair of Aces)
Mladodrvo: mucks hand 
Mahu2021 collected 300 from pot
*** SUMMARY ***
Total pot 300 | Rake 0 
Board [Ac 7h 2c Jc 6h]
Seat 1: Mladodrvo (big blind) mucked [Qd 7d]
Seat 2: Mahu2021 (button) (small blind) showed [Ah Qs] and won (300) with a pair of Aces



PokerStars Hand #251548738774: Tournament #3779230526, $1.84+$0.16 USD Hold'em No Limit - Level II (15/30) - 2024/07/18 17:59:49 CET [2024/07/18 11:59:49 ET]
Table '3779230526 1' 3-max Seat #1 is the button
Seat 1: Mladodrvo (780 in chips) 
Seat 2: Mahu2021 (720 in chips) 
Mladodrvo: posts small blind 15
Mahu2021: posts big blind 30
*** HOLE CARDS ***
Dealt to Mahu2021 [Qc 6c]
Mladodrvo: folds 
Uncalled bet (15) returned to Mahu2021
Mahu2021 collected 30 from pot
Mahu2021: doesn't show hand 
*** SUMMARY ***
Total pot 30 | Rake 0 
Seat 1: Mladodrvo (button) (small blind) folded before Flop
Seat 2: Mahu2021 (big blind) collected (30)



PokerStars Hand #251548739492: Tournament #3779230526, $1.84+$0.16 USD Hold'em No Limit - Level II (15/30) - 2024/07/18 17:59:53 CET [2024/07/18 11:59:53 ET]
Table '3779230526 1' 3-max Seat #2 is the button
Seat 1: Mladodrvo (765 in chips) 
Seat 2: Mahu2021 (735 in chips) 
Mahu2021: posts small blind 15
Mladodrvo: posts big blind 30
*** HOLE CARDS ***
Dealt to Mahu2021 [Jc 7s]
Mahu2021: calls 15
Mladodrvo: raises 30 to 60
Mahu2021: calls 30
*** FLOP *** [5s Tc Kh]
Mladodrvo: bets 45
Mahu2021: folds 
Uncalled bet (45) returned to Mladodrvo
Mladodrvo collected 120 from pot
*** SUMMARY ***
Total pot 120 | Rake 0 
Board [5s Tc Kh]
Seat 1: Mladodrvo (big blind) collected (120)
Seat 2: Mahu2021 (button) (small blind) folded on the Flop



PokerStars Hand #251548741085: Tournament #3779230526, $1.84+$0.16 USD Hold'em No Limit - Level II (15/30) - 2024/07/18 18:00:03 CET [2024/07/18 12:00:03 ET]
Table '3779230526 1' 3-max Seat #1 is the button
Seat 1: Mladodrvo (825 in chips) 
Seat 2: Mahu2021 (675 in chips) 
Mladodrvo: posts small blind 15
Mahu2021: posts big blind 30
*** HOLE CARDS ***
Dealt to Mahu2021 [9h 4s]
Mladodrvo: raises 30 to 60
Mahu2021: folds 
Uncalled bet (30) returned to Mladodrvo
Mladodrvo collected 60 from pot
*** SUMMARY ***
Total pot 60 | Rake 0 
Seat 1: Mladodrvo (button) (small blind) collected (60)
Seat 2: Mahu2021 (big blind) folded before Flop



PokerStars Hand #251548742044: Tournament #3779230526, $1.84+$0.16 USD Hold'em No Limit - Level II (15/30) - 2024/07/18 18:00:09 CET [2024/07/18 12:00:09 ET]
Table '3779230526 1' 3-max Seat #2 is the button
Seat 1: Mladodrvo (855 in chips) 
Seat 2: Mahu2021 (645 in chips) 
Mahu2021: posts small blind 15
Mladodrvo: posts big blind 30
*** HOLE CARDS ***
Dealt to Mahu2021 [4d 7h]
Mahu2021: folds 
Uncalled bet (15) returned to Mladodrvo
Mladodrvo collected 30 from pot
*** SUMMARY ***
Total pot 30 | Rake 0 
Seat 1: Mladodrvo (big blind) collected (30)
Seat 2: Mahu2021 (button) (small blind) folded before Flop



PokerStars Hand #251548742857: Tournament #3779230526, $1.84+$0.16 USD Hold'em No Limit - Level II (15/30) - 2024/07/18 18:00:14 CET [2024/07/18 12:00:14 ET]
Table '3779230526 1' 3-max Seat #1 is the button
Seat 1: Mladodrvo (870 in chips) 
Seat 2: Mahu2021 (630 in chips) 
Mladodrvo: posts small blind 15
Mahu2021: posts big blind 30
*** HOLE CARDS ***
Dealt to Mahu2021 [4d 5c]
Mladodrvo: raises 30 to 60
Mahu2021: calls 30
*** FLOP *** [5s Td 5h]
Mahu2021: checks 
Mladodrvo: bets 30
Mahu2021: calls 30
*** TURN *** [5s Td 5h] [4h]
Mahu2021: checks 
Mladodrvo: bets 45
Mahu2021: calls 45
*** RIVER *** [5s Td 5h 4h] [6d]
Mahu2021: bets 90
Mladodrvo: folds 
Uncalled bet (90) returned to Mahu2021
Mahu2021 collected 270 from pot
Mahu2021: doesn't show hand 
*** SUMMARY ***
Total pot 270 | Rake 0 
Board [5s Td 5h 4h 6d]
Seat 1: Mladodrvo (button) (small blind) folded on the River
Seat 2: Mahu2021 (big blind) collected (270)



PokerStars Hand #251548745944: Tournament #3779230526, $1.84+$0.16 USD Hold'em No Limit - Level II (15/30) - 2024/07/18 18:00:32 CET [2024/07/18 12:00:32 ET]
Table '3779230526 1' 3-max Seat #2 is the button
Seat 1: Mladodrvo (735 in chips) 
Seat 2: Mahu2021 (765 in chips) 
Mahu2021: posts small blind 15
Mladodrvo: posts big blind 30
*** HOLE CARDS ***
Dealt to Mahu2021 [5h 2h]
Mahu2021: calls 15
Mladodrvo: checks 
*** FLOP *** [4s Ad 4c]
Mladodrvo: checks 
Mahu2021: bets 30
Mladodrvo: calls 30
*** TURN *** [4s Ad 4c] [6d]
Mladodrvo: checks 
Mahu2021: checks 
*** RIVER *** [4s Ad 4c 6d] [4d]
Mladodrvo: checks 
Mahu2021: bets 120
Mladodrvo: folds 
Uncalled bet (120) returned to Mahu2021
Mahu2021 collected 120 from pot
Mahu2021: doesn't show hand 
*** SUMMARY ***
Total pot 120 | Rake 0 
Board [4s Ad 4c 6d 4d]
Seat 1: Mladodrvo (big blind) folded on the River
Seat 2: Mahu2021 (button) (small blind) collected (120)



PokerStars Hand #251548748950: Tournament #3779230526, $1.84+$0.16 USD Hold'em No Limit - Level II (15/30) - 2024/07/18 18:00:49 CET [2024/07/18 12:00:49 ET]
Table '3779230526 1' 3-max Seat #1 is the button
Seat 1: Mladodrvo (675 in chips) 
Seat 2: Mahu2021 (825 in chips) 
Mladodrvo: posts small blind 15
Mahu2021: posts big blind 30
*** HOLE CARDS ***
Dealt to Mahu2021 [5d Qd]
Mladodrvo: folds 
Uncalled bet (15) returned to Mahu2021
Mahu2021 collected 30 from pot
Mahu2021: doesn't show hand 
*** SUMMARY ***
Total pot 30 | Rake 0 
Seat 1: Mladodrvo (button) (small blind) folded before Flop
Seat 2: Mahu2021 (big blind) collected (30)



PokerStars Hand #251548749866: Tournament #3779230526, $1.84+$0.16 USD Hold'em No Limit - Level II (15/30) - 2024/07/18 18:00:54 CET [2024/07/18 12:00:54 ET]
Table '3779230526 1' 3-max Seat #2 is the button
Seat 1: Mladodrvo (660 in chips) 
Seat 2: Mahu2021 (840 in chips) 
Mahu2021: posts small blind 15
Mladodrvo: posts big blind 30
*** HOLE CARDS ***
Dealt to Mahu2021 [Qd 4s]
Mahu2021: calls 15
Mladodrvo: checks 
*** FLOP *** [Js 6s Tc]
Mladodrvo: checks 
Mahu2021: checks 
*** TURN *** [Js 6s Tc] [Qh]
Mladodrvo: checks 
Mahu2021: bets 30
Mladodrvo: calls 30
*** RIVER *** [Js 6s Tc Qh] [8c]
Mladodrvo: bets 150
Mahu2021: folds 
Uncalled bet (150) returned to Mladodrvo
Mladodrvo collected 120 from pot
*** SUMMARY ***
Total pot 120 | Rake 0 
Board [Js 6s Tc Qh 8c]
Seat 1: Mladodrvo (big blind) collected (120)
Seat 2: Mahu2021 (button) (small blind) folded on the River



PokerStars Hand #251548753566: Tournament #3779230526, $1.84+$0.16 USD Hold'em No Limit - Level III (20/40) - 2024/07/18 18:01:14 CET [2024/07/18 12:01:14 ET]
Table '3779230526 1' 3-max Seat #1 is the button
Seat 1: Mladodrvo (720 in chips) 
Seat 2: Mahu2021 (780 in chips) 
Mladodrvo: posts small blind 20
Mahu2021: posts big blind 40
*** HOLE CARDS ***
Dealt to Mahu2021 [Kh Ts]
Mladodrvo: folds 
Uncalled bet (20) returned to Mahu2021
Mahu2021 collected 40 from pot
Mahu2021: doesn't show hand 
*** SUMMARY ***
Total pot 40 | Rake 0 
Seat 1: Mladodrvo (button) (small blind) folded before Flop
Seat 2: Mahu2021 (big blind) collected (40)



PokerStars Hand #251548754488: Tournament #3779230526, $1.84+$0.16 USD Hold'em No Limit - Level III (20/40) - 2024/07/18 18:01:19 CET [2024/07/18 12:01:19 ET]
Table '3779230526 1' 3-max Seat #2 is the button
Seat 1: Mladodrvo (700 in chips) 
Seat 2: Mahu2021 (800 in chips) 
Mahu2021: posts small blind 20
Mladodrvo: posts big blind 40
*** HOLE CARDS ***
Dealt to Mahu2021 [Kd Qd]
Mahu2021: raises 40 to 80
Mladodrvo: calls 40
*** FLOP *** [9h Ad 8c]
Mladodrvo: checks 
Mahu2021: bets 80
Mladodrvo: calls 80
*** TURN *** [9h Ad 8c] [7c]
Mladodrvo: checks 
Mahu2021: checks 
*** RIVER *** [9h Ad 8c 7c] [8d]
Mladodrvo: checks 
Mahu2021: checks 
*** SHOW DOWN ***
Mladodrvo: shows [Ts 9d] (two pair, Nines and Eights)
Mahu2021: mucks hand 
Mladodrvo collected 320 from pot
*** SUMMARY ***
Total pot 320 | Rake 0 
Board [9h Ad 8c 7c 8d]
Seat 1: Mladodrvo (big blind) showed [Ts 9d] and won (320) with two pair, Nines and Eights
Seat 2: Mahu2021 (button) (small blind) mucked [Kd Qd]



PokerStars Hand #251548757987: Tournament #3779230526, $1.84+$0.16 USD Hold'em No Limit - Level III (20/40) - 2024/07/18 18:01:37 CET [2024/07/18 12:01:37 ET]
Table '3779230526 1' 3-max Seat #1 is the button
Seat 1: Mladodrvo (860 in chips) 
Seat 2: Mahu2021 (640 in chips) 
Mladodrvo: posts small blind 20
Mahu2021: posts big blind 40
*** HOLE CARDS ***
Dealt to Mahu2021 [Js 8d]
Mladodrvo: raises 40 to 80
Mahu2021: calls 40
*** FLOP *** [2h 3c 7h]
Mahu2021: checks 
Mladodrvo: bets 40
Mahu2021: calls 40
*** TURN *** [2h 3c 7h] [2c]
Mahu2021: checks 
Mladodrvo: bets 40
Mahu2021: calls 40
*** RIVER *** [2h 3c 7h 2c] [Jc]
Mahu2021: bets 480 and is all-in
Mladodrvo: calls 480
*** SHOW DOWN ***
Mahu2021: shows [Js 8d] (two pair, Jacks and Deuces)
Mladodrvo: shows [Kh Jh] (two pair, Jacks and Deuces - King kicker)
Mladodrvo collected 1280 from pot
Mahu2021 finished the tournament in 2nd place
Mladodrvo wins the tournament and receives $4.00 - congratulations!
*** SUMMARY ***
Total pot 1280 | Rake 0 
Board [2h 3c 7h 2c Jc]
Seat 1: Mladodrvo (button) (small blind) showed [Kh Jh] and won (1280) with two pair, Jacks and Deuces
Seat 2: Mahu2021 (big blind) showed [Js 8d] and lost with two pair, Jacks and Deuces



