PokerStars Hand #249594481735: Tournament #3732946558, $1.84+$0.16 USD Hold'em No Limit - Level I (10/20) - 2024/03/24 14:08:59 CET [2024/03/24 9:08:59 ET]
Table '3732946558 1' 3-max Seat #1 is the button
Seat 1: mimib240 (500 in chips) 
Seat 2: P.K.Kolev-BG (500 in chips) 
Seat 3: Mahu2021 (500 in chips) 
P.K.Kolev-BG: posts small blind 10
Mahu2021: posts big blind 20
*** HOLE CARDS ***
Dealt to Mahu2021 [Td Kd]
mimib240: raises 480 to 500 and is all-in
P.K.Kolev-BG: folds 
Mahu2021: folds 
Uncalled bet (480) returned to mimib240
mimib240 collected 50 from pot
mimib240: doesn't show hand 
*** SUMMARY ***
Total pot 50 | Rake 0 
Seat 1: mimib240 (button) collected (50)
Seat 2: P.K.Kolev-BG (small blind) folded before Flop
Seat 3: Mahu2021 (big blind) folded before Flop



PokerStars Hand #249594483715: Tournament #3732946558, $1.84+$0.16 USD Hold'em No Limit - Level I (10/20) - 2024/03/24 14:09:08 CET [2024/03/24 9:09:08 ET]
Table '3732946558 1' 3-max Seat #2 is the button
Seat 1: mimib240 (530 in chips) 
Seat 2: P.K.Kolev-BG (490 in chips) 
Seat 3: Mahu2021 (480 in chips) 
Mahu2021: posts small blind 10
mimib240: posts big blind 20
*** HOLE CARDS ***
Dealt to Mahu2021 [As 6d]
P.K.Kolev-BG: folds 
Mahu2021: calls 10
mimib240: checks 
*** FLOP *** [5d 9h Ts]
Mahu2021: checks 
mimib240: bets 40
Mahu2021: folds 
Uncalled bet (40) returned to mimib240
mimib240 collected 40 from pot
mimib240: doesn't show hand 
*** SUMMARY ***
Total pot 40 | Rake 0 
Board [5d 9h Ts]
Seat 1: mimib240 (big blind) collected (40)
Seat 2: P.K.Kolev-BG (button) folded before Flop (didn't bet)
Seat 3: Mahu2021 (small blind) folded on the Flop



PokerStars Hand #249594487049: Tournament #3732946558, $1.84+$0.16 USD Hold'em No Limit - Level I (10/20) - 2024/03/24 14:09:25 CET [2024/03/24 9:09:25 ET]
Table '3732946558 1' 3-max Seat #3 is the button
Seat 1: mimib240 (550 in chips) 
Seat 2: P.K.Kolev-BG (490 in chips) 
Seat 3: Mahu2021 (460 in chips) 
mimib240: posts small blind 10
P.K.Kolev-BG: posts big blind 20
*** HOLE CARDS ***
Dealt to Mahu2021 [9s Js]
Mahu2021: raises 20 to 40
mimib240: calls 30
P.K.Kolev-BG: folds 
*** FLOP *** [6h 9c Tc]
mimib240: checks 
Mahu2021: bets 40
mimib240: folds 
Uncalled bet (40) returned to Mahu2021
Mahu2021 collected 100 from pot
Mahu2021: doesn't show hand 
*** SUMMARY ***
Total pot 100 | Rake 0 
Board [6h 9c Tc]
Seat 1: mimib240 (small blind) folded on the Flop
Seat 2: P.K.Kolev-BG (big blind) folded before Flop
Seat 3: Mahu2021 (button) collected (100)



PokerStars Hand #249594489776: Tournament #3732946558, $1.84+$0.16 USD Hold'em No Limit - Level I (10/20) - 2024/03/24 14:09:38 CET [2024/03/24 9:09:38 ET]
Table '3732946558 1' 3-max Seat #1 is the button
Seat 1: mimib240 (510 in chips) 
Seat 2: P.K.Kolev-BG (470 in chips) 
Seat 3: Mahu2021 (520 in chips) 
P.K.Kolev-BG: posts small blind 10
Mahu2021: posts big blind 20
*** HOLE CARDS ***
Dealt to Mahu2021 [6c Th]
mimib240: folds 
P.K.Kolev-BG: calls 10
Mahu2021: checks 
*** FLOP *** [8h 8d 8c]
P.K.Kolev-BG: checks 
Mahu2021: checks 
*** TURN *** [8h 8d 8c] [Kd]
P.K.Kolev-BG: checks 
Mahu2021: checks 
*** RIVER *** [8h 8d 8c Kd] [2h]
P.K.Kolev-BG: checks 
Mahu2021: bets 40
P.K.Kolev-BG: calls 40
*** SHOW DOWN ***
Mahu2021: shows [6c Th] (three of a kind, Eights)
P.K.Kolev-BG: shows [3s Ts] (three of a kind, Eights)
P.K.Kolev-BG collected 60 from pot
Mahu2021 collected 60 from pot
*** SUMMARY ***
Total pot 120 | Rake 0 
Board [8h 8d 8c Kd 2h]
Seat 1: mimib240 (button) folded before Flop (didn't bet)
Seat 2: P.K.Kolev-BG (small blind) showed [3s Ts] and won (60) with three of a kind, Eights
Seat 3: Mahu2021 (big blind) showed [6c Th] and won (60) with three of a kind, Eights



PokerStars Hand #249594493107: Tournament #3732946558, $1.84+$0.16 USD Hold'em No Limit - Level I (10/20) - 2024/03/24 14:09:55 CET [2024/03/24 9:09:55 ET]
Table '3732946558 1' 3-max Seat #2 is the button
Seat 1: mimib240 (510 in chips) 
Seat 2: P.K.Kolev-BG (470 in chips) 
Seat 3: Mahu2021 (520 in chips) 
Mahu2021: posts small blind 10
mimib240: posts big blind 20
*** HOLE CARDS ***
Dealt to Mahu2021 [Kh Ad]
P.K.Kolev-BG: folds 
Mahu2021: raises 20 to 40
mimib240: folds 
Uncalled bet (20) returned to Mahu2021
Mahu2021 collected 40 from pot
Mahu2021: doesn't show hand 
*** SUMMARY ***
Total pot 40 | Rake 0 
Seat 1: mimib240 (big blind) folded before Flop
Seat 2: P.K.Kolev-BG (button) folded before Flop (didn't bet)
Seat 3: Mahu2021 (small blind) collected (40)



PokerStars Hand #249594494071: Tournament #3732946558, $1.84+$0.16 USD Hold'em No Limit - Level I (10/20) - 2024/03/24 14:10:00 CET [2024/03/24 9:10:00 ET]
Table '3732946558 1' 3-max Seat #3 is the button
Seat 1: mimib240 (490 in chips) 
Seat 2: P.K.Kolev-BG (470 in chips) 
Seat 3: Mahu2021 (540 in chips) 
mimib240: posts small blind 10
P.K.Kolev-BG: posts big blind 20
*** HOLE CARDS ***
Dealt to Mahu2021 [8h Th]
Mahu2021: calls 20
mimib240: calls 10
P.K.Kolev-BG: checks 
*** FLOP *** [Jh Td 9d]
mimib240: bets 20
P.K.Kolev-BG: calls 20
Mahu2021: calls 20
*** TURN *** [Jh Td 9d] [4s]
mimib240: checks 
P.K.Kolev-BG: checks 
Mahu2021: checks 
*** RIVER *** [Jh Td 9d 4s] [6h]
mimib240: checks 
P.K.Kolev-BG: checks 
Mahu2021: bets 40
mimib240: calls 40
P.K.Kolev-BG: folds 
*** SHOW DOWN ***
Mahu2021: shows [8h Th] (a pair of Tens)
mimib240: mucks hand 
Mahu2021 collected 200 from pot
*** SUMMARY ***
Total pot 200 | Rake 0 
Board [Jh Td 9d 4s 6h]
Seat 1: mimib240 (small blind) mucked [5c Tc]
Seat 2: P.K.Kolev-BG (big blind) folded on the River
Seat 3: Mahu2021 (button) showed [8h Th] and won (200) with a pair of Tens



PokerStars Hand #249594498813: Tournament #3732946558, $1.84+$0.16 USD Hold'em No Limit - Level I (10/20) - 2024/03/24 14:10:23 CET [2024/03/24 9:10:23 ET]
Table '3732946558 1' 3-max Seat #1 is the button
Seat 1: mimib240 (410 in chips) 
Seat 2: P.K.Kolev-BG (430 in chips) 
Seat 3: Mahu2021 (660 in chips) 
P.K.Kolev-BG: posts small blind 10
Mahu2021: posts big blind 20
*** HOLE CARDS ***
Dealt to Mahu2021 [Kd 9c]
mimib240: raises 20 to 40
P.K.Kolev-BG: folds 
Mahu2021: calls 20
*** FLOP *** [Ts 4s 5s]
Mahu2021: checks 
mimib240: checks 
*** TURN *** [Ts 4s 5s] [8s]
Mahu2021: checks 
mimib240: checks 
*** RIVER *** [Ts 4s 5s 8s] [4d]
Mahu2021: bets 90
mimib240: folds 
Uncalled bet (90) returned to Mahu2021
Mahu2021 collected 90 from pot
Mahu2021: doesn't show hand 
*** SUMMARY ***
Total pot 90 | Rake 0 
Board [Ts 4s 5s 8s 4d]
Seat 1: mimib240 (button) folded on the River
Seat 2: P.K.Kolev-BG (small blind) folded before Flop
Seat 3: Mahu2021 (big blind) collected (90)



PokerStars Hand #249594502567: Tournament #3732946558, $1.84+$0.16 USD Hold'em No Limit - Level I (10/20) - 2024/03/24 14:10:42 CET [2024/03/24 9:10:42 ET]
Table '3732946558 1' 3-max Seat #2 is the button
Seat 1: mimib240 (370 in chips) 
Seat 2: P.K.Kolev-BG (420 in chips) 
Seat 3: Mahu2021 (710 in chips) 
Mahu2021: posts small blind 10
mimib240: posts big blind 20
*** HOLE CARDS ***
Dealt to Mahu2021 [Jd 2s]
P.K.Kolev-BG: folds 
Mahu2021: folds 
Uncalled bet (10) returned to mimib240
mimib240 collected 20 from pot
mimib240: doesn't show hand 
*** SUMMARY ***
Total pot 20 | Rake 0 
Seat 1: mimib240 (big blind) collected (20)
Seat 2: P.K.Kolev-BG (button) folded before Flop (didn't bet)
Seat 3: Mahu2021 (small blind) folded before Flop



PokerStars Hand #249594503395: Tournament #3732946558, $1.84+$0.16 USD Hold'em No Limit - Level I (10/20) - 2024/03/24 14:10:46 CET [2024/03/24 9:10:46 ET]
Table '3732946558 1' 3-max Seat #3 is the button
Seat 1: mimib240 (380 in chips) 
Seat 2: P.K.Kolev-BG (420 in chips) 
Seat 3: Mahu2021 (700 in chips) 
mimib240: posts small blind 10
P.K.Kolev-BG: posts big blind 20
*** HOLE CARDS ***
Dealt to Mahu2021 [Jh Ts]
Mahu2021: calls 20
mimib240: folds 
P.K.Kolev-BG: checks 
*** FLOP *** [6h 7h 9d]
P.K.Kolev-BG: checks 
Mahu2021: bets 20
P.K.Kolev-BG: calls 20
*** TURN *** [6h 7h 9d] [6c]
P.K.Kolev-BG: checks 
Mahu2021: checks 
*** RIVER *** [6h 7h 9d 6c] [7s]
P.K.Kolev-BG: checks 
Mahu2021: checks 
*** SHOW DOWN ***
P.K.Kolev-BG: shows [6s 8h] (a full house, Sixes full of Sevens)
Mahu2021: mucks hand 
P.K.Kolev-BG collected 90 from pot
*** SUMMARY ***
Total pot 90 | Rake 0 
Board [6h 7h 9d 6c 7s]
Seat 1: mimib240 (small blind) folded before Flop
Seat 2: P.K.Kolev-BG (big blind) showed [6s 8h] and won (90) with a full house, Sixes full of Sevens
Seat 3: Mahu2021 (button) mucked [Jh Ts]



PokerStars Hand #249594507212: Tournament #3732946558, $1.84+$0.16 USD Hold'em No Limit - Level II (15/30) - 2024/03/24 14:11:05 CET [2024/03/24 9:11:05 ET]
Table '3732946558 1' 3-max Seat #1 is the button
Seat 1: mimib240 (370 in chips) 
Seat 2: P.K.Kolev-BG (470 in chips) 
Seat 3: Mahu2021 (660 in chips) 
P.K.Kolev-BG: posts small blind 15
Mahu2021: posts big blind 30
*** HOLE CARDS ***
Dealt to Mahu2021 [8d Th]
mimib240: folds 
P.K.Kolev-BG: raises 440 to 470 and is all-in
Mahu2021: folds 
Uncalled bet (440) returned to P.K.Kolev-BG
P.K.Kolev-BG collected 60 from pot
*** SUMMARY ***
Total pot 60 | Rake 0 
Seat 1: mimib240 (button) folded before Flop (didn't bet)
Seat 2: P.K.Kolev-BG (small blind) collected (60)
Seat 3: Mahu2021 (big blind) folded before Flop



PokerStars Hand #249594508613: Tournament #3732946558, $1.84+$0.16 USD Hold'em No Limit - Level II (15/30) - 2024/03/24 14:11:12 CET [2024/03/24 9:11:12 ET]
Table '3732946558 1' 3-max Seat #2 is the button
Seat 1: mimib240 (370 in chips) 
Seat 2: P.K.Kolev-BG (500 in chips) 
Seat 3: Mahu2021 (630 in chips) 
Mahu2021: posts small blind 15
mimib240: posts big blind 30
*** HOLE CARDS ***
Dealt to Mahu2021 [9c 4d]
P.K.Kolev-BG: raises 30 to 60
Mahu2021: folds 
mimib240: calls 30
*** FLOP *** [Th 7c 5s]
mimib240: bets 135
P.K.Kolev-BG: calls 135
*** TURN *** [Th 7c 5s] [3h]
mimib240: checks 
P.K.Kolev-BG: checks 
*** RIVER *** [Th 7c 5s 3h] [5c]
mimib240: checks 
P.K.Kolev-BG: checks 
*** SHOW DOWN ***
mimib240: shows [Js 2s] (a pair of Fives)
P.K.Kolev-BG: shows [Kd Qs] (a pair of Fives - King kicker)
P.K.Kolev-BG collected 405 from pot
*** SUMMARY ***
Total pot 405 | Rake 0 
Board [Th 7c 5s 3h 5c]
Seat 1: mimib240 (big blind) showed [Js 2s] and lost with a pair of Fives
Seat 2: P.K.Kolev-BG (button) showed [Kd Qs] and won (405) with a pair of Fives
Seat 3: Mahu2021 (small blind) folded before Flop



PokerStars Hand #249594512904: Tournament #3732946558, $1.84+$0.16 USD Hold'em No Limit - Level II (15/30) - 2024/03/24 14:11:34 CET [2024/03/24 9:11:34 ET]
Table '3732946558 1' 3-max Seat #3 is the button
Seat 1: mimib240 (175 in chips) 
Seat 2: P.K.Kolev-BG (710 in chips) 
Seat 3: Mahu2021 (615 in chips) 
mimib240: posts small blind 15
P.K.Kolev-BG: posts big blind 30
*** HOLE CARDS ***
Dealt to Mahu2021 [Js 5d]
Mahu2021: folds 
mimib240: raises 145 to 175 and is all-in
P.K.Kolev-BG: calls 145
*** FLOP *** [3h 7h Jh]
*** TURN *** [3h 7h Jh] [2h]
*** RIVER *** [3h 7h Jh 2h] [3c]
*** SHOW DOWN ***
mimib240: shows [Qd 4d] (a pair of Threes)
P.K.Kolev-BG: shows [As 3s] (three of a kind, Threes)
P.K.Kolev-BG collected 350 from pot
mimib240 finished the tournament in 3rd place
*** SUMMARY ***
Total pot 350 | Rake 0 
Board [3h 7h Jh 2h 3c]
Seat 1: mimib240 (small blind) showed [Qd 4d] and lost with a pair of Threes
Seat 2: P.K.Kolev-BG (big blind) showed [As 3s] and won (350) with three of a kind, Threes
Seat 3: Mahu2021 (button) folded before Flop (didn't bet)



PokerStars Hand #249594516449: Tournament #3732946558, $1.84+$0.16 USD Hold'em No Limit - Level II (15/30) - 2024/03/24 14:11:51 CET [2024/03/24 9:11:51 ET]
Table '3732946558 1' 3-max Seat #2 is the button
Seat 2: P.K.Kolev-BG (885 in chips) 
Seat 3: Mahu2021 (615 in chips) 
P.K.Kolev-BG: posts small blind 15
Mahu2021: posts big blind 30
*** HOLE CARDS ***
Dealt to Mahu2021 [Kd 2d]
P.K.Kolev-BG: raises 30 to 60
Mahu2021: calls 30
*** FLOP *** [Ks 6d 5d]
Mahu2021: checks 
P.K.Kolev-BG: bets 60
Mahu2021: calls 60
*** TURN *** [Ks 6d 5d] [Jc]
Mahu2021: checks 
P.K.Kolev-BG: checks 
*** RIVER *** [Ks 6d 5d Jc] [8c]
Mahu2021: bets 60
P.K.Kolev-BG: calls 60
*** SHOW DOWN ***
Mahu2021: shows [Kd 2d] (a pair of Kings)
P.K.Kolev-BG: mucks hand 
Mahu2021 collected 360 from pot
*** SUMMARY ***
Total pot 360 | Rake 0 
Board [Ks 6d 5d Jc 8c]
Seat 2: P.K.Kolev-BG (button) (small blind) mucked [7s 6h]
Seat 3: Mahu2021 (big blind) showed [Kd 2d] and won (360) with a pair of Kings



PokerStars Hand #249594519510: Tournament #3732946558, $1.84+$0.16 USD Hold'em No Limit - Level II (15/30) - 2024/03/24 14:12:07 CET [2024/03/24 9:12:07 ET]
Table '3732946558 1' 3-max Seat #3 is the button
Seat 2: P.K.Kolev-BG (705 in chips) 
Seat 3: Mahu2021 (795 in chips) 
Mahu2021: posts small blind 15
P.K.Kolev-BG: posts big blind 30
*** HOLE CARDS ***
Dealt to Mahu2021 [5h Jc]
Mahu2021: calls 15
P.K.Kolev-BG: checks 
*** FLOP *** [2c 6s Kd]
P.K.Kolev-BG: checks 
Mahu2021: checks 
*** TURN *** [2c 6s Kd] [5d]
P.K.Kolev-BG: checks 
Mahu2021: bets 30
P.K.Kolev-BG: calls 30
*** RIVER *** [2c 6s Kd 5d] [7s]
P.K.Kolev-BG: checks 
Mahu2021: checks 
*** SHOW DOWN ***
P.K.Kolev-BG: shows [7d Jd] (a pair of Sevens)
Mahu2021: mucks hand 
P.K.Kolev-BG collected 120 from pot
*** SUMMARY ***
Total pot 120 | Rake 0 
Board [2c 6s Kd 5d 7s]
Seat 2: P.K.Kolev-BG (big blind) showed [7d Jd] and won (120) with a pair of Sevens
Seat 3: Mahu2021 (button) (small blind) mucked [5h Jc]



PokerStars Hand #249594522543: Tournament #3732946558, $1.84+$0.16 USD Hold'em No Limit - Level II (15/30) - 2024/03/24 14:12:22 CET [2024/03/24 9:12:22 ET]
Table '3732946558 1' 3-max Seat #2 is the button
Seat 2: P.K.Kolev-BG (765 in chips) 
Seat 3: Mahu2021 (735 in chips) 
P.K.Kolev-BG: posts small blind 15
Mahu2021: posts big blind 30
*** HOLE CARDS ***
Dealt to Mahu2021 [3c Th]
P.K.Kolev-BG: calls 15
Mahu2021: checks 
*** FLOP *** [8d 6h 5s]
Mahu2021: checks 
P.K.Kolev-BG: bets 30
Mahu2021: folds 
Uncalled bet (30) returned to P.K.Kolev-BG
P.K.Kolev-BG collected 60 from pot
*** SUMMARY ***
Total pot 60 | Rake 0 
Board [8d 6h 5s]
Seat 2: P.K.Kolev-BG (button) (small blind) collected (60)
Seat 3: Mahu2021 (big blind) folded on the Flop



PokerStars Hand #249594524210: Tournament #3732946558, $1.84+$0.16 USD Hold'em No Limit - Level II (15/30) - 2024/03/24 14:12:30 CET [2024/03/24 9:12:30 ET]
Table '3732946558 1' 3-max Seat #3 is the button
Seat 2: P.K.Kolev-BG (795 in chips) 
Seat 3: Mahu2021 (705 in chips) 
Mahu2021: posts small blind 15
P.K.Kolev-BG: posts big blind 30
*** HOLE CARDS ***
Dealt to Mahu2021 [Qs 4h]
Mahu2021: calls 15
P.K.Kolev-BG: checks 
*** FLOP *** [5h 4s Td]
P.K.Kolev-BG: checks 
Mahu2021: bets 30
P.K.Kolev-BG: calls 30
*** TURN *** [5h 4s Td] [Jh]
P.K.Kolev-BG: checks 
Mahu2021: bets 30
P.K.Kolev-BG: calls 30
*** RIVER *** [5h 4s Td Jh] [3s]
P.K.Kolev-BG: checks 
Mahu2021: checks 
*** SHOW DOWN ***
P.K.Kolev-BG: shows [Ts 9h] (a pair of Tens)
Mahu2021: mucks hand 
P.K.Kolev-BG collected 180 from pot
*** SUMMARY ***
Total pot 180 | Rake 0 
Board [5h 4s Td Jh 3s]
Seat 2: P.K.Kolev-BG (big blind) showed [Ts 9h] and won (180) with a pair of Tens
Seat 3: Mahu2021 (button) (small blind) mucked [Qs 4h]



PokerStars Hand #249594527396: Tournament #3732946558, $1.84+$0.16 USD Hold'em No Limit - Level II (15/30) - 2024/03/24 14:12:46 CET [2024/03/24 9:12:46 ET]
Table '3732946558 1' 3-max Seat #2 is the button
Seat 2: P.K.Kolev-BG (885 in chips) 
Seat 3: Mahu2021 (615 in chips) 
P.K.Kolev-BG: posts small blind 15
Mahu2021: posts big blind 30
*** HOLE CARDS ***
Dealt to Mahu2021 [6s 3h]
P.K.Kolev-BG: raises 30 to 60
Mahu2021: folds 
Uncalled bet (30) returned to P.K.Kolev-BG
P.K.Kolev-BG collected 60 from pot
*** SUMMARY ***
Total pot 60 | Rake 0 
Seat 2: P.K.Kolev-BG (button) (small blind) collected (60)
Seat 3: Mahu2021 (big blind) folded before Flop



PokerStars Hand #249594528328: Tournament #3732946558, $1.84+$0.16 USD Hold'em No Limit - Level II (15/30) - 2024/03/24 14:12:50 CET [2024/03/24 9:12:50 ET]
Table '3732946558 1' 3-max Seat #3 is the button
Seat 2: P.K.Kolev-BG (915 in chips) 
Seat 3: Mahu2021 (585 in chips) 
Mahu2021: posts small blind 15
P.K.Kolev-BG: posts big blind 30
*** HOLE CARDS ***
Dealt to Mahu2021 [4d Jh]
Mahu2021: calls 15
P.K.Kolev-BG: checks 
*** FLOP *** [2h 7s 3h]
P.K.Kolev-BG: checks 
Mahu2021: checks 
*** TURN *** [2h 7s 3h] [8s]
P.K.Kolev-BG: checks 
Mahu2021: bets 30
P.K.Kolev-BG: calls 30
*** RIVER *** [2h 7s 3h 8s] [Js]
P.K.Kolev-BG: checks 
Mahu2021: bets 120
P.K.Kolev-BG: folds 
Uncalled bet (120) returned to Mahu2021
Mahu2021 collected 120 from pot
Mahu2021: doesn't show hand 
*** SUMMARY ***
Total pot 120 | Rake 0 
Board [2h 7s 3h 8s Js]
Seat 2: P.K.Kolev-BG (big blind) folded on the River
Seat 3: Mahu2021 (button) (small blind) collected (120)



PokerStars Hand #249594532043: Tournament #3732946558, $1.84+$0.16 USD Hold'em No Limit - Level III (20/40) - 2024/03/24 14:13:09 CET [2024/03/24 9:13:09 ET]
Table '3732946558 1' 3-max Seat #2 is the button
Seat 2: P.K.Kolev-BG (855 in chips) 
Seat 3: Mahu2021 (645 in chips) 
P.K.Kolev-BG: posts small blind 20
Mahu2021: posts big blind 40
*** HOLE CARDS ***
Dealt to Mahu2021 [Ks 6h]
P.K.Kolev-BG: raises 40 to 80
Mahu2021: calls 40
*** FLOP *** [2h 9s 4d]
Mahu2021: checks 
P.K.Kolev-BG: checks 
*** TURN *** [2h 9s 4d] [3s]
Mahu2021: checks 
P.K.Kolev-BG: checks 
*** RIVER *** [2h 9s 4d 3s] [3h]
Mahu2021: checks 
P.K.Kolev-BG: checks 
*** SHOW DOWN ***
Mahu2021: shows [Ks 6h] (a pair of Threes)
P.K.Kolev-BG: mucks hand 
Mahu2021 collected 160 from pot
*** SUMMARY ***
Total pot 160 | Rake 0 
Board [2h 9s 4d 3s 3h]
Seat 2: P.K.Kolev-BG (button) (small blind) mucked [Qs 8h]
Seat 3: Mahu2021 (big blind) showed [Ks 6h] and won (160) with a pair of Threes



PokerStars Hand #249594534553: Tournament #3732946558, $1.84+$0.16 USD Hold'em No Limit - Level III (20/40) - 2024/03/24 14:13:21 CET [2024/03/24 9:13:21 ET]
Table '3732946558 1' 3-max Seat #3 is the button
Seat 2: P.K.Kolev-BG (775 in chips) 
Seat 3: Mahu2021 (725 in chips) 
Mahu2021: posts small blind 20
P.K.Kolev-BG: posts big blind 40
*** HOLE CARDS ***
Dealt to Mahu2021 [Jh 9s]
Mahu2021: raises 40 to 80
P.K.Kolev-BG: folds 
Uncalled bet (40) returned to Mahu2021
Mahu2021 collected 80 from pot
Mahu2021: doesn't show hand 
*** SUMMARY ***
Total pot 80 | Rake 0 
Seat 2: P.K.Kolev-BG (big blind) folded before Flop
Seat 3: Mahu2021 (button) (small blind) collected (80)



PokerStars Hand #249594535563: Tournament #3732946558, $1.84+$0.16 USD Hold'em No Limit - Level III (20/40) - 2024/03/24 14:13:26 CET [2024/03/24 9:13:26 ET]
Table '3732946558 1' 3-max Seat #2 is the button
Seat 2: P.K.Kolev-BG (735 in chips) 
Seat 3: Mahu2021 (765 in chips) 
P.K.Kolev-BG: posts small blind 20
Mahu2021: posts big blind 40
*** HOLE CARDS ***
Dealt to Mahu2021 [4d Th]
P.K.Kolev-BG: calls 20
Mahu2021: checks 
*** FLOP *** [8h 5h 3h]
Mahu2021: checks 
P.K.Kolev-BG: bets 40
Mahu2021: calls 40
*** TURN *** [8h 5h 3h] [3c]
Mahu2021: checks 
P.K.Kolev-BG: checks 
*** RIVER *** [8h 5h 3h 3c] [6d]
Mahu2021: checks 
P.K.Kolev-BG: checks 
*** SHOW DOWN ***
Mahu2021: shows [4d Th] (a pair of Threes)
P.K.Kolev-BG: shows [5s Tc] (two pair, Fives and Threes)
P.K.Kolev-BG collected 160 from pot
*** SUMMARY ***
Total pot 160 | Rake 0 
Board [8h 5h 3h 3c 6d]
Seat 2: P.K.Kolev-BG (button) (small blind) showed [5s Tc] and won (160) with two pair, Fives and Threes
Seat 3: Mahu2021 (big blind) showed [4d Th] and lost with a pair of Threes



PokerStars Hand #249594538065: Tournament #3732946558, $1.84+$0.16 USD Hold'em No Limit - Level III (20/40) - 2024/03/24 14:13:38 CET [2024/03/24 9:13:38 ET]
Table '3732946558 1' 3-max Seat #3 is the button
Seat 2: P.K.Kolev-BG (815 in chips) 
Seat 3: Mahu2021 (685 in chips) 
Mahu2021: posts small blind 20
P.K.Kolev-BG: posts big blind 40
*** HOLE CARDS ***
Dealt to Mahu2021 [3c 5h]
Mahu2021: folds 
Uncalled bet (20) returned to P.K.Kolev-BG
P.K.Kolev-BG collected 40 from pot
*** SUMMARY ***
Total pot 40 | Rake 0 
Seat 2: P.K.Kolev-BG (big blind) collected (40)
Seat 3: Mahu2021 (button) (small blind) folded before Flop



PokerStars Hand #249594538927: Tournament #3732946558, $1.84+$0.16 USD Hold'em No Limit - Level III (20/40) - 2024/03/24 14:13:43 CET [2024/03/24 9:13:43 ET]
Table '3732946558 1' 3-max Seat #2 is the button
Seat 2: P.K.Kolev-BG (835 in chips) 
Seat 3: Mahu2021 (665 in chips) 
P.K.Kolev-BG: posts small blind 20
Mahu2021: posts big blind 40
*** HOLE CARDS ***
Dealt to Mahu2021 [5d Kc]
P.K.Kolev-BG: raises 40 to 80
Mahu2021: calls 40
*** FLOP *** [As Qh 9d]
Mahu2021: checks 
P.K.Kolev-BG: bets 80
Mahu2021: folds 
Uncalled bet (80) returned to P.K.Kolev-BG
P.K.Kolev-BG collected 160 from pot
*** SUMMARY ***
Total pot 160 | Rake 0 
Board [As Qh 9d]
Seat 2: P.K.Kolev-BG (button) (small blind) collected (160)
Seat 3: Mahu2021 (big blind) folded on the Flop



PokerStars Hand #249594540837: Tournament #3732946558, $1.84+$0.16 USD Hold'em No Limit - Level III (20/40) - 2024/03/24 14:13:52 CET [2024/03/24 9:13:52 ET]
Table '3732946558 1' 3-max Seat #3 is the button
Seat 2: P.K.Kolev-BG (915 in chips) 
Seat 3: Mahu2021 (585 in chips) 
Mahu2021: posts small blind 20
P.K.Kolev-BG: posts big blind 40
*** HOLE CARDS ***
Dealt to Mahu2021 [4h Jc]
Mahu2021: calls 20
P.K.Kolev-BG: checks 
*** FLOP *** [Ks 8h Ac]
P.K.Kolev-BG: checks 
Mahu2021: bets 40
P.K.Kolev-BG: folds 
Uncalled bet (40) returned to Mahu2021
Mahu2021 collected 80 from pot
Mahu2021: doesn't show hand 
*** SUMMARY ***
Total pot 80 | Rake 0 
Board [Ks 8h Ac]
Seat 2: P.K.Kolev-BG (big blind) folded on the Flop
Seat 3: Mahu2021 (button) (small blind) collected (80)



PokerStars Hand #249594542821: Tournament #3732946558, $1.84+$0.16 USD Hold'em No Limit - Level III (20/40) - 2024/03/24 14:14:01 CET [2024/03/24 9:14:01 ET]
Table '3732946558 1' 3-max Seat #2 is the button
Seat 2: P.K.Kolev-BG (875 in chips) 
Seat 3: Mahu2021 (625 in chips) 
P.K.Kolev-BG: posts small blind 20
Mahu2021: posts big blind 40
*** HOLE CARDS ***
Dealt to Mahu2021 [Qc 2h]
P.K.Kolev-BG: calls 20
Mahu2021: checks 
*** FLOP *** [Js Kc 7h]
Mahu2021: checks 
P.K.Kolev-BG: bets 40
Mahu2021: folds 
Uncalled bet (40) returned to P.K.Kolev-BG
P.K.Kolev-BG collected 80 from pot
*** SUMMARY ***
Total pot 80 | Rake 0 
Board [Js Kc 7h]
Seat 2: P.K.Kolev-BG (button) (small blind) collected (80)
Seat 3: Mahu2021 (big blind) folded on the Flop



PokerStars Hand #249594544652: Tournament #3732946558, $1.84+$0.16 USD Hold'em No Limit - Level III (20/40) - 2024/03/24 14:14:10 CET [2024/03/24 9:14:10 ET]
Table '3732946558 1' 3-max Seat #3 is the button
Seat 2: P.K.Kolev-BG (915 in chips) 
Seat 3: Mahu2021 (585 in chips) 
Mahu2021: posts small blind 20
P.K.Kolev-BG: posts big blind 40
*** HOLE CARDS ***
Dealt to Mahu2021 [6h 5s]
Mahu2021: calls 20
P.K.Kolev-BG: checks 
*** FLOP *** [Jh 2h 3h]
P.K.Kolev-BG: checks 
Mahu2021: bets 40
P.K.Kolev-BG: calls 40
*** TURN *** [Jh 2h 3h] [8s]
P.K.Kolev-BG: checks 
Mahu2021: bets 160
P.K.Kolev-BG: calls 160
*** RIVER *** [Jh 2h 3h 8s] [8d]
P.K.Kolev-BG: checks 
Mahu2021: checks 
*** SHOW DOWN ***
P.K.Kolev-BG: shows [5h 8c] (three of a kind, Eights)
Mahu2021: mucks hand 
P.K.Kolev-BG collected 480 from pot
*** SUMMARY ***
Total pot 480 | Rake 0 
Board [Jh 2h 3h 8s 8d]
Seat 2: P.K.Kolev-BG (big blind) showed [5h 8c] and won (480) with three of a kind, Eights
Seat 3: Mahu2021 (button) (small blind) mucked [6h 5s]



PokerStars Hand #249594548258: Tournament #3732946558, $1.84+$0.16 USD Hold'em No Limit - Level III (20/40) - 2024/03/24 14:14:28 CET [2024/03/24 9:14:28 ET]
Table '3732946558 1' 3-max Seat #2 is the button
Seat 2: P.K.Kolev-BG (1155 in chips) 
Seat 3: Mahu2021 (345 in chips) 
P.K.Kolev-BG: posts small blind 20
Mahu2021: posts big blind 40
*** HOLE CARDS ***
Dealt to Mahu2021 [As 2s]
P.K.Kolev-BG: calls 20
Mahu2021: raises 305 to 345 and is all-in
P.K.Kolev-BG: folds 
Uncalled bet (305) returned to Mahu2021
Mahu2021 collected 80 from pot
Mahu2021: doesn't show hand 
*** SUMMARY ***
Total pot 80 | Rake 0 
Seat 2: P.K.Kolev-BG (button) (small blind) folded before Flop
Seat 3: Mahu2021 (big blind) collected (80)



PokerStars Hand #249594549699: Tournament #3732946558, $1.84+$0.16 USD Hold'em No Limit - Level III (20/40) - 2024/03/24 14:14:35 CET [2024/03/24 9:14:35 ET]
Table '3732946558 1' 3-max Seat #3 is the button
Seat 2: P.K.Kolev-BG (1115 in chips) 
Seat 3: Mahu2021 (385 in chips) 
Mahu2021: posts small blind 20
P.K.Kolev-BG: posts big blind 40
*** HOLE CARDS ***
Dealt to Mahu2021 [As 3s]
Mahu2021: raises 345 to 385 and is all-in
P.K.Kolev-BG: calls 345
*** FLOP *** [9c Th Kd]
*** TURN *** [9c Th Kd] [Qh]
*** RIVER *** [9c Th Kd Qh] [4c]
*** SHOW DOWN ***
P.K.Kolev-BG: shows [Qc Ad] (a pair of Queens)
Mahu2021: shows [As 3s] (high card Ace)
P.K.Kolev-BG collected 770 from pot
Mahu2021 finished the tournament in 2nd place
P.K.Kolev-BG wins the tournament and receives $4.00 - congratulations!
*** SUMMARY ***
Total pot 770 | Rake 0 
Board [9c Th Kd Qh 4c]
Seat 2: P.K.Kolev-BG (big blind) showed [Qc Ad] and won (770) with a pair of Queens
Seat 3: Mahu2021 (button) (small blind) showed [As 3s] and lost with high card Ace



