PokerStars Hand #246879496492: Tournament #3667177964, $1.84+$0.16 USD Hold'em No Limit - Level I (10/20) - 2023/11/02 9:49:16 CET [2023/11/02 4:49:16 ET]
Table '3667177964 1' 3-max Seat #1 is the button
Seat 1: Mahu2021 (500 in chips) 
Seat 2: iamhappylotus (500 in chips) 
Seat 3: tatybp (500 in chips) 
iamhappylotus: posts small blind 10
tatybp: posts big blind 20
*** HOLE CARDS ***
Dealt to Mahu2021 [9h 4h]
Mahu2021: folds 
iamhappylotus: folds 
Uncalled bet (10) returned to tatybp
tatybp collected 20 from pot
tatybp: doesn't show hand 
*** SUMMARY ***
Total pot 20 | Rake 0 
Seat 1: Mahu2021 (button) folded before Flop (didn't bet)
Seat 2: iamhappylotus (small blind) folded before Flop
Seat 3: tatybp (big blind) collected (20)



PokerStars Hand #246879496948: Tournament #3667177964, $1.84+$0.16 USD Hold'em No Limit - Level I (10/20) - 2023/11/02 9:49:21 CET [2023/11/02 4:49:21 ET]
Table '3667177964 1' 3-max Seat #2 is the button
Seat 1: Mahu2021 (500 in chips) 
Seat 2: iamhappylotus (490 in chips) 
Seat 3: tatybp (510 in chips) 
tatybp: posts small blind 10
Mahu2021: posts big blind 20
*** HOLE CARDS ***
Dealt to Mahu2021 [Td 2h]
iamhappylotus: folds 
tatybp: folds 
Uncalled bet (10) returned to Mahu2021
Mahu2021 collected 20 from pot
Mahu2021: doesn't show hand 
*** SUMMARY ***
Total pot 20 | Rake 0 
Seat 1: Mahu2021 (big blind) collected (20)
Seat 2: iamhappylotus (button) folded before Flop (didn't bet)
Seat 3: tatybp (small blind) folded before Flop



PokerStars Hand #246879497542: Tournament #3667177964, $1.84+$0.16 USD Hold'em No Limit - Level I (10/20) - 2023/11/02 9:49:26 CET [2023/11/02 4:49:26 ET]
Table '3667177964 1' 3-max Seat #3 is the button
Seat 1: Mahu2021 (510 in chips) 
Seat 2: iamhappylotus (490 in chips) 
Seat 3: tatybp (500 in chips) 
Mahu2021: posts small blind 10
iamhappylotus: posts big blind 20
*** HOLE CARDS ***
Dealt to Mahu2021 [Kc 6c]
tatybp: calls 20
Mahu2021: calls 10
iamhappylotus: checks 
*** FLOP *** [Jc 9c 3c]
Mahu2021: checks 
iamhappylotus: checks 
tatybp: checks 
*** TURN *** [Jc 9c 3c] [9d]
Mahu2021: bets 20
iamhappylotus: raises 40 to 60
tatybp: folds 
Mahu2021: raises 430 to 490 and is all-in
iamhappylotus: calls 410 and is all-in
Uncalled bet (20) returned to Mahu2021
*** RIVER *** [Jc 9c 3c 9d] [Qd]
*** SHOW DOWN ***
Mahu2021: shows [Kc 6c] (a flush, King high)
iamhappylotus: shows [9h 5c] (three of a kind, Nines)
Mahu2021 collected 1000 from pot
iamhappylotus finished the tournament in 3rd place
*** SUMMARY ***
Total pot 1000 | Rake 0 
Board [Jc 9c 3c 9d Qd]
Seat 1: Mahu2021 (small blind) showed [Kc 6c] and won (1000) with a flush, King high
Seat 2: iamhappylotus (big blind) showed [9h 5c] and lost with three of a kind, Nines
Seat 3: tatybp (button) folded on the Turn



PokerStars Hand #246879501752: Tournament #3667177964, $1.84+$0.16 USD Hold'em No Limit - Level I (10/20) - 2023/11/02 9:50:06 CET [2023/11/02 4:50:06 ET]
Table '3667177964 1' 3-max Seat #1 is the button
Seat 1: Mahu2021 (1020 in chips) 
Seat 3: tatybp (480 in chips) 
Mahu2021: posts small blind 10
tatybp: posts big blind 20
*** HOLE CARDS ***
Dealt to Mahu2021 [3c 7h]
Mahu2021: folds 
Uncalled bet (10) returned to tatybp
tatybp collected 20 from pot
tatybp: doesn't show hand 
*** SUMMARY ***
Total pot 20 | Rake 0 
Seat 1: Mahu2021 (button) (small blind) folded before Flop
Seat 3: tatybp (big blind) collected (20)



PokerStars Hand #246879502185: Tournament #3667177964, $1.84+$0.16 USD Hold'em No Limit - Level I (10/20) - 2023/11/02 9:50:10 CET [2023/11/02 4:50:10 ET]
Table '3667177964 1' 3-max Seat #3 is the button
Seat 1: Mahu2021 (1010 in chips) 
Seat 3: tatybp (490 in chips) 
tatybp: posts small blind 10
Mahu2021: posts big blind 20
*** HOLE CARDS ***
Dealt to Mahu2021 [Ts 7h]
tatybp: raises 20 to 40
Mahu2021: folds 
Uncalled bet (20) returned to tatybp
tatybp collected 40 from pot
tatybp: doesn't show hand 
*** SUMMARY ***
Total pot 40 | Rake 0 
Seat 1: Mahu2021 (big blind) folded before Flop
Seat 3: tatybp (button) (small blind) collected (40)



PokerStars Hand #246879502869: Tournament #3667177964, $1.84+$0.16 USD Hold'em No Limit - Level I (10/20) - 2023/11/02 9:50:16 CET [2023/11/02 4:50:16 ET]
Table '3667177964 1' 3-max Seat #1 is the button
Seat 1: Mahu2021 (990 in chips) 
Seat 3: tatybp (510 in chips) 
Mahu2021: posts small blind 10
tatybp: posts big blind 20
*** HOLE CARDS ***
Dealt to Mahu2021 [9d 7c]
Mahu2021: folds 
Uncalled bet (10) returned to tatybp
tatybp collected 20 from pot
tatybp: doesn't show hand 
*** SUMMARY ***
Total pot 20 | Rake 0 
Seat 1: Mahu2021 (button) (small blind) folded before Flop
Seat 3: tatybp (big blind) collected (20)



PokerStars Hand #246879503282: Tournament #3667177964, $1.84+$0.16 USD Hold'em No Limit - Level I (10/20) - 2023/11/02 9:50:20 CET [2023/11/02 4:50:20 ET]
Table '3667177964 1' 3-max Seat #3 is the button
Seat 1: Mahu2021 (980 in chips) 
Seat 3: tatybp (520 in chips) 
tatybp: posts small blind 10
Mahu2021: posts big blind 20
*** HOLE CARDS ***
Dealt to Mahu2021 [Ts 9c]
tatybp: raises 20 to 40
Mahu2021: calls 20
*** FLOP *** [3c 2c Td]
Mahu2021: checks 
tatybp: checks 
*** TURN *** [3c 2c Td] [As]
Mahu2021: checks 
tatybp: checks 
*** RIVER *** [3c 2c Td As] [Qs]
Mahu2021: checks 
tatybp: checks 
*** SHOW DOWN ***
Mahu2021: shows [Ts 9c] (a pair of Tens)
tatybp: mucks hand 
Mahu2021 collected 80 from pot
*** SUMMARY ***
Total pot 80 | Rake 0 
Board [3c 2c Td As Qs]
Seat 1: Mahu2021 (big blind) showed [Ts 9c] and won (80) with a pair of Tens
Seat 3: tatybp (button) (small blind) mucked [6s 9h]



PokerStars Hand #246879505275: Tournament #3667177964, $1.84+$0.16 USD Hold'em No Limit - Level I (10/20) - 2023/11/02 9:50:39 CET [2023/11/02 4:50:39 ET]
Table '3667177964 1' 3-max Seat #1 is the button
Seat 1: Mahu2021 (1020 in chips) 
Seat 3: tatybp (480 in chips) 
Mahu2021: posts small blind 10
tatybp: posts big blind 20
*** HOLE CARDS ***
Dealt to Mahu2021 [2d 2c]
Mahu2021: raises 20 to 40
tatybp: raises 20 to 60
Mahu2021: calls 20
*** FLOP *** [Th 6c 8s]
tatybp: checks 
Mahu2021: bets 960 and is all-in
tatybp: folds 
Uncalled bet (960) returned to Mahu2021
Mahu2021 collected 120 from pot
Mahu2021: doesn't show hand 
*** SUMMARY ***
Total pot 120 | Rake 0 
Board [Th 6c 8s]
Seat 1: Mahu2021 (button) (small blind) collected (120)
Seat 3: tatybp (big blind) folded on the Flop



PokerStars Hand #246879507511: Tournament #3667177964, $1.84+$0.16 USD Hold'em No Limit - Level I (10/20) - 2023/11/02 9:50:59 CET [2023/11/02 4:50:59 ET]
Table '3667177964 1' 3-max Seat #3 is the button
Seat 1: Mahu2021 (1080 in chips) 
Seat 3: tatybp (420 in chips) 
tatybp: posts small blind 10
Mahu2021: posts big blind 20
*** HOLE CARDS ***
Dealt to Mahu2021 [5h As]
tatybp: raises 20 to 40
Mahu2021: calls 20
*** FLOP *** [6c 3c 3h]
Mahu2021: checks 
tatybp: checks 
*** TURN *** [6c 3c 3h] [5s]
Mahu2021: checks 
tatybp: bets 20
Mahu2021: calls 20
*** RIVER *** [6c 3c 3h 5s] [5c]
Mahu2021: bets 120
tatybp: folds 
Uncalled bet (120) returned to Mahu2021
Mahu2021 collected 120 from pot
Mahu2021: doesn't show hand 
*** SUMMARY ***
Total pot 120 | Rake 0 
Board [6c 3c 3h 5s 5c]
Seat 1: Mahu2021 (big blind) collected (120)
Seat 3: tatybp (button) (small blind) folded on the River



PokerStars Hand #246879509972: Tournament #3667177964, $1.84+$0.16 USD Hold'em No Limit - Level II (15/30) - 2023/11/02 9:51:22 CET [2023/11/02 4:51:22 ET]
Table '3667177964 1' 3-max Seat #1 is the button
Seat 1: Mahu2021 (1140 in chips) 
Seat 3: tatybp (360 in chips) 
Mahu2021: posts small blind 15
tatybp: posts big blind 30
*** HOLE CARDS ***
Dealt to Mahu2021 [Ah Td]
Mahu2021: raises 60 to 90
tatybp: calls 60
*** FLOP *** [6c 2h 5c]
tatybp: checks 
Mahu2021: checks 
*** TURN *** [6c 2h 5c] [Js]
tatybp: bets 90
Mahu2021: calls 90
*** RIVER *** [6c 2h 5c Js] [2d]
tatybp: bets 180 and is all-in
Mahu2021: folds 
Uncalled bet (180) returned to tatybp
tatybp collected 360 from pot
tatybp: doesn't show hand 
*** SUMMARY ***
Total pot 360 | Rake 0 
Board [6c 2h 5c Js 2d]
Seat 1: Mahu2021 (button) (small blind) folded on the River
Seat 3: tatybp (big blind) collected (360)



PokerStars Hand #246879513004: Tournament #3667177964, $1.84+$0.16 USD Hold'em No Limit - Level II (15/30) - 2023/11/02 9:51:49 CET [2023/11/02 4:51:49 ET]
Table '3667177964 1' 3-max Seat #3 is the button
Seat 1: Mahu2021 (960 in chips) 
Seat 3: tatybp (540 in chips) 
tatybp: posts small blind 15
Mahu2021: posts big blind 30
*** HOLE CARDS ***
Dealt to Mahu2021 [Qc 9c]
tatybp: raises 30 to 60
Mahu2021: calls 30
*** FLOP *** [4c Jh 6d]
Mahu2021: checks 
tatybp: checks 
*** TURN *** [4c Jh 6d] [Ac]
Mahu2021: bets 60
tatybp: raises 72 to 132
Mahu2021: calls 72
*** RIVER *** [4c Jh 6d Ac] [9s]
Mahu2021: checks 
tatybp: bets 192
Mahu2021: calls 192
*** SHOW DOWN ***
tatybp: shows [4d Ah] (two pair, Aces and Fours)
Mahu2021: mucks hand 
tatybp collected 768 from pot
*** SUMMARY ***
Total pot 768 | Rake 0 
Board [4c Jh 6d Ac 9s]
Seat 1: Mahu2021 (big blind) mucked [Qc 9c]
Seat 3: tatybp (button) (small blind) showed [4d Ah] and won (768) with two pair, Aces and Fours



PokerStars Hand #246879516517: Tournament #3667177964, $1.84+$0.16 USD Hold'em No Limit - Level II (15/30) - 2023/11/02 9:52:21 CET [2023/11/02 4:52:21 ET]
Table '3667177964 1' 3-max Seat #1 is the button
Seat 1: Mahu2021 (576 in chips) 
Seat 3: tatybp (924 in chips) 
Mahu2021: posts small blind 15
tatybp: posts big blind 30
*** HOLE CARDS ***
Dealt to Mahu2021 [Tc 4d]
Mahu2021: folds 
Uncalled bet (15) returned to tatybp
tatybp collected 30 from pot
tatybp: doesn't show hand 
*** SUMMARY ***
Total pot 30 | Rake 0 
Seat 1: Mahu2021 (button) (small blind) folded before Flop
Seat 3: tatybp (big blind) collected (30)



PokerStars Hand #246879516962: Tournament #3667177964, $1.84+$0.16 USD Hold'em No Limit - Level II (15/30) - 2023/11/02 9:52:25 CET [2023/11/02 4:52:25 ET]
Table '3667177964 1' 3-max Seat #3 is the button
Seat 1: Mahu2021 (561 in chips) 
Seat 3: tatybp (939 in chips) 
tatybp: posts small blind 15
Mahu2021: posts big blind 30
*** HOLE CARDS ***
Dealt to Mahu2021 [4s 8c]
tatybp: raises 30 to 60
Mahu2021: folds 
Uncalled bet (30) returned to tatybp
tatybp collected 60 from pot
tatybp: doesn't show hand 
*** SUMMARY ***
Total pot 60 | Rake 0 
Seat 1: Mahu2021 (big blind) folded before Flop
Seat 3: tatybp (button) (small blind) collected (60)



PokerStars Hand #246879517509: Tournament #3667177964, $1.84+$0.16 USD Hold'em No Limit - Level II (15/30) - 2023/11/02 9:52:30 CET [2023/11/02 4:52:30 ET]
Table '3667177964 1' 3-max Seat #1 is the button
Seat 1: Mahu2021 (531 in chips) 
Seat 3: tatybp (969 in chips) 
Mahu2021: posts small blind 15
tatybp: posts big blind 30
*** HOLE CARDS ***
Dealt to Mahu2021 [5s 9h]
Mahu2021: folds 
Uncalled bet (15) returned to tatybp
tatybp collected 30 from pot
tatybp: doesn't show hand 
*** SUMMARY ***
Total pot 30 | Rake 0 
Seat 1: Mahu2021 (button) (small blind) folded before Flop
Seat 3: tatybp (big blind) collected (30)



PokerStars Hand #246879518005: Tournament #3667177964, $1.84+$0.16 USD Hold'em No Limit - Level II (15/30) - 2023/11/02 9:52:35 CET [2023/11/02 4:52:35 ET]
Table '3667177964 1' 3-max Seat #3 is the button
Seat 1: Mahu2021 (516 in chips) 
Seat 3: tatybp (984 in chips) 
tatybp: posts small blind 15
Mahu2021: posts big blind 30
*** HOLE CARDS ***
Dealt to Mahu2021 [2h 7s]
tatybp: raises 60 to 90
Mahu2021: folds 
Uncalled bet (60) returned to tatybp
tatybp collected 60 from pot
tatybp: doesn't show hand 
*** SUMMARY ***
Total pot 60 | Rake 0 
Seat 1: Mahu2021 (big blind) folded before Flop
Seat 3: tatybp (button) (small blind) collected (60)



PokerStars Hand #246879518700: Tournament #3667177964, $1.84+$0.16 USD Hold'em No Limit - Level II (15/30) - 2023/11/02 9:52:41 CET [2023/11/02 4:52:41 ET]
Table '3667177964 1' 3-max Seat #1 is the button
Seat 1: Mahu2021 (486 in chips) 
Seat 3: tatybp (1014 in chips) 
Mahu2021: posts small blind 15
tatybp: posts big blind 30
*** HOLE CARDS ***
Dealt to Mahu2021 [3h Ad]
Mahu2021: raises 456 to 486 and is all-in
tatybp: calls 456
*** FLOP *** [7s 2h Jd]
*** TURN *** [7s 2h Jd] [4c]
*** RIVER *** [7s 2h Jd 4c] [5s]
*** SHOW DOWN ***
tatybp: shows [Ah Kc] (high card Ace)
Mahu2021: shows [3h Ad] (a straight, Ace to Five)
Mahu2021 collected 972 from pot
*** SUMMARY ***
Total pot 972 | Rake 0 
Board [7s 2h Jd 4c 5s]
Seat 1: Mahu2021 (button) (small blind) showed [3h Ad] and won (972) with a straight, Ace to Five
Seat 3: tatybp (big blind) showed [Ah Kc] and lost with high card Ace



PokerStars Hand #246879520058: Tournament #3667177964, $1.84+$0.16 USD Hold'em No Limit - Level II (15/30) - 2023/11/02 9:52:53 CET [2023/11/02 4:52:53 ET]
Table '3667177964 1' 3-max Seat #3 is the button
Seat 1: Mahu2021 (972 in chips) 
Seat 3: tatybp (528 in chips) 
tatybp: posts small blind 15
Mahu2021: posts big blind 30
*** HOLE CARDS ***
Dealt to Mahu2021 [3d 9s]
tatybp: raises 30 to 60
Mahu2021: folds 
Uncalled bet (30) returned to tatybp
tatybp collected 60 from pot
tatybp: doesn't show hand 
*** SUMMARY ***
Total pot 60 | Rake 0 
Seat 1: Mahu2021 (big blind) folded before Flop
Seat 3: tatybp (button) (small blind) collected (60)



PokerStars Hand #246879520579: Tournament #3667177964, $1.84+$0.16 USD Hold'em No Limit - Level II (15/30) - 2023/11/02 9:52:58 CET [2023/11/02 4:52:58 ET]
Table '3667177964 1' 3-max Seat #1 is the button
Seat 1: Mahu2021 (942 in chips) 
Seat 3: tatybp (558 in chips) 
Mahu2021: posts small blind 15
tatybp: posts big blind 30
*** HOLE CARDS ***
Dealt to Mahu2021 [2s Ts]
Mahu2021: folds 
Uncalled bet (15) returned to tatybp
tatybp collected 30 from pot
tatybp: doesn't show hand 
*** SUMMARY ***
Total pot 30 | Rake 0 
Seat 1: Mahu2021 (button) (small blind) folded before Flop
Seat 3: tatybp (big blind) collected (30)



PokerStars Hand #246879521050: Tournament #3667177964, $1.84+$0.16 USD Hold'em No Limit - Level II (15/30) - 2023/11/02 9:53:02 CET [2023/11/02 4:53:02 ET]
Table '3667177964 1' 3-max Seat #3 is the button
Seat 1: Mahu2021 (927 in chips) 
Seat 3: tatybp (573 in chips) 
tatybp: posts small blind 15
Mahu2021: posts big blind 30
*** HOLE CARDS ***
Dealt to Mahu2021 [Td 5c]
tatybp: raises 30 to 60
Mahu2021: folds 
Uncalled bet (30) returned to tatybp
tatybp collected 60 from pot
tatybp: doesn't show hand 
*** SUMMARY ***
Total pot 60 | Rake 0 
Seat 1: Mahu2021 (big blind) folded before Flop
Seat 3: tatybp (button) (small blind) collected (60)



PokerStars Hand #246879521647: Tournament #3667177964, $1.84+$0.16 USD Hold'em No Limit - Level II (15/30) - 2023/11/02 9:53:07 CET [2023/11/02 4:53:07 ET]
Table '3667177964 1' 3-max Seat #1 is the button
Seat 1: Mahu2021 (897 in chips) 
Seat 3: tatybp (603 in chips) 
Mahu2021: posts small blind 15
tatybp: posts big blind 30
*** HOLE CARDS ***
Dealt to Mahu2021 [Ac Jc]
Mahu2021: calls 15
tatybp: checks 
*** FLOP *** [6d Tc 4h]
tatybp: checks 
Mahu2021: bets 30
tatybp: raises 36 to 66
Mahu2021: calls 36
*** TURN *** [6d Tc 4h] [Th]
tatybp: bets 58
Mahu2021: calls 58
*** RIVER *** [6d Tc 4h Th] [Qs]
tatybp: bets 154
Mahu2021: raises 589 to 743 and is all-in
tatybp: calls 295 and is all-in
Uncalled bet (294) returned to Mahu2021
*** SHOW DOWN ***
Mahu2021: shows [Ac Jc] (a pair of Tens)
tatybp: shows [Td Kd] (three of a kind, Tens)
tatybp collected 1206 from pot
*** SUMMARY ***
Total pot 1206 | Rake 0 
Board [6d Tc 4h Th Qs]
Seat 1: Mahu2021 (button) (small blind) showed [Ac Jc] and lost with a pair of Tens
Seat 3: tatybp (big blind) showed [Td Kd] and won (1206) with three of a kind, Tens



PokerStars Hand #246879524761: Tournament #3667177964, $1.84+$0.16 USD Hold'em No Limit - Level III (20/40) - 2023/11/02 9:53:35 CET [2023/11/02 4:53:35 ET]
Table '3667177964 1' 3-max Seat #3 is the button
Seat 1: Mahu2021 (294 in chips) 
Seat 3: tatybp (1206 in chips) 
tatybp: posts small blind 20
Mahu2021: posts big blind 40
*** HOLE CARDS ***
Dealt to Mahu2021 [9c 4c]
tatybp: raises 40 to 80
Mahu2021: folds 
Uncalled bet (40) returned to tatybp
tatybp collected 80 from pot
tatybp: doesn't show hand 
*** SUMMARY ***
Total pot 80 | Rake 0 
Seat 1: Mahu2021 (big blind) folded before Flop
Seat 3: tatybp (button) (small blind) collected (80)



PokerStars Hand #246879525265: Tournament #3667177964, $1.84+$0.16 USD Hold'em No Limit - Level III (20/40) - 2023/11/02 9:53:40 CET [2023/11/02 4:53:40 ET]
Table '3667177964 1' 3-max Seat #1 is the button
Seat 1: Mahu2021 (254 in chips) 
Seat 3: tatybp (1246 in chips) 
Mahu2021: posts small blind 20
tatybp: posts big blind 40
*** HOLE CARDS ***
Dealt to Mahu2021 [2h 4c]
Mahu2021: folds 
Uncalled bet (20) returned to tatybp
tatybp collected 40 from pot
tatybp: doesn't show hand 
*** SUMMARY ***
Total pot 40 | Rake 0 
Seat 1: Mahu2021 (button) (small blind) folded before Flop
Seat 3: tatybp (big blind) collected (40)



PokerStars Hand #246879525724: Tournament #3667177964, $1.84+$0.16 USD Hold'em No Limit - Level III (20/40) - 2023/11/02 9:53:44 CET [2023/11/02 4:53:44 ET]
Table '3667177964 1' 3-max Seat #3 is the button
Seat 1: Mahu2021 (234 in chips) 
Seat 3: tatybp (1266 in chips) 
tatybp: posts small blind 20
Mahu2021: posts big blind 40
*** HOLE CARDS ***
Dealt to Mahu2021 [As Ts]
tatybp: folds 
Uncalled bet (20) returned to Mahu2021
Mahu2021 collected 40 from pot
Mahu2021: doesn't show hand 
*** SUMMARY ***
Total pot 40 | Rake 0 
Seat 1: Mahu2021 (big blind) collected (40)
Seat 3: tatybp (button) (small blind) folded before Flop



PokerStars Hand #246879526272: Tournament #3667177964, $1.84+$0.16 USD Hold'em No Limit - Level III (20/40) - 2023/11/02 9:53:48 CET [2023/11/02 4:53:48 ET]
Table '3667177964 1' 3-max Seat #1 is the button
Seat 1: Mahu2021 (254 in chips) 
Seat 3: tatybp (1246 in chips) 
Mahu2021: posts small blind 20
tatybp: posts big blind 40
*** HOLE CARDS ***
Dealt to Mahu2021 [Jc 2d]
Mahu2021: raises 214 to 254 and is all-in
tatybp: folds 
Uncalled bet (214) returned to Mahu2021
Mahu2021 collected 80 from pot
Mahu2021: doesn't show hand 
*** SUMMARY ***
Total pot 80 | Rake 0 
Seat 1: Mahu2021 (button) (small blind) collected (80)
Seat 3: tatybp (big blind) folded before Flop



PokerStars Hand #246879527139: Tournament #3667177964, $1.84+$0.16 USD Hold'em No Limit - Level III (20/40) - 2023/11/02 9:53:56 CET [2023/11/02 4:53:56 ET]
Table '3667177964 1' 3-max Seat #3 is the button
Seat 1: Mahu2021 (294 in chips) 
Seat 3: tatybp (1206 in chips) 
tatybp: posts small blind 20
Mahu2021: posts big blind 40
*** HOLE CARDS ***
Dealt to Mahu2021 [Tc 9s]
tatybp: raises 40 to 80
Mahu2021: calls 40
*** FLOP *** [7d 4s 2h]
Mahu2021: checks 
tatybp: bets 40
Mahu2021: folds 
Uncalled bet (40) returned to tatybp
tatybp collected 160 from pot
tatybp: doesn't show hand 
*** SUMMARY ***
Total pot 160 | Rake 0 
Board [7d 4s 2h]
Seat 1: Mahu2021 (big blind) folded on the Flop
Seat 3: tatybp (button) (small blind) collected (160)



PokerStars Hand #246879528883: Tournament #3667177964, $1.84+$0.16 USD Hold'em No Limit - Level III (20/40) - 2023/11/02 9:54:12 CET [2023/11/02 4:54:12 ET]
Table '3667177964 1' 3-max Seat #1 is the button
Seat 1: Mahu2021 (214 in chips) 
Seat 3: tatybp (1286 in chips) 
Mahu2021: posts small blind 20
tatybp: posts big blind 40
*** HOLE CARDS ***
Dealt to Mahu2021 [Th Ah]
Mahu2021: calls 20
tatybp: checks 
*** FLOP *** [4h 5c As]
tatybp: bets 40
Mahu2021: raises 40 to 80
tatybp: folds 
Uncalled bet (40) returned to Mahu2021
Mahu2021 collected 160 from pot
Mahu2021: doesn't show hand 
*** SUMMARY ***
Total pot 160 | Rake 0 
Board [4h 5c As]
Seat 1: Mahu2021 (button) (small blind) collected (160)
Seat 3: tatybp (big blind) folded on the Flop



PokerStars Hand #246879530878: Tournament #3667177964, $1.84+$0.16 USD Hold'em No Limit - Level III (20/40) - 2023/11/02 9:54:30 CET [2023/11/02 4:54:30 ET]
Table '3667177964 1' 3-max Seat #3 is the button
Seat 1: Mahu2021 (294 in chips) 
Seat 3: tatybp (1206 in chips) 
tatybp: posts small blind 20
Mahu2021: posts big blind 40
*** HOLE CARDS ***
Dealt to Mahu2021 [2s 2c]
tatybp: raises 40 to 80
Mahu2021: raises 214 to 294 and is all-in
tatybp: calls 214
*** FLOP *** [6h 3c 9d]
*** TURN *** [6h 3c 9d] [4c]
*** RIVER *** [6h 3c 9d 4c] [Kc]
*** SHOW DOWN ***
Mahu2021: shows [2s 2c] (a pair of Deuces)
tatybp: shows [Jd 8c] (high card King)
Mahu2021 collected 588 from pot
*** SUMMARY ***
Total pot 588 | Rake 0 
Board [6h 3c 9d 4c Kc]
Seat 1: Mahu2021 (big blind) showed [2s 2c] and won (588) with a pair of Deuces
Seat 3: tatybp (button) (small blind) showed [Jd 8c] and lost with high card King



PokerStars Hand #246879532397: Tournament #3667177964, $1.84+$0.16 USD Hold'em No Limit - Level III (20/40) - 2023/11/02 9:54:43 CET [2023/11/02 4:54:43 ET]
Table '3667177964 1' 3-max Seat #1 is the button
Seat 1: Mahu2021 (588 in chips) 
Seat 3: tatybp (912 in chips) 
Mahu2021: posts small blind 20
tatybp: posts big blind 40
*** HOLE CARDS ***
Dealt to Mahu2021 [3h Th]
Mahu2021: calls 20
tatybp: raises 40 to 80
Mahu2021: calls 40
*** FLOP *** [2h Kc 2c]
tatybp: checks 
Mahu2021: checks 
*** TURN *** [2h Kc 2c] [Td]
tatybp: bets 80
Mahu2021: calls 80
*** RIVER *** [2h Kc 2c Td] [Qc]
tatybp: bets 160
Mahu2021: calls 160
*** SHOW DOWN ***
tatybp: shows [4c Tc] (a flush, King high)
Mahu2021: mucks hand 
tatybp collected 640 from pot
*** SUMMARY ***
Total pot 640 | Rake 0 
Board [2h Kc 2c Td Qc]
Seat 1: Mahu2021 (button) (small blind) mucked [3h Th]
Seat 3: tatybp (big blind) showed [4c Tc] and won (640) with a flush, King high



PokerStars Hand #246879534757: Tournament #3667177964, $1.84+$0.16 USD Hold'em No Limit - Level III (20/40) - 2023/11/02 9:55:04 CET [2023/11/02 4:55:04 ET]
Table '3667177964 1' 3-max Seat #3 is the button
Seat 1: Mahu2021 (268 in chips) 
Seat 3: tatybp (1232 in chips) 
tatybp: posts small blind 20
Mahu2021: posts big blind 40
*** HOLE CARDS ***
Dealt to Mahu2021 [4h Js]
tatybp: raises 80 to 120
Mahu2021: folds 
Uncalled bet (80) returned to tatybp
tatybp collected 80 from pot
tatybp: doesn't show hand 
*** SUMMARY ***
Total pot 80 | Rake 0 
Seat 1: Mahu2021 (big blind) folded before Flop
Seat 3: tatybp (button) (small blind) collected (80)



