PokerStars Hand #246552969592: Tournament #3659433604, $0.92+$0.08 USD Hold'em No Limit - Level I (10/20) - 2023/10/15 21:04:22 CET [2023/10/15 15:04:22 ET]
Table '3659433604 1' 3-max Seat #1 is the button
Seat 1: cocoon2009 (500 in chips) 
Seat 2: Mahu2021 (500 in chips) 
Seat 3: magdaleo84 (500 in chips) 
Mahu2021: posts small blind 10
magdaleo84: posts big blind 20
*** HOLE CARDS ***
Dealt to Mahu2021 [3s 4d]
cocoon2009: folds 
Mahu2021: calls 10
magdaleo84: checks 
*** FLOP *** [Qd 6s 6h]
Mahu2021: checks 
magdaleo84: checks 
*** TURN *** [Qd 6s 6h] [3c]
Mahu2021: bets 20
magdaleo84: folds 
Uncalled bet (20) returned to Mahu2021
Mahu2021 collected 40 from pot
Mahu2021: doesn't show hand 
*** SUMMARY ***
Total pot 40 | Rake 0 
Board [Qd 6s 6h 3c]
Seat 1: cocoon2009 (button) folded before Flop (didn't bet)
Seat 2: Mahu2021 (small blind) collected (40)
Seat 3: magdaleo84 (big blind) folded on the Turn



PokerStars Hand #246552976882: Tournament #3659433604, $0.92+$0.08 USD Hold'em No Limit - Level I (10/20) - 2023/10/15 21:04:39 CET [2023/10/15 15:04:39 ET]
Table '3659433604 1' 3-max Seat #2 is the button
Seat 1: cocoon2009 (500 in chips) 
Seat 2: Mahu2021 (520 in chips) 
Seat 3: magdaleo84 (480 in chips) 
magdaleo84: posts small blind 10
cocoon2009: posts big blind 20
*** HOLE CARDS ***
Dealt to Mahu2021 [Th 7d]
Mahu2021: folds 
magdaleo84: raises 20 to 40
cocoon2009: calls 20
*** FLOP *** [8c 9c 2h]
magdaleo84: bets 40
cocoon2009: calls 40
*** TURN *** [8c 9c 2h] [5s]
magdaleo84: bets 60
cocoon2009: calls 60
*** RIVER *** [8c 9c 2h 5s] [6c]
magdaleo84: bets 280
cocoon2009: folds 
Uncalled bet (280) returned to magdaleo84
magdaleo84 collected 280 from pot
*** SUMMARY ***
Total pot 280 | Rake 0 
Board [8c 9c 2h 5s 6c]
Seat 1: cocoon2009 (big blind) folded on the River
Seat 2: Mahu2021 (button) folded before Flop (didn't bet)
Seat 3: magdaleo84 (small blind) collected (280)



PokerStars Hand #246552990767: Tournament #3659433604, $0.92+$0.08 USD Hold'em No Limit - Level I (10/20) - 2023/10/15 21:05:13 CET [2023/10/15 15:05:13 ET]
Table '3659433604 1' 3-max Seat #3 is the button
Seat 1: cocoon2009 (360 in chips) 
Seat 2: Mahu2021 (520 in chips) 
Seat 3: magdaleo84 (620 in chips) 
cocoon2009: posts small blind 10
Mahu2021: posts big blind 20
*** HOLE CARDS ***
Dealt to Mahu2021 [2c 3c]
magdaleo84: raises 20 to 40
cocoon2009: calls 30
Mahu2021: calls 20
*** FLOP *** [Js Ts As]
cocoon2009: checks 
Mahu2021: checks 
magdaleo84: checks 
*** TURN *** [Js Ts As] [Qh]
cocoon2009: checks 
Mahu2021: checks 
magdaleo84: bets 40
cocoon2009: folds 
Mahu2021: folds 
Uncalled bet (40) returned to magdaleo84
magdaleo84 collected 120 from pot
*** SUMMARY ***
Total pot 120 | Rake 0 
Board [Js Ts As Qh]
Seat 1: cocoon2009 (small blind) folded on the Turn
Seat 2: Mahu2021 (big blind) folded on the Turn
Seat 3: magdaleo84 (button) collected (120)



PokerStars Hand #246552998413: Tournament #3659433604, $0.92+$0.08 USD Hold'em No Limit - Level I (10/20) - 2023/10/15 21:05:31 CET [2023/10/15 15:05:31 ET]
Table '3659433604 1' 3-max Seat #1 is the button
Seat 1: cocoon2009 (320 in chips) 
Seat 2: Mahu2021 (480 in chips) 
Seat 3: magdaleo84 (700 in chips) 
Mahu2021: posts small blind 10
magdaleo84: posts big blind 20
*** HOLE CARDS ***
Dealt to Mahu2021 [4d 2c]
cocoon2009: calls 20
Mahu2021: folds 
magdaleo84: checks 
*** FLOP *** [Kd 6c 6h]
magdaleo84: checks 
cocoon2009: checks 
*** TURN *** [Kd 6c 6h] [Ac]
magdaleo84: checks 
cocoon2009: checks 
*** RIVER *** [Kd 6c 6h Ac] [2d]
magdaleo84: checks 
cocoon2009: bets 50
magdaleo84: folds 
Uncalled bet (50) returned to cocoon2009
cocoon2009 collected 50 from pot
cocoon2009: doesn't show hand 
*** SUMMARY ***
Total pot 50 | Rake 0 
Board [Kd 6c 6h Ac 2d]
Seat 1: cocoon2009 (button) collected (50)
Seat 2: Mahu2021 (small blind) folded before Flop
Seat 3: magdaleo84 (big blind) folded on the River



PokerStars Hand #246553006087: Tournament #3659433604, $0.92+$0.08 USD Hold'em No Limit - Level I (10/20) - 2023/10/15 21:05:49 CET [2023/10/15 15:05:49 ET]
Table '3659433604 1' 3-max Seat #2 is the button
Seat 1: cocoon2009 (350 in chips) 
Seat 2: Mahu2021 (470 in chips) 
Seat 3: magdaleo84 (680 in chips) 
magdaleo84: posts small blind 10
cocoon2009: posts big blind 20
*** HOLE CARDS ***
Dealt to Mahu2021 [3c 2s]
Mahu2021: folds 
magdaleo84: raises 20 to 40
cocoon2009: folds 
Uncalled bet (20) returned to magdaleo84
magdaleo84 collected 40 from pot
*** SUMMARY ***
Total pot 40 | Rake 0 
Seat 1: cocoon2009 (big blind) folded before Flop
Seat 2: Mahu2021 (button) folded before Flop (didn't bet)
Seat 3: magdaleo84 (small blind) collected (40)



PokerStars Hand #246553010312: Tournament #3659433604, $0.92+$0.08 USD Hold'em No Limit - Level I (10/20) - 2023/10/15 21:05:59 CET [2023/10/15 15:05:59 ET]
Table '3659433604 1' 3-max Seat #3 is the button
Seat 1: cocoon2009 (330 in chips) 
Seat 2: Mahu2021 (470 in chips) 
Seat 3: magdaleo84 (700 in chips) 
cocoon2009: posts small blind 10
Mahu2021: posts big blind 20
*** HOLE CARDS ***
Dealt to Mahu2021 [Qh Ah]
magdaleo84: folds 
cocoon2009: calls 10
Mahu2021: raises 60 to 80
cocoon2009: calls 60
*** FLOP *** [6d 6h 2h]
cocoon2009: checks 
Mahu2021: bets 390 and is all-in
cocoon2009: folds 
Uncalled bet (390) returned to Mahu2021
Mahu2021 collected 160 from pot
Mahu2021: doesn't show hand 
*** SUMMARY ***
Total pot 160 | Rake 0 
Board [6d 6h 2h]
Seat 1: cocoon2009 (small blind) folded on the Flop
Seat 2: Mahu2021 (big blind) collected (160)
Seat 3: magdaleo84 (button) folded before Flop (didn't bet)



PokerStars Hand #246553028357: Tournament #3659433604, $0.92+$0.08 USD Hold'em No Limit - Level II (15/30) - 2023/10/15 21:06:39 CET [2023/10/15 15:06:39 ET]
Table '3659433604 1' 3-max Seat #1 is the button
Seat 1: cocoon2009 (250 in chips) 
Seat 2: Mahu2021 (550 in chips) 
Seat 3: magdaleo84 (700 in chips) 
Mahu2021: posts small blind 15
magdaleo84: posts big blind 30
*** HOLE CARDS ***
Dealt to Mahu2021 [Ac Jd]
cocoon2009: calls 30
Mahu2021: raises 60 to 90
magdaleo84: folds 
cocoon2009: calls 60
*** FLOP *** [3c Th 7s]
Mahu2021: checks 
cocoon2009: checks 
*** TURN *** [3c Th 7s] [2d]
Mahu2021: checks 
cocoon2009: checks 
*** RIVER *** [3c Th 7s 2d] [Kd]
Mahu2021: checks 
cocoon2009: bets 160 and is all-in
Mahu2021: folds 
Uncalled bet (160) returned to cocoon2009
cocoon2009 collected 210 from pot
cocoon2009: doesn't show hand 
*** SUMMARY ***
Total pot 210 | Rake 0 
Board [3c Th 7s 2d Kd]
Seat 1: cocoon2009 (button) collected (210)
Seat 2: Mahu2021 (small blind) folded on the River
Seat 3: magdaleo84 (big blind) folded before Flop



PokerStars Hand #246553040416: Tournament #3659433604, $0.92+$0.08 USD Hold'em No Limit - Level II (15/30) - 2023/10/15 21:07:08 CET [2023/10/15 15:07:08 ET]
Table '3659433604 1' 3-max Seat #2 is the button
Seat 1: cocoon2009 (370 in chips) 
Seat 2: Mahu2021 (460 in chips) 
Seat 3: magdaleo84 (670 in chips) 
magdaleo84: posts small blind 15
cocoon2009: posts big blind 30
*** HOLE CARDS ***
Dealt to Mahu2021 [Kd Jc]
Mahu2021: raises 30 to 60
magdaleo84: calls 45
cocoon2009: folds 
*** FLOP *** [4c 5d 7d]
magdaleo84: checks 
Mahu2021: checks 
*** TURN *** [4c 5d 7d] [Ac]
magdaleo84: checks 
Mahu2021: bets 30
magdaleo84: calls 30
*** RIVER *** [4c 5d 7d Ac] [2c]
magdaleo84: bets 210
Mahu2021: folds 
Uncalled bet (210) returned to magdaleo84
magdaleo84 collected 210 from pot
*** SUMMARY ***
Total pot 210 | Rake 0 
Board [4c 5d 7d Ac 2c]
Seat 1: cocoon2009 (big blind) folded before Flop
Seat 2: Mahu2021 (button) folded on the River
Seat 3: magdaleo84 (small blind) collected (210)



PokerStars Hand #246553049249: Tournament #3659433604, $0.92+$0.08 USD Hold'em No Limit - Level II (15/30) - 2023/10/15 21:07:29 CET [2023/10/15 15:07:29 ET]
Table '3659433604 1' 3-max Seat #3 is the button
Seat 1: cocoon2009 (340 in chips) 
Seat 2: Mahu2021 (370 in chips) 
Seat 3: magdaleo84 (790 in chips) 
cocoon2009: posts small blind 15
Mahu2021: posts big blind 30
*** HOLE CARDS ***
Dealt to Mahu2021 [3h 8c]
magdaleo84: folds 
cocoon2009: calls 15
Mahu2021: checks 
*** FLOP *** [Js Ac 7d]
cocoon2009: checks 
Mahu2021: checks 
*** TURN *** [Js Ac 7d] [7h]
cocoon2009: checks 
Mahu2021: checks 
*** RIVER *** [Js Ac 7d 7h] [Td]
cocoon2009: bets 60
Mahu2021: folds 
Uncalled bet (60) returned to cocoon2009
cocoon2009 collected 60 from pot
cocoon2009: doesn't show hand 
*** SUMMARY ***
Total pot 60 | Rake 0 
Board [Js Ac 7d 7h Td]
Seat 1: cocoon2009 (small blind) collected (60)
Seat 2: Mahu2021 (big blind) folded on the River
Seat 3: magdaleo84 (button) folded before Flop (didn't bet)



PokerStars Hand #246553055716: Tournament #3659433604, $0.92+$0.08 USD Hold'em No Limit - Level II (15/30) - 2023/10/15 21:07:44 CET [2023/10/15 15:07:44 ET]
Table '3659433604 1' 3-max Seat #1 is the button
Seat 1: cocoon2009 (370 in chips) 
Seat 2: Mahu2021 (340 in chips) 
Seat 3: magdaleo84 (790 in chips) 
Mahu2021: posts small blind 15
magdaleo84: posts big blind 30
*** HOLE CARDS ***
Dealt to Mahu2021 [9h Ks]
cocoon2009: folds 
Mahu2021: calls 15
magdaleo84: raises 60 to 90
Mahu2021: calls 60
*** FLOP *** [6d 7d 2d]
Mahu2021: checks 
magdaleo84: checks 
*** TURN *** [6d 7d 2d] [8h]
Mahu2021: checks 
magdaleo84: checks 
*** RIVER *** [6d 7d 2d 8h] [9d]
Mahu2021: bets 180
magdaleo84: raises 520 to 700 and is all-in
Mahu2021: calls 70 and is all-in
Uncalled bet (450) returned to magdaleo84
*** SHOW DOWN ***
magdaleo84: shows [Jh Ad] (a flush, Ace high)
Mahu2021: shows [9h Ks] (a pair of Nines)
magdaleo84 collected 680 from pot
Mahu2021 finished the tournament in 3rd place
*** SUMMARY ***
Total pot 680 | Rake 0 
Board [6d 7d 2d 8h 9d]
Seat 1: cocoon2009 (button) folded before Flop (didn't bet)
Seat 2: Mahu2021 (small blind) showed [9h Ks] and lost with a pair of Nines
Seat 3: magdaleo84 (big blind) showed [Jh Ad] and won (680) with a flush, Ace high



