PokerStars Hand #253354967244: Tournament #3822387707, $1.84+$0.16 USD Hold'em No Limit - Level I (10/20) - 2024/11/11 9:50:36 CET [2024/11/11 3:50:36 ET]
Table '3822387707 1' 3-max Seat #1 is the button
Seat 1: pokersnoppy (500 in chips) 
Seat 2: Mahu2021 (500 in chips) 
Seat 3: AcesFull2591 (500 in chips) 
Mahu2021: posts small blind 10
AcesFull2591: posts big blind 20
*** HOLE CARDS ***
Dealt to Mahu2021 [4s 3c]
pokersnoppy: folds 
Mahu2021: folds 
Uncalled bet (10) returned to AcesFull2591
AcesFull2591 collected 20 from pot
AcesFull2591: doesn't show hand 
*** SUMMARY ***
Total pot 20 | Rake 0 
Seat 1: pokersnoppy (button) folded before Flop (didn't bet)
Seat 2: Mahu2021 (small blind) folded before Flop
Seat 3: AcesFull2591 (big blind) collected (20)



PokerStars Hand #253354967718: Tournament #3822387707, $1.84+$0.16 USD Hold'em No Limit - Level I (10/20) - 2024/11/11 9:50:42 CET [2024/11/11 3:50:42 ET]
Table '3822387707 1' 3-max Seat #2 is the button
Seat 1: pokersnoppy (500 in chips) 
Seat 2: Mahu2021 (490 in chips) 
Seat 3: AcesFull2591 (510 in chips) 
AcesFull2591: posts small blind 10
pokersnoppy: posts big blind 20
*** HOLE CARDS ***
Dealt to Mahu2021 [8d 3s]
Mahu2021: folds 
AcesFull2591: folds 
Uncalled bet (10) returned to pokersnoppy
pokersnoppy collected 20 from pot
*** SUMMARY ***
Total pot 20 | Rake 0 
Seat 1: pokersnoppy (big blind) collected (20)
Seat 2: Mahu2021 (button) folded before Flop (didn't bet)
Seat 3: AcesFull2591 (small blind) folded before Flop



PokerStars Hand #253354968235: Tournament #3822387707, $1.84+$0.16 USD Hold'em No Limit - Level I (10/20) - 2024/11/11 9:50:48 CET [2024/11/11 3:50:48 ET]
Table '3822387707 1' 3-max Seat #3 is the button
Seat 1: pokersnoppy (510 in chips) 
Seat 2: Mahu2021 (490 in chips) 
Seat 3: AcesFull2591 (500 in chips) 
pokersnoppy: posts small blind 10
Mahu2021: posts big blind 20
*** HOLE CARDS ***
Dealt to Mahu2021 [8c 4s]
AcesFull2591: raises 20 to 40
pokersnoppy: calls 30
Mahu2021: folds 
*** FLOP *** [Jc Ts Jd]
pokersnoppy: checks 
AcesFull2591: checks 
*** TURN *** [Jc Ts Jd] [3c]
pokersnoppy: bets 20
AcesFull2591: calls 20
*** RIVER *** [Jc Ts Jd 3c] [9s]
pokersnoppy: bets 80
AcesFull2591: raises 360 to 440 and is all-in
pokersnoppy: calls 360
*** SHOW DOWN ***
AcesFull2591: shows [9c 9d] (a full house, Nines full of Jacks)
pokersnoppy: shows [As Jh] (three of a kind, Jacks)
AcesFull2591 collected 1020 from pot
*** SUMMARY ***
Total pot 1020 | Rake 0 
Board [Jc Ts Jd 3c 9s]
Seat 1: pokersnoppy (small blind) showed [As Jh] and lost with three of a kind, Jacks
Seat 2: Mahu2021 (big blind) folded before Flop
Seat 3: AcesFull2591 (button) showed [9c 9d] and won (1020) with a full house, Nines full of Jacks



PokerStars Hand #253354971267: Tournament #3822387707, $1.84+$0.16 USD Hold'em No Limit - Level I (10/20) - 2024/11/11 9:51:25 CET [2024/11/11 3:51:25 ET]
Table '3822387707 1' 3-max Seat #1 is the button
Seat 1: pokersnoppy (10 in chips) 
Seat 2: Mahu2021 (470 in chips) 
Seat 3: AcesFull2591 (1020 in chips) 
Mahu2021: posts small blind 10
AcesFull2591: posts big blind 20
*** HOLE CARDS ***
Dealt to Mahu2021 [3d 6s]
pokersnoppy: calls 10 and is all-in
Mahu2021: folds 
Uncalled bet (10) returned to AcesFull2591
*** FLOP *** [Td Jd 5h]
*** TURN *** [Td Jd 5h] [Qd]
*** RIVER *** [Td Jd 5h Qd] [8d]
*** SHOW DOWN ***
AcesFull2591: shows [3h Jh] (a pair of Jacks)
pokersnoppy: shows [9s 7h] (a straight, Eight to Queen)
pokersnoppy collected 30 from pot
*** SUMMARY ***
Total pot 30 | Rake 0 
Board [Td Jd 5h Qd 8d]
Seat 1: pokersnoppy (button) showed [9s 7h] and won (30) with a straight, Eight to Queen
Seat 2: Mahu2021 (small blind) folded before Flop
Seat 3: AcesFull2591 (big blind) showed [3h Jh] and lost with a pair of Jacks



PokerStars Hand #253354972303: Tournament #3822387707, $1.84+$0.16 USD Hold'em No Limit - Level I (10/20) - 2024/11/11 9:51:38 CET [2024/11/11 3:51:38 ET]
Table '3822387707 1' 3-max Seat #2 is the button
Seat 1: pokersnoppy (30 in chips) 
Seat 2: Mahu2021 (460 in chips) 
Seat 3: AcesFull2591 (1010 in chips) 
AcesFull2591: posts small blind 10
pokersnoppy: posts big blind 20
*** HOLE CARDS ***
Dealt to Mahu2021 [3h 7s]
Mahu2021: folds 
AcesFull2591: folds 
Uncalled bet (10) returned to pokersnoppy
pokersnoppy collected 20 from pot
*** SUMMARY ***
Total pot 20 | Rake 0 
Seat 1: pokersnoppy (big blind) collected (20)
Seat 2: Mahu2021 (button) folded before Flop (didn't bet)
Seat 3: AcesFull2591 (small blind) folded before Flop



PokerStars Hand #253354973053: Tournament #3822387707, $1.84+$0.16 USD Hold'em No Limit - Level I (10/20) - 2024/11/11 9:51:47 CET [2024/11/11 3:51:47 ET]
Table '3822387707 1' 3-max Seat #3 is the button
Seat 1: pokersnoppy (40 in chips) 
Seat 2: Mahu2021 (460 in chips) 
Seat 3: AcesFull2591 (1000 in chips) 
pokersnoppy: posts small blind 10
Mahu2021: posts big blind 20
*** HOLE CARDS ***
Dealt to Mahu2021 [7h Jh]
AcesFull2591: folds 
pokersnoppy: raises 20 to 40 and is all-in
Mahu2021: calls 20
*** FLOP *** [Qs 2c 5c]
*** TURN *** [Qs 2c 5c] [4c]
*** RIVER *** [Qs 2c 5c 4c] [Jd]
*** SHOW DOWN ***
pokersnoppy: shows [Ac As] (a pair of Aces)
Mahu2021: shows [7h Jh] (a pair of Jacks)
pokersnoppy collected 80 from pot
*** SUMMARY ***
Total pot 80 | Rake 0 
Board [Qs 2c 5c 4c Jd]
Seat 1: pokersnoppy (small blind) showed [Ac As] and won (80) with a pair of Aces
Seat 2: Mahu2021 (big blind) showed [7h Jh] and lost with a pair of Jacks
Seat 3: AcesFull2591 (button) folded before Flop (didn't bet)



PokerStars Hand #253354974521: Tournament #3822387707, $1.84+$0.16 USD Hold'em No Limit - Level I (10/20) - 2024/11/11 9:52:05 CET [2024/11/11 3:52:05 ET]
Table '3822387707 1' 3-max Seat #1 is the button
Seat 1: pokersnoppy (80 in chips) 
Seat 2: Mahu2021 (420 in chips) 
Seat 3: AcesFull2591 (1000 in chips) 
Mahu2021: posts small blind 10
AcesFull2591: posts big blind 20
*** HOLE CARDS ***
Dealt to Mahu2021 [Ac 8c]
pokersnoppy: folds 
Mahu2021: raises 20 to 40
AcesFull2591: calls 20
*** FLOP *** [5h 7s Qh]
Mahu2021: checks 
AcesFull2591: checks 
*** TURN *** [5h 7s Qh] [Jc]
Mahu2021: checks 
AcesFull2591: bets 40
Mahu2021: folds 
Uncalled bet (40) returned to AcesFull2591
AcesFull2591 collected 80 from pot
AcesFull2591: doesn't show hand 
*** SUMMARY ***
Total pot 80 | Rake 0 
Board [5h 7s Qh Jc]
Seat 1: pokersnoppy (button) folded before Flop (didn't bet)
Seat 2: Mahu2021 (small blind) folded on the Turn
Seat 3: AcesFull2591 (big blind) collected (80)



PokerStars Hand #253354976359: Tournament #3822387707, $1.84+$0.16 USD Hold'em No Limit - Level I (10/20) - 2024/11/11 9:52:28 CET [2024/11/11 3:52:28 ET]
Table '3822387707 1' 3-max Seat #2 is the button
Seat 1: pokersnoppy (80 in chips) 
Seat 2: Mahu2021 (380 in chips) 
Seat 3: AcesFull2591 (1040 in chips) 
AcesFull2591: posts small blind 10
pokersnoppy: posts big blind 20
*** HOLE CARDS ***
Dealt to Mahu2021 [2s 6s]
Mahu2021: folds 
AcesFull2591: folds 
Uncalled bet (10) returned to pokersnoppy
pokersnoppy collected 20 from pot
*** SUMMARY ***
Total pot 20 | Rake 0 
Seat 1: pokersnoppy (big blind) collected (20)
Seat 2: Mahu2021 (button) folded before Flop (didn't bet)
Seat 3: AcesFull2591 (small blind) folded before Flop



PokerStars Hand #253354976959: Tournament #3822387707, $1.84+$0.16 USD Hold'em No Limit - Level I (10/20) - 2024/11/11 9:52:36 CET [2024/11/11 3:52:36 ET]
Table '3822387707 1' 3-max Seat #3 is the button
Seat 1: pokersnoppy (90 in chips) 
Seat 2: Mahu2021 (380 in chips) 
Seat 3: AcesFull2591 (1030 in chips) 
pokersnoppy: posts small blind 10
Mahu2021: posts big blind 20
*** HOLE CARDS ***
Dealt to Mahu2021 [5s Th]
AcesFull2591: folds 
pokersnoppy: raises 40 to 60
Mahu2021: folds 
Uncalled bet (40) returned to pokersnoppy
pokersnoppy collected 40 from pot
*** SUMMARY ***
Total pot 40 | Rake 0 
Seat 1: pokersnoppy (small blind) collected (40)
Seat 2: Mahu2021 (big blind) folded before Flop
Seat 3: AcesFull2591 (button) folded before Flop (didn't bet)



PokerStars Hand #253354977710: Tournament #3822387707, $1.84+$0.16 USD Hold'em No Limit - Level I (10/20) - 2024/11/11 9:52:45 CET [2024/11/11 3:52:45 ET]
Table '3822387707 1' 3-max Seat #1 is the button
Seat 1: pokersnoppy (110 in chips) 
Seat 2: Mahu2021 (360 in chips) 
Seat 3: AcesFull2591 (1030 in chips) 
Mahu2021: posts small blind 10
AcesFull2591: posts big blind 20
*** HOLE CARDS ***
Dealt to Mahu2021 [Qh 8h]
pokersnoppy: raises 90 to 110 and is all-in
Mahu2021: folds 
AcesFull2591: folds 
Uncalled bet (90) returned to pokersnoppy
pokersnoppy collected 50 from pot
*** SUMMARY ***
Total pot 50 | Rake 0 
Seat 1: pokersnoppy (button) collected (50)
Seat 2: Mahu2021 (small blind) folded before Flop
Seat 3: AcesFull2591 (big blind) folded before Flop



PokerStars Hand #253354978577: Tournament #3822387707, $1.84+$0.16 USD Hold'em No Limit - Level I (10/20) - 2024/11/11 9:52:55 CET [2024/11/11 3:52:55 ET]
Table '3822387707 1' 3-max Seat #2 is the button
Seat 1: pokersnoppy (140 in chips) 
Seat 2: Mahu2021 (350 in chips) 
Seat 3: AcesFull2591 (1010 in chips) 
AcesFull2591: posts small blind 10
pokersnoppy: posts big blind 20
*** HOLE CARDS ***
Dealt to Mahu2021 [3h 5d]
Mahu2021: folds 
AcesFull2591: calls 10
pokersnoppy: raises 120 to 140 and is all-in
AcesFull2591: calls 120
*** FLOP *** [9d Ts 4d]
*** TURN *** [9d Ts 4d] [8d]
*** RIVER *** [9d Ts 4d 8d] [4h]
*** SHOW DOWN ***
AcesFull2591: shows [Qs 4s] (three of a kind, Fours)
pokersnoppy: shows [3c 3s] (two pair, Fours and Threes)
AcesFull2591 collected 280 from pot
pokersnoppy finished the tournament in 3rd place
*** SUMMARY ***
Total pot 280 | Rake 0 
Board [9d Ts 4d 8d 4h]
Seat 1: pokersnoppy (big blind) showed [3c 3s] and lost with two pair, Fours and Threes
Seat 2: Mahu2021 (button) folded before Flop (didn't bet)
Seat 3: AcesFull2591 (small blind) showed [Qs 4s] and won (280) with three of a kind, Fours



PokerStars Hand #253354980193: Tournament #3822387707, $1.84+$0.16 USD Hold'em No Limit - Level I (10/20) - 2024/11/11 9:53:16 CET [2024/11/11 3:53:16 ET]
Table '3822387707 1' 3-max Seat #3 is the button
Seat 2: Mahu2021 (350 in chips) 
Seat 3: AcesFull2591 (1150 in chips) 
AcesFull2591: posts small blind 10
Mahu2021: posts big blind 20
*** HOLE CARDS ***
Dealt to Mahu2021 [4d 9c]
AcesFull2591: raises 20 to 40
Mahu2021: folds 
Uncalled bet (20) returned to AcesFull2591
AcesFull2591 collected 40 from pot
AcesFull2591: doesn't show hand 
*** SUMMARY ***
Total pot 40 | Rake 0 
Seat 2: Mahu2021 (big blind) folded before Flop
Seat 3: AcesFull2591 (button) (small blind) collected (40)



PokerStars Hand #253354980747: Tournament #3822387707, $1.84+$0.16 USD Hold'em No Limit - Level I (10/20) - 2024/11/11 9:53:23 CET [2024/11/11 3:53:23 ET]
Table '3822387707 1' 3-max Seat #2 is the button
Seat 2: Mahu2021 (330 in chips) 
Seat 3: AcesFull2591 (1170 in chips) 
Mahu2021: posts small blind 10
AcesFull2591: posts big blind 20
*** HOLE CARDS ***
Dealt to Mahu2021 [3d 6s]
Mahu2021: folds 
Uncalled bet (10) returned to AcesFull2591
AcesFull2591 collected 20 from pot
AcesFull2591: doesn't show hand 
*** SUMMARY ***
Total pot 20 | Rake 0 
Seat 2: Mahu2021 (button) (small blind) folded before Flop
Seat 3: AcesFull2591 (big blind) collected (20)



PokerStars Hand #253354981064: Tournament #3822387707, $1.84+$0.16 USD Hold'em No Limit - Level I (10/20) - 2024/11/11 9:53:27 CET [2024/11/11 3:53:27 ET]
Table '3822387707 1' 3-max Seat #3 is the button
Seat 2: Mahu2021 (320 in chips) 
Seat 3: AcesFull2591 (1180 in chips) 
AcesFull2591: posts small blind 10
Mahu2021: posts big blind 20
*** HOLE CARDS ***
Dealt to Mahu2021 [4s 4h]
AcesFull2591: calls 10
Mahu2021: raises 300 to 320 and is all-in
AcesFull2591: folds 
Uncalled bet (300) returned to Mahu2021
Mahu2021 collected 40 from pot
Mahu2021: doesn't show hand 
*** SUMMARY ***
Total pot 40 | Rake 0 
Seat 2: Mahu2021 (big blind) collected (40)
Seat 3: AcesFull2591 (button) (small blind) folded before Flop



PokerStars Hand #253354982081: Tournament #3822387707, $1.84+$0.16 USD Hold'em No Limit - Level II (15/30) - 2024/11/11 9:53:40 CET [2024/11/11 3:53:40 ET]
Table '3822387707 1' 3-max Seat #2 is the button
Seat 2: Mahu2021 (340 in chips) 
Seat 3: AcesFull2591 (1160 in chips) 
Mahu2021: posts small blind 15
AcesFull2591: posts big blind 30
*** HOLE CARDS ***
Dealt to Mahu2021 [Qh 7s]
Mahu2021: raises 30 to 60
AcesFull2591: calls 30
*** FLOP *** [Qd 2h Js]
AcesFull2591: checks 
Mahu2021: bets 120
AcesFull2591: folds 
Uncalled bet (120) returned to Mahu2021
Mahu2021 collected 120 from pot
Mahu2021: doesn't show hand 
*** SUMMARY ***
Total pot 120 | Rake 0 
Board [Qd 2h Js]
Seat 2: Mahu2021 (button) (small blind) collected (120)
Seat 3: AcesFull2591 (big blind) folded on the Flop



PokerStars Hand #253354983241: Tournament #3822387707, $1.84+$0.16 USD Hold'em No Limit - Level II (15/30) - 2024/11/11 9:53:54 CET [2024/11/11 3:53:54 ET]
Table '3822387707 1' 3-max Seat #3 is the button
Seat 2: Mahu2021 (400 in chips) 
Seat 3: AcesFull2591 (1100 in chips) 
AcesFull2591: posts small blind 15
Mahu2021: posts big blind 30
*** HOLE CARDS ***
Dealt to Mahu2021 [Td 6d]
AcesFull2591: calls 15
Mahu2021: checks 
*** FLOP *** [5d Kh 5h]
Mahu2021: checks 
AcesFull2591: checks 
*** TURN *** [5d Kh 5h] [9d]
Mahu2021: checks 
AcesFull2591: checks 
*** RIVER *** [5d Kh 5h 9d] [4s]
Mahu2021: checks 
AcesFull2591: checks 
*** SHOW DOWN ***
Mahu2021: shows [Td 6d] (a pair of Fives)
AcesFull2591: shows [Ah 2d] (a pair of Fives - Ace kicker)
AcesFull2591 collected 60 from pot
*** SUMMARY ***
Total pot 60 | Rake 0 
Board [5d Kh 5h 9d 4s]
Seat 2: Mahu2021 (big blind) showed [Td 6d] and lost with a pair of Fives
Seat 3: AcesFull2591 (button) (small blind) showed [Ah 2d] and won (60) with a pair of Fives



PokerStars Hand #253354984578: Tournament #3822387707, $1.84+$0.16 USD Hold'em No Limit - Level II (15/30) - 2024/11/11 9:54:11 CET [2024/11/11 3:54:11 ET]
Table '3822387707 1' 3-max Seat #2 is the button
Seat 2: Mahu2021 (370 in chips) 
Seat 3: AcesFull2591 (1130 in chips) 
Mahu2021: posts small blind 15
AcesFull2591: posts big blind 30
*** HOLE CARDS ***
Dealt to Mahu2021 [As 5c]
Mahu2021: raises 30 to 60
AcesFull2591: calls 30
*** FLOP *** [Th 9h 5h]
AcesFull2591: checks 
Mahu2021: bets 60
AcesFull2591: calls 60
*** TURN *** [Th 9h 5h] [Tc]
AcesFull2591: checks 
Mahu2021: checks 
*** RIVER *** [Th 9h 5h Tc] [6c]
AcesFull2591: checks 
Mahu2021: checks 
*** SHOW DOWN ***
AcesFull2591: shows [7h Ks] (a pair of Tens)
Mahu2021: shows [As 5c] (two pair, Tens and Fives)
Mahu2021 collected 240 from pot
*** SUMMARY ***
Total pot 240 | Rake 0 
Board [Th 9h 5h Tc 6c]
Seat 2: Mahu2021 (button) (small blind) showed [As 5c] and won (240) with two pair, Tens and Fives
Seat 3: AcesFull2591 (big blind) showed [7h Ks] and lost with a pair of Tens



PokerStars Hand #253354986516: Tournament #3822387707, $1.84+$0.16 USD Hold'em No Limit - Level II (15/30) - 2024/11/11 9:54:35 CET [2024/11/11 3:54:35 ET]
Table '3822387707 1' 3-max Seat #3 is the button
Seat 2: Mahu2021 (490 in chips) 
Seat 3: AcesFull2591 (1010 in chips) 
AcesFull2591: posts small blind 15
Mahu2021: posts big blind 30
*** HOLE CARDS ***
Dealt to Mahu2021 [7h 2d]
AcesFull2591: calls 15
Mahu2021: checks 
*** FLOP *** [3c 9s 2s]
Mahu2021: checks 
AcesFull2591: bets 30
Mahu2021: calls 30
*** TURN *** [3c 9s 2s] [7c]
Mahu2021: checks 
AcesFull2591: bets 60
Mahu2021: raises 60 to 120
AcesFull2591: calls 60
*** RIVER *** [3c 9s 2s 7c] [9c]
Mahu2021: checks 
AcesFull2591: bets 360
Mahu2021: calls 310 and is all-in
Uncalled bet (50) returned to AcesFull2591
*** SHOW DOWN ***
AcesFull2591: shows [5s 6d] (a pair of Nines)
Mahu2021: shows [7h 2d] (two pair, Nines and Sevens)
Mahu2021 collected 980 from pot
*** SUMMARY ***
Total pot 980 | Rake 0 
Board [3c 9s 2s 7c 9c]
Seat 2: Mahu2021 (big blind) showed [7h 2d] and won (980) with two pair, Nines and Sevens
Seat 3: AcesFull2591 (button) (small blind) showed [5s 6d] and lost with a pair of Nines



PokerStars Hand #253354989589: Tournament #3822387707, $1.84+$0.16 USD Hold'em No Limit - Level II (15/30) - 2024/11/11 9:55:13 CET [2024/11/11 3:55:13 ET]
Table '3822387707 1' 3-max Seat #2 is the button
Seat 2: Mahu2021 (980 in chips) 
Seat 3: AcesFull2591 (520 in chips) 
Mahu2021: posts small blind 15
AcesFull2591: posts big blind 30
*** HOLE CARDS ***
Dealt to Mahu2021 [2h 6d]
Mahu2021: folds 
Uncalled bet (15) returned to AcesFull2591
AcesFull2591 collected 30 from pot
AcesFull2591: doesn't show hand 
*** SUMMARY ***
Total pot 30 | Rake 0 
Seat 2: Mahu2021 (button) (small blind) folded before Flop
Seat 3: AcesFull2591 (big blind) collected (30)



PokerStars Hand #253354990014: Tournament #3822387707, $1.84+$0.16 USD Hold'em No Limit - Level II (15/30) - 2024/11/11 9:55:19 CET [2024/11/11 3:55:19 ET]
Table '3822387707 1' 3-max Seat #3 is the button
Seat 2: Mahu2021 (965 in chips) 
Seat 3: AcesFull2591 (535 in chips) 
AcesFull2591: posts small blind 15
Mahu2021: posts big blind 30
*** HOLE CARDS ***
Dealt to Mahu2021 [4d 8h]
AcesFull2591: raises 60 to 90
Mahu2021: folds 
Uncalled bet (60) returned to AcesFull2591
AcesFull2591 collected 60 from pot
AcesFull2591: doesn't show hand 
*** SUMMARY ***
Total pot 60 | Rake 0 
Seat 2: Mahu2021 (big blind) folded before Flop
Seat 3: AcesFull2591 (button) (small blind) collected (60)



PokerStars Hand #253354990859: Tournament #3822387707, $1.84+$0.16 USD Hold'em No Limit - Level II (15/30) - 2024/11/11 9:55:31 CET [2024/11/11 3:55:31 ET]
Table '3822387707 1' 3-max Seat #2 is the button
Seat 2: Mahu2021 (935 in chips) 
Seat 3: AcesFull2591 (565 in chips) 
Mahu2021: posts small blind 15
AcesFull2591: posts big blind 30
*** HOLE CARDS ***
Dealt to Mahu2021 [8s 5c]
Mahu2021: folds 
Uncalled bet (15) returned to AcesFull2591
AcesFull2591 collected 30 from pot
AcesFull2591: doesn't show hand 
*** SUMMARY ***
Total pot 30 | Rake 0 
Seat 2: Mahu2021 (button) (small blind) folded before Flop
Seat 3: AcesFull2591 (big blind) collected (30)



PokerStars Hand #253354991221: Tournament #3822387707, $1.84+$0.16 USD Hold'em No Limit - Level II (15/30) - 2024/11/11 9:55:36 CET [2024/11/11 3:55:36 ET]
Table '3822387707 1' 3-max Seat #3 is the button
Seat 2: Mahu2021 (920 in chips) 
Seat 3: AcesFull2591 (580 in chips) 
AcesFull2591: posts small blind 15
Mahu2021: posts big blind 30
*** HOLE CARDS ***
Dealt to Mahu2021 [4s As]
AcesFull2591: calls 15
Mahu2021: raises 60 to 90
AcesFull2591: folds 
Uncalled bet (60) returned to Mahu2021
Mahu2021 collected 60 from pot
Mahu2021: doesn't show hand 
*** SUMMARY ***
Total pot 60 | Rake 0 
Seat 2: Mahu2021 (big blind) collected (60)
Seat 3: AcesFull2591 (button) (small blind) folded before Flop



PokerStars Hand #253354991992: Tournament #3822387707, $1.84+$0.16 USD Hold'em No Limit - Level II (15/30) - 2024/11/11 9:55:46 CET [2024/11/11 3:55:46 ET]
Table '3822387707 1' 3-max Seat #2 is the button
Seat 2: Mahu2021 (950 in chips) 
Seat 3: AcesFull2591 (550 in chips) 
Mahu2021: posts small blind 15
AcesFull2591: posts big blind 30
*** HOLE CARDS ***
Dealt to Mahu2021 [9s 7c]
Mahu2021: calls 15
AcesFull2591: checks 
*** FLOP *** [Qd 3d 9h]
AcesFull2591: checks 
Mahu2021: bets 30
AcesFull2591: folds 
Uncalled bet (30) returned to Mahu2021
Mahu2021 collected 60 from pot
Mahu2021: doesn't show hand 
*** SUMMARY ***
Total pot 60 | Rake 0 
Board [Qd 3d 9h]
Seat 2: Mahu2021 (button) (small blind) collected (60)
Seat 3: AcesFull2591 (big blind) folded on the Flop



PokerStars Hand #253354992876: Tournament #3822387707, $1.84+$0.16 USD Hold'em No Limit - Level II (15/30) - 2024/11/11 9:55:59 CET [2024/11/11 3:55:59 ET]
Table '3822387707 1' 3-max Seat #3 is the button
Seat 2: Mahu2021 (980 in chips) 
Seat 3: AcesFull2591 (520 in chips) 
AcesFull2591: posts small blind 15
Mahu2021: posts big blind 30
*** HOLE CARDS ***
Dealt to Mahu2021 [6d Js]
AcesFull2591: raises 30 to 60
Mahu2021: calls 30
*** FLOP *** [Jc Ac Qc]
Mahu2021: checks 
AcesFull2591: checks 
*** TURN *** [Jc Ac Qc] [5h]
Mahu2021: checks 
AcesFull2591: checks 
*** RIVER *** [Jc Ac Qc 5h] [Ah]
Mahu2021: checks 
AcesFull2591: checks 
*** SHOW DOWN ***
Mahu2021: shows [6d Js] (two pair, Aces and Jacks)
AcesFull2591: shows [Td Jd] (two pair, Aces and Jacks)
Mahu2021 collected 60 from pot
AcesFull2591 collected 60 from pot
*** SUMMARY ***
Total pot 120 | Rake 0 
Board [Jc Ac Qc 5h Ah]
Seat 2: Mahu2021 (big blind) showed [6d Js] and won (60) with two pair, Aces and Jacks
Seat 3: AcesFull2591 (button) (small blind) showed [Td Jd] and won (60) with two pair, Aces and Jacks



PokerStars Hand #253354994079: Tournament #3822387707, $1.84+$0.16 USD Hold'em No Limit - Level II (15/30) - 2024/11/11 9:56:15 CET [2024/11/11 3:56:15 ET]
Table '3822387707 1' 3-max Seat #2 is the button
Seat 2: Mahu2021 (980 in chips) 
Seat 3: AcesFull2591 (520 in chips) 
Mahu2021: posts small blind 15
AcesFull2591: posts big blind 30
*** HOLE CARDS ***
Dealt to Mahu2021 [Qs 5s]
Mahu2021: raises 30 to 60
AcesFull2591: raises 460 to 520 and is all-in
Mahu2021: folds 
Uncalled bet (460) returned to AcesFull2591
AcesFull2591 collected 120 from pot
AcesFull2591: doesn't show hand 
*** SUMMARY ***
Total pot 120 | Rake 0 
Seat 2: Mahu2021 (button) (small blind) folded before Flop
Seat 3: AcesFull2591 (big blind) collected (120)



PokerStars Hand #253354994863: Tournament #3822387707, $1.84+$0.16 USD Hold'em No Limit - Level II (15/30) - 2024/11/11 9:56:26 CET [2024/11/11 3:56:26 ET]
Table '3822387707 1' 3-max Seat #3 is the button
Seat 2: Mahu2021 (920 in chips) 
Seat 3: AcesFull2591 (580 in chips) 
AcesFull2591: posts small blind 15
Mahu2021: posts big blind 30
*** HOLE CARDS ***
Dealt to Mahu2021 [4s Qs]
AcesFull2591: folds 
Uncalled bet (15) returned to Mahu2021
Mahu2021 collected 30 from pot
Mahu2021: doesn't show hand 
*** SUMMARY ***
Total pot 30 | Rake 0 
Seat 2: Mahu2021 (big blind) collected (30)
Seat 3: AcesFull2591 (button) (small blind) folded before Flop



PokerStars Hand #253354995280: Tournament #3822387707, $1.84+$0.16 USD Hold'em No Limit - Level II (15/30) - 2024/11/11 9:56:31 CET [2024/11/11 3:56:31 ET]
Table '3822387707 1' 3-max Seat #2 is the button
Seat 2: Mahu2021 (935 in chips) 
Seat 3: AcesFull2591 (565 in chips) 
Mahu2021: posts small blind 15
AcesFull2591: posts big blind 30
*** HOLE CARDS ***
Dealt to Mahu2021 [Ts 6s]
Mahu2021: raises 30 to 60
AcesFull2591: folds 
Uncalled bet (30) returned to Mahu2021
Mahu2021 collected 60 from pot
Mahu2021: doesn't show hand 
*** SUMMARY ***
Total pot 60 | Rake 0 
Seat 2: Mahu2021 (button) (small blind) collected (60)
Seat 3: AcesFull2591 (big blind) folded before Flop



PokerStars Hand #253354995994: Tournament #3822387707, $1.84+$0.16 USD Hold'em No Limit - Level III (20/40) - 2024/11/11 9:56:41 CET [2024/11/11 3:56:41 ET]
Table '3822387707 1' 3-max Seat #3 is the button
Seat 2: Mahu2021 (965 in chips) 
Seat 3: AcesFull2591 (535 in chips) 
AcesFull2591: posts small blind 20
Mahu2021: posts big blind 40
*** HOLE CARDS ***
Dealt to Mahu2021 [8s 4c]
AcesFull2591: folds 
Uncalled bet (20) returned to Mahu2021
Mahu2021 collected 40 from pot
Mahu2021: doesn't show hand 
*** SUMMARY ***
Total pot 40 | Rake 0 
Seat 2: Mahu2021 (big blind) collected (40)
Seat 3: AcesFull2591 (button) (small blind) folded before Flop



PokerStars Hand #253354996364: Tournament #3822387707, $1.84+$0.16 USD Hold'em No Limit - Level III (20/40) - 2024/11/11 9:56:47 CET [2024/11/11 3:56:47 ET]
Table '3822387707 1' 3-max Seat #2 is the button
Seat 2: Mahu2021 (985 in chips) 
Seat 3: AcesFull2591 (515 in chips) 
Mahu2021: posts small blind 20
AcesFull2591: posts big blind 40
*** HOLE CARDS ***
Dealt to Mahu2021 [6c 2d]
Mahu2021: folds 
Uncalled bet (20) returned to AcesFull2591
AcesFull2591 collected 40 from pot
AcesFull2591: doesn't show hand 
*** SUMMARY ***
Total pot 40 | Rake 0 
Seat 2: Mahu2021 (button) (small blind) folded before Flop
Seat 3: AcesFull2591 (big blind) collected (40)



PokerStars Hand #253354996711: Tournament #3822387707, $1.84+$0.16 USD Hold'em No Limit - Level III (20/40) - 2024/11/11 9:56:51 CET [2024/11/11 3:56:51 ET]
Table '3822387707 1' 3-max Seat #3 is the button
Seat 2: Mahu2021 (965 in chips) 
Seat 3: AcesFull2591 (535 in chips) 
AcesFull2591: posts small blind 20
Mahu2021: posts big blind 40
*** HOLE CARDS ***
Dealt to Mahu2021 [Js 4h]
AcesFull2591: folds 
Uncalled bet (20) returned to Mahu2021
Mahu2021 collected 40 from pot
Mahu2021: doesn't show hand 
*** SUMMARY ***
Total pot 40 | Rake 0 
Seat 2: Mahu2021 (big blind) collected (40)
Seat 3: AcesFull2591 (button) (small blind) folded before Flop



PokerStars Hand #253354997118: Tournament #3822387707, $1.84+$0.16 USD Hold'em No Limit - Level III (20/40) - 2024/11/11 9:56:57 CET [2024/11/11 3:56:57 ET]
Table '3822387707 1' 3-max Seat #2 is the button
Seat 2: Mahu2021 (985 in chips) 
Seat 3: AcesFull2591 (515 in chips) 
Mahu2021: posts small blind 20
AcesFull2591: posts big blind 40
*** HOLE CARDS ***
Dealt to Mahu2021 [8c 9d]
Mahu2021: raises 40 to 80
AcesFull2591: raises 435 to 515 and is all-in
Mahu2021: folds 
Uncalled bet (435) returned to AcesFull2591
AcesFull2591 collected 160 from pot
AcesFull2591: doesn't show hand 
*** SUMMARY ***
Total pot 160 | Rake 0 
Seat 2: Mahu2021 (button) (small blind) folded before Flop
Seat 3: AcesFull2591 (big blind) collected (160)



PokerStars Hand #253354997791: Tournament #3822387707, $1.84+$0.16 USD Hold'em No Limit - Level III (20/40) - 2024/11/11 9:57:07 CET [2024/11/11 3:57:07 ET]
Table '3822387707 1' 3-max Seat #3 is the button
Seat 2: Mahu2021 (905 in chips) 
Seat 3: AcesFull2591 (595 in chips) 
AcesFull2591: posts small blind 20
Mahu2021: posts big blind 40
*** HOLE CARDS ***
Dealt to Mahu2021 [9h 6d]
AcesFull2591: calls 20
Mahu2021: checks 
*** FLOP *** [5s 4s 3s]
Mahu2021: checks 
AcesFull2591: checks 
*** TURN *** [5s 4s 3s] [4d]
Mahu2021: checks 
AcesFull2591: checks 
*** RIVER *** [5s 4s 3s 4d] [4c]
Mahu2021: checks 
AcesFull2591: checks 
*** SHOW DOWN ***
Mahu2021: shows [9h 6d] (three of a kind, Fours)
AcesFull2591: shows [9d 8c] (three of a kind, Fours - Nine+Eight kicker)
AcesFull2591 collected 80 from pot
*** SUMMARY ***
Total pot 80 | Rake 0 
Board [5s 4s 3s 4d 4c]
Seat 2: Mahu2021 (big blind) showed [9h 6d] and lost with three of a kind, Fours
Seat 3: AcesFull2591 (button) (small blind) showed [9d 8c] and won (80) with three of a kind, Fours



PokerStars Hand #253354998994: Tournament #3822387707, $1.84+$0.16 USD Hold'em No Limit - Level III (20/40) - 2024/11/11 9:57:23 CET [2024/11/11 3:57:23 ET]
Table '3822387707 1' 3-max Seat #2 is the button
Seat 2: Mahu2021 (865 in chips) 
Seat 3: AcesFull2591 (635 in chips) 
Mahu2021: posts small blind 20
AcesFull2591: posts big blind 40
*** HOLE CARDS ***
Dealt to Mahu2021 [6d Jd]
Mahu2021: raises 40 to 80
AcesFull2591: raises 555 to 635 and is all-in
Mahu2021: folds 
Uncalled bet (555) returned to AcesFull2591
AcesFull2591 collected 160 from pot
AcesFull2591: doesn't show hand 
*** SUMMARY ***
Total pot 160 | Rake 0 
Seat 2: Mahu2021 (button) (small blind) folded before Flop
Seat 3: AcesFull2591 (big blind) collected (160)



PokerStars Hand #253354999635: Tournament #3822387707, $1.84+$0.16 USD Hold'em No Limit - Level III (20/40) - 2024/11/11 9:57:32 CET [2024/11/11 3:57:32 ET]
Table '3822387707 1' 3-max Seat #3 is the button
Seat 2: Mahu2021 (785 in chips) 
Seat 3: AcesFull2591 (715 in chips) 
AcesFull2591: posts small blind 20
Mahu2021: posts big blind 40
*** HOLE CARDS ***
Dealt to Mahu2021 [6c 7h]
AcesFull2591: folds 
Uncalled bet (20) returned to Mahu2021
Mahu2021 collected 40 from pot
Mahu2021: doesn't show hand 
*** SUMMARY ***
Total pot 40 | Rake 0 
Seat 2: Mahu2021 (big blind) collected (40)
Seat 3: AcesFull2591 (button) (small blind) folded before Flop



PokerStars Hand #253355000010: Tournament #3822387707, $1.84+$0.16 USD Hold'em No Limit - Level III (20/40) - 2024/11/11 9:57:37 CET [2024/11/11 3:57:37 ET]
Table '3822387707 1' 3-max Seat #2 is the button
Seat 2: Mahu2021 (805 in chips) 
Seat 3: AcesFull2591 (695 in chips) 
Mahu2021: posts small blind 20
AcesFull2591: posts big blind 40
*** HOLE CARDS ***
Dealt to Mahu2021 [As 8c]
Mahu2021: raises 40 to 80
AcesFull2591: calls 40
*** FLOP *** [Jd Ac Tc]
AcesFull2591: checks 
Mahu2021: bets 80
AcesFull2591: folds 
Uncalled bet (80) returned to Mahu2021
Mahu2021 collected 160 from pot
Mahu2021: doesn't show hand 
*** SUMMARY ***
Total pot 160 | Rake 0 
Board [Jd Ac Tc]
Seat 2: Mahu2021 (button) (small blind) collected (160)
Seat 3: AcesFull2591 (big blind) folded on the Flop



PokerStars Hand #253355001233: Tournament #3822387707, $1.84+$0.16 USD Hold'em No Limit - Level III (20/40) - 2024/11/11 9:57:54 CET [2024/11/11 3:57:54 ET]
Table '3822387707 1' 3-max Seat #3 is the button
Seat 2: Mahu2021 (885 in chips) 
Seat 3: AcesFull2591 (615 in chips) 
AcesFull2591: posts small blind 20
Mahu2021: posts big blind 40
*** HOLE CARDS ***
Dealt to Mahu2021 [Td 9d]
AcesFull2591: folds 
Uncalled bet (20) returned to Mahu2021
Mahu2021 collected 40 from pot
Mahu2021: doesn't show hand 
*** SUMMARY ***
Total pot 40 | Rake 0 
Seat 2: Mahu2021 (big blind) collected (40)
Seat 3: AcesFull2591 (button) (small blind) folded before Flop



PokerStars Hand #253355001561: Tournament #3822387707, $1.84+$0.16 USD Hold'em No Limit - Level III (20/40) - 2024/11/11 9:57:59 CET [2024/11/11 3:57:59 ET]
Table '3822387707 1' 3-max Seat #2 is the button
Seat 2: Mahu2021 (905 in chips) 
Seat 3: AcesFull2591 (595 in chips) 
Mahu2021: posts small blind 20
AcesFull2591: posts big blind 40
*** HOLE CARDS ***
Dealt to Mahu2021 [9h 3h]
Mahu2021: calls 20
AcesFull2591: raises 80 to 120
Mahu2021: folds 
Uncalled bet (80) returned to AcesFull2591
AcesFull2591 collected 80 from pot
AcesFull2591: doesn't show hand 
*** SUMMARY ***
Total pot 80 | Rake 0 
Seat 2: Mahu2021 (button) (small blind) folded before Flop
Seat 3: AcesFull2591 (big blind) collected (80)



PokerStars Hand #253355002237: Tournament #3822387707, $1.84+$0.16 USD Hold'em No Limit - Level III (20/40) - 2024/11/11 9:58:08 CET [2024/11/11 3:58:08 ET]
Table '3822387707 1' 3-max Seat #3 is the button
Seat 2: Mahu2021 (865 in chips) 
Seat 3: AcesFull2591 (635 in chips) 
AcesFull2591: posts small blind 20
Mahu2021: posts big blind 40
*** HOLE CARDS ***
Dealt to Mahu2021 [Js 5s]
AcesFull2591: calls 20
Mahu2021: checks 
*** FLOP *** [3c 2h 6c]
Mahu2021: checks 
AcesFull2591: bets 40
Mahu2021: calls 40
*** TURN *** [3c 2h 6c] [9c]
Mahu2021: checks 
AcesFull2591: bets 40
Mahu2021: folds 
Uncalled bet (40) returned to AcesFull2591
AcesFull2591 collected 160 from pot
AcesFull2591: doesn't show hand 
*** SUMMARY ***
Total pot 160 | Rake 0 
Board [3c 2h 6c 9c]
Seat 2: Mahu2021 (big blind) folded on the Turn
Seat 3: AcesFull2591 (button) (small blind) collected (160)



PokerStars Hand #253355003400: Tournament #3822387707, $1.84+$0.16 USD Hold'em No Limit - Level III (20/40) - 2024/11/11 9:58:24 CET [2024/11/11 3:58:24 ET]
Table '3822387707 1' 3-max Seat #2 is the button
Seat 2: Mahu2021 (785 in chips) 
Seat 3: AcesFull2591 (715 in chips) 
Mahu2021: posts small blind 20
AcesFull2591: posts big blind 40
*** HOLE CARDS ***
Dealt to Mahu2021 [2h 2d]
Mahu2021: raises 40 to 80
AcesFull2591: raises 635 to 715 and is all-in
Mahu2021: calls 635
*** FLOP *** [Kh Js Jc]
*** TURN *** [Kh Js Jc] [Th]
*** RIVER *** [Kh Js Jc Th] [As]
*** SHOW DOWN ***
AcesFull2591: shows [Ad Ks] (two pair, Aces and Kings)
Mahu2021: shows [2h 2d] (two pair, Jacks and Deuces)
AcesFull2591 collected 1430 from pot
*** SUMMARY ***
Total pot 1430 | Rake 0 
Board [Kh Js Jc Th As]
Seat 2: Mahu2021 (button) (small blind) showed [2h 2d] and lost with two pair, Jacks and Deuces
Seat 3: AcesFull2591 (big blind) showed [Ad Ks] and won (1430) with two pair, Aces and Kings



PokerStars Hand #253355004443: Tournament #3822387707, $1.84+$0.16 USD Hold'em No Limit - Level III (20/40) - 2024/11/11 9:58:39 CET [2024/11/11 3:58:39 ET]
Table '3822387707 1' 3-max Seat #3 is the button
Seat 2: Mahu2021 (70 in chips) 
Seat 3: AcesFull2591 (1430 in chips) 
AcesFull2591: posts small blind 20
Mahu2021: posts big blind 40
*** HOLE CARDS ***
Dealt to Mahu2021 [9d 9c]
AcesFull2591: folds 
Uncalled bet (20) returned to Mahu2021
Mahu2021 collected 40 from pot
Mahu2021: doesn't show hand 
*** SUMMARY ***
Total pot 40 | Rake 0 
Seat 2: Mahu2021 (big blind) collected (40)
Seat 3: AcesFull2591 (button) (small blind) folded before Flop



PokerStars Hand #253355005000: Tournament #3822387707, $1.84+$0.16 USD Hold'em No Limit - Level III (20/40) - 2024/11/11 9:58:46 CET [2024/11/11 3:58:46 ET]
Table '3822387707 1' 3-max Seat #2 is the button
Seat 2: Mahu2021 (90 in chips) 
Seat 3: AcesFull2591 (1410 in chips) 
Mahu2021: posts small blind 20
AcesFull2591: posts big blind 40
*** HOLE CARDS ***
Dealt to Mahu2021 [4d 7c]
Mahu2021: folds 
Uncalled bet (20) returned to AcesFull2591
AcesFull2591 collected 40 from pot
AcesFull2591: doesn't show hand 
*** SUMMARY ***
Total pot 40 | Rake 0 
Seat 2: Mahu2021 (button) (small blind) folded before Flop
Seat 3: AcesFull2591 (big blind) collected (40)



PokerStars Hand #253355005317: Tournament #3822387707, $1.84+$0.16 USD Hold'em No Limit - Level III (20/40) - 2024/11/11 9:58:51 CET [2024/11/11 3:58:51 ET]
Table '3822387707 1' 3-max Seat #3 is the button
Seat 2: Mahu2021 (70 in chips) 
Seat 3: AcesFull2591 (1430 in chips) 
AcesFull2591: posts small blind 20
Mahu2021: posts big blind 40
*** HOLE CARDS ***
Dealt to Mahu2021 [Jd 4d]
AcesFull2591: raises 40 to 80
Mahu2021: calls 30 and is all-in
Uncalled bet (10) returned to AcesFull2591
*** FLOP *** [4h Th 3d]
*** TURN *** [4h Th 3d] [8s]
*** RIVER *** [4h Th 3d 8s] [Qc]
*** SHOW DOWN ***
Mahu2021: shows [Jd 4d] (a pair of Fours)
AcesFull2591: shows [Kd Ts] (a pair of Tens)
AcesFull2591 collected 140 from pot
Mahu2021 finished the tournament in 2nd place
AcesFull2591 wins the tournament and receives $6.00 - congratulations!
*** SUMMARY ***
Total pot 140 | Rake 0 
Board [4h Th 3d 8s Qc]
Seat 2: Mahu2021 (big blind) showed [Jd 4d] and lost with a pair of Fours
Seat 3: AcesFull2591 (button) (small blind) showed [Kd Ts] and won (140) with a pair of Tens



