PokerStars Hand #249723816896: Tournament #3735974912, $1.84+$0.16 USD Hold'em No Limit - Level I (10/20) - 2024/03/31 18:14:01 CET [2024/03/31 12:14:01 ET]
Table '3735974912 1' 3-max Seat #1 is the button
Seat 1: Blobi666 (500 in chips) 
Seat 2: Mahu2021 (500 in chips) 
Seat 3: mebrada1 (500 in chips) 
Mahu2021: posts small blind 10
mebrada1: posts big blind 20
*** HOLE CARDS ***
Dealt to Mahu2021 [6h Kh]
Blobi666: folds 
Mahu2021: raises 20 to 40
mebrada1: calls 20
*** FLOP *** [Tc 7d 2c]
Mahu2021: checks 
mebrada1: checks 
*** TURN *** [Tc 7d 2c] [2s]
Mahu2021: checks 
mebrada1: bets 80
Mahu2021: folds 
Uncalled bet (80) returned to mebrada1
mebrada1 collected 80 from pot
mebrada1: doesn't show hand 
*** SUMMARY ***
Total pot 80 | Rake 0 
Board [Tc 7d 2c 2s]
Seat 1: Blobi666 (button) folded before Flop (didn't bet)
Seat 2: Mahu2021 (small blind) folded on the Turn
Seat 3: mebrada1 (big blind) collected (80)



PokerStars Hand #249723821430: Tournament #3735974912, $1.84+$0.16 USD Hold'em No Limit - Level I (10/20) - 2024/03/31 18:14:17 CET [2024/03/31 12:14:17 ET]
Table '3735974912 1' 3-max Seat #2 is the button
Seat 1: Blobi666 (500 in chips) 
Seat 2: Mahu2021 (460 in chips) 
Seat 3: mebrada1 (540 in chips) 
mebrada1: posts small blind 10
Blobi666: posts big blind 20
*** HOLE CARDS ***
Dealt to Mahu2021 [2s 7d]
Mahu2021: folds 
mebrada1: calls 10
Blobi666: checks 
*** FLOP *** [3d 8s 2h]
mebrada1: checks 
Blobi666: bets 20
mebrada1: calls 20
*** TURN *** [3d 8s 2h] [Qc]
mebrada1: checks 
Blobi666: bets 40
mebrada1: calls 40
*** RIVER *** [3d 8s 2h Qc] [9h]
mebrada1: checks 
Blobi666: bets 80
mebrada1: calls 80
*** SHOW DOWN ***
Blobi666: shows [7s Qs] (a pair of Queens)
mebrada1: mucks hand 
Blobi666 collected 320 from pot
*** SUMMARY ***
Total pot 320 | Rake 0 
Board [3d 8s 2h Qc 9h]
Seat 1: Blobi666 (big blind) showed [7s Qs] and won (320) with a pair of Queens
Seat 2: Mahu2021 (button) folded before Flop (didn't bet)
Seat 3: mebrada1 (small blind) mucked [Jc 2d]



PokerStars Hand #249723831298: Tournament #3735974912, $1.84+$0.16 USD Hold'em No Limit - Level I (10/20) - 2024/03/31 18:14:51 CET [2024/03/31 12:14:51 ET]
Table '3735974912 1' 3-max Seat #3 is the button
Seat 1: Blobi666 (660 in chips) 
Seat 2: Mahu2021 (460 in chips) 
Seat 3: mebrada1 (380 in chips) 
Blobi666: posts small blind 10
Mahu2021: posts big blind 20
*** HOLE CARDS ***
Dealt to Mahu2021 [7d 8c]
mebrada1: raises 360 to 380 and is all-in
Blobi666: folds 
Mahu2021: folds 
Uncalled bet (360) returned to mebrada1
mebrada1 collected 50 from pot
mebrada1: doesn't show hand 
*** SUMMARY ***
Total pot 50 | Rake 0 
Seat 1: Blobi666 (small blind) folded before Flop
Seat 2: Mahu2021 (big blind) folded before Flop
Seat 3: mebrada1 (button) collected (50)



PokerStars Hand #249723833738: Tournament #3735974912, $1.84+$0.16 USD Hold'em No Limit - Level I (10/20) - 2024/03/31 18:14:59 CET [2024/03/31 12:14:59 ET]
Table '3735974912 1' 3-max Seat #1 is the button
Seat 1: Blobi666 (650 in chips) 
Seat 2: Mahu2021 (440 in chips) 
Seat 3: mebrada1 (410 in chips) 
Mahu2021: posts small blind 10
mebrada1: posts big blind 20
*** HOLE CARDS ***
Dealt to Mahu2021 [3d Ac]
Blobi666: folds 
Mahu2021: raises 20 to 40
mebrada1: calls 20
*** FLOP *** [9s Td 2h]
Mahu2021: checks 
mebrada1: checks 
*** TURN *** [9s Td 2h] [7d]
Mahu2021: checks 
mebrada1: bets 80
Mahu2021: calls 80
*** RIVER *** [9s Td 2h 7d] [2s]
Mahu2021: checks 
mebrada1: bets 120
Mahu2021: folds 
Uncalled bet (120) returned to mebrada1
mebrada1 collected 240 from pot
mebrada1: doesn't show hand 
*** SUMMARY ***
Total pot 240 | Rake 0 
Board [9s Td 2h 7d 2s]
Seat 1: Blobi666 (button) folded before Flop (didn't bet)
Seat 2: Mahu2021 (small blind) folded on the River
Seat 3: mebrada1 (big blind) collected (240)



PokerStars Hand #249723840106: Tournament #3735974912, $1.84+$0.16 USD Hold'em No Limit - Level I (10/20) - 2024/03/31 18:15:20 CET [2024/03/31 12:15:20 ET]
Table '3735974912 1' 3-max Seat #2 is the button
Seat 1: Blobi666 (650 in chips) 
Seat 2: Mahu2021 (320 in chips) 
Seat 3: mebrada1 (530 in chips) 
mebrada1: posts small blind 10
Blobi666: posts big blind 20
*** HOLE CARDS ***
Dealt to Mahu2021 [Ah Js]
Mahu2021: raises 20 to 40
mebrada1: calls 30
Blobi666: calls 20
*** FLOP *** [8h Jd Jc]
mebrada1: checks 
Blobi666: checks 
Mahu2021: bets 40
mebrada1: calls 40
Blobi666: calls 40
*** TURN *** [8h Jd Jc] [6s]
mebrada1: checks 
Blobi666: checks 
Mahu2021: bets 80
mebrada1: calls 80
Blobi666: calls 80
*** RIVER *** [8h Jd Jc 6s] [Ac]
mebrada1: checks 
Blobi666: bets 240
Mahu2021: calls 160 and is all-in
mebrada1: folds 
Uncalled bet (80) returned to Blobi666
*** SHOW DOWN ***
Blobi666: shows [Jh 2h] (three of a kind, Jacks)
Mahu2021: shows [Ah Js] (a full house, Jacks full of Aces)
Mahu2021 collected 800 from pot
*** SUMMARY ***
Total pot 800 | Rake 0 
Board [8h Jd Jc 6s Ac]
Seat 1: Blobi666 (big blind) showed [Jh 2h] and lost with three of a kind, Jacks
Seat 2: Mahu2021 (button) showed [Ah Js] and won (800) with a full house, Jacks full of Aces
Seat 3: mebrada1 (small blind) folded on the River



PokerStars Hand #249723854974: Tournament #3735974912, $1.84+$0.16 USD Hold'em No Limit - Level II (15/30) - 2024/03/31 18:16:11 CET [2024/03/31 12:16:11 ET]
Table '3735974912 1' 3-max Seat #3 is the button
Seat 1: Blobi666 (330 in chips) 
Seat 2: Mahu2021 (800 in chips) 
Seat 3: mebrada1 (370 in chips) 
Blobi666: posts small blind 15
Mahu2021: posts big blind 30
*** HOLE CARDS ***
Dealt to Mahu2021 [7s Ad]
mebrada1: raises 30 to 60
Blobi666: folds 
Mahu2021: calls 30
*** FLOP *** [7h Ts 9s]
Mahu2021: checks 
mebrada1: bets 30
Mahu2021: raises 710 to 740 and is all-in
mebrada1: folds 
Uncalled bet (710) returned to Mahu2021
Mahu2021 collected 195 from pot
Mahu2021: doesn't show hand 
*** SUMMARY ***
Total pot 195 | Rake 0 
Board [7h Ts 9s]
Seat 1: Blobi666 (small blind) folded before Flop
Seat 2: Mahu2021 (big blind) collected (195)
Seat 3: mebrada1 (button) folded on the Flop



PokerStars Hand #249723860731: Tournament #3735974912, $1.84+$0.16 USD Hold'em No Limit - Level II (15/30) - 2024/03/31 18:16:30 CET [2024/03/31 12:16:30 ET]
Table '3735974912 1' 3-max Seat #1 is the button
Seat 1: Blobi666 (315 in chips) 
Seat 2: Mahu2021 (905 in chips) 
Seat 3: mebrada1 (280 in chips) 
Mahu2021: posts small blind 15
mebrada1: posts big blind 30
*** HOLE CARDS ***
Dealt to Mahu2021 [8d Kh]
Blobi666: folds 
Mahu2021: raises 30 to 60
mebrada1: raises 220 to 280 and is all-in
Mahu2021: calls 220
*** FLOP *** [9d 2s Qs]
*** TURN *** [9d 2s Qs] [6s]
*** RIVER *** [9d 2s Qs 6s] [8s]
*** SHOW DOWN ***
Mahu2021: shows [8d Kh] (a pair of Eights)
mebrada1: shows [Ah Ad] (a pair of Aces)
mebrada1 collected 560 from pot
*** SUMMARY ***
Total pot 560 | Rake 0 
Board [9d 2s Qs 6s 8s]
Seat 1: Blobi666 (button) folded before Flop (didn't bet)
Seat 2: Mahu2021 (small blind) showed [8d Kh] and lost with a pair of Eights
Seat 3: mebrada1 (big blind) showed [Ah Ad] and won (560) with a pair of Aces



PokerStars Hand #249723865547: Tournament #3735974912, $1.84+$0.16 USD Hold'em No Limit - Level II (15/30) - 2024/03/31 18:16:46 CET [2024/03/31 12:16:46 ET]
Table '3735974912 1' 3-max Seat #2 is the button
Seat 1: Blobi666 (315 in chips) 
Seat 2: Mahu2021 (625 in chips) 
Seat 3: mebrada1 (560 in chips) 
mebrada1: posts small blind 15
Blobi666: posts big blind 30
*** HOLE CARDS ***
Dealt to Mahu2021 [3s 8c]
Mahu2021: folds 
mebrada1: raises 30 to 60
Blobi666: calls 30
*** FLOP *** [4h 7d Qd]
mebrada1: bets 120
Blobi666: folds 
Uncalled bet (120) returned to mebrada1
mebrada1 collected 120 from pot
mebrada1: doesn't show hand 
*** SUMMARY ***
Total pot 120 | Rake 0 
Board [4h 7d Qd]
Seat 1: Blobi666 (big blind) folded on the Flop
Seat 2: Mahu2021 (button) folded before Flop (didn't bet)
Seat 3: mebrada1 (small blind) collected (120)



PokerStars Hand #249723869697: Tournament #3735974912, $1.84+$0.16 USD Hold'em No Limit - Level II (15/30) - 2024/03/31 18:17:00 CET [2024/03/31 12:17:00 ET]
Table '3735974912 1' 3-max Seat #3 is the button
Seat 1: Blobi666 (255 in chips) 
Seat 2: Mahu2021 (625 in chips) 
Seat 3: mebrada1 (620 in chips) 
Blobi666: posts small blind 15
Mahu2021: posts big blind 30
*** HOLE CARDS ***
Dealt to Mahu2021 [6c 7h]
mebrada1: calls 30
Blobi666: raises 30 to 60
Mahu2021: calls 30
mebrada1: calls 30
*** FLOP *** [5d Tc 3d]
Blobi666: bets 195 and is all-in
Mahu2021: folds 
mebrada1: calls 195
*** TURN *** [5d Tc 3d] [Th]
*** RIVER *** [5d Tc 3d Th] [Kd]
*** SHOW DOWN ***
Blobi666: shows [9h Ah] (a pair of Tens)
mebrada1: shows [Jd 4d] (a flush, King high)
mebrada1 collected 570 from pot
Blobi666 finished the tournament in 3rd place
*** SUMMARY ***
Total pot 570 | Rake 0 
Board [5d Tc 3d Th Kd]
Seat 1: Blobi666 (small blind) showed [9h Ah] and lost with a pair of Tens
Seat 2: Mahu2021 (big blind) folded on the Flop
Seat 3: mebrada1 (button) showed [Jd 4d] and won (570) with a flush, King high



PokerStars Hand #249723876884: Tournament #3735974912, $1.84+$0.16 USD Hold'em No Limit - Level II (15/30) - 2024/03/31 18:17:25 CET [2024/03/31 12:17:25 ET]
Table '3735974912 1' 3-max Seat #2 is the button
Seat 2: Mahu2021 (565 in chips) 
Seat 3: mebrada1 (935 in chips) 
Mahu2021: posts small blind 15
mebrada1: posts big blind 30
*** HOLE CARDS ***
Dealt to Mahu2021 [Js 4s]
Mahu2021: raises 30 to 60
mebrada1: calls 30
*** FLOP *** [Kh Qs 8s]
mebrada1: checks 
Mahu2021: bets 120
mebrada1: folds 
Uncalled bet (120) returned to Mahu2021
Mahu2021 collected 120 from pot
Mahu2021: doesn't show hand 
*** SUMMARY ***
Total pot 120 | Rake 0 
Board [Kh Qs 8s]
Seat 2: Mahu2021 (button) (small blind) collected (120)
Seat 3: mebrada1 (big blind) folded on the Flop



PokerStars Hand #249723882750: Tournament #3735974912, $1.84+$0.16 USD Hold'em No Limit - Level II (15/30) - 2024/03/31 18:17:44 CET [2024/03/31 12:17:44 ET]
Table '3735974912 1' 3-max Seat #3 is the button
Seat 2: Mahu2021 (625 in chips) 
Seat 3: mebrada1 (875 in chips) 
mebrada1: posts small blind 15
Mahu2021: posts big blind 30
*** HOLE CARDS ***
Dealt to Mahu2021 [9c Qd]
mebrada1: calls 15
Mahu2021: checks 
*** FLOP *** [6h 7h Qc]
Mahu2021: checks 
mebrada1: checks 
*** TURN *** [6h 7h Qc] [Ah]
Mahu2021: checks 
mebrada1: checks 
*** RIVER *** [6h 7h Qc Ah] [Kc]
Mahu2021: bets 60
mebrada1: calls 60
*** SHOW DOWN ***
Mahu2021: shows [9c Qd] (a pair of Queens)
mebrada1: mucks hand 
Mahu2021 collected 180 from pot
*** SUMMARY ***
Total pot 180 | Rake 0 
Board [6h 7h Qc Ah Kc]
Seat 2: Mahu2021 (big blind) showed [9c Qd] and won (180) with a pair of Queens
Seat 3: mebrada1 (button) (small blind) mucked [4c 4d]



PokerStars Hand #249723889138: Tournament #3735974912, $1.84+$0.16 USD Hold'em No Limit - Level III (20/40) - 2024/03/31 18:18:06 CET [2024/03/31 12:18:06 ET]
Table '3735974912 1' 3-max Seat #2 is the button
Seat 2: Mahu2021 (715 in chips) 
Seat 3: mebrada1 (785 in chips) 
Mahu2021: posts small blind 20
mebrada1: posts big blind 40
*** HOLE CARDS ***
Dealt to Mahu2021 [Kc 9d]
Mahu2021: raises 40 to 80
mebrada1: calls 40
*** FLOP *** [3c 5h 4c]
mebrada1: bets 40
Mahu2021: folds 
Uncalled bet (40) returned to mebrada1
mebrada1 collected 160 from pot
mebrada1: doesn't show hand 
*** SUMMARY ***
Total pot 160 | Rake 0 
Board [3c 5h 4c]
Seat 2: Mahu2021 (button) (small blind) folded on the Flop
Seat 3: mebrada1 (big blind) collected (160)



PokerStars Hand #249723892673: Tournament #3735974912, $1.84+$0.16 USD Hold'em No Limit - Level III (20/40) - 2024/03/31 18:18:18 CET [2024/03/31 12:18:18 ET]
Table '3735974912 1' 3-max Seat #3 is the button
Seat 2: Mahu2021 (635 in chips) 
Seat 3: mebrada1 (865 in chips) 
mebrada1: posts small blind 20
Mahu2021: posts big blind 40
*** HOLE CARDS ***
Dealt to Mahu2021 [9c 4d]
mebrada1: calls 20
Mahu2021: checks 
*** FLOP *** [2c Tc 8h]
Mahu2021: checks 
mebrada1: checks 
*** TURN *** [2c Tc 8h] [4s]
Mahu2021: checks 
mebrada1: checks 
*** RIVER *** [2c Tc 8h 4s] [3d]
Mahu2021: bets 40
mebrada1: folds 
Uncalled bet (40) returned to Mahu2021
Mahu2021 collected 80 from pot
Mahu2021: doesn't show hand 
*** SUMMARY ***
Total pot 80 | Rake 0 
Board [2c Tc 8h 4s 3d]
Seat 2: Mahu2021 (big blind) collected (80)
Seat 3: mebrada1 (button) (small blind) folded on the River



PokerStars Hand #249723896913: Tournament #3735974912, $1.84+$0.16 USD Hold'em No Limit - Level III (20/40) - 2024/03/31 18:18:32 CET [2024/03/31 12:18:32 ET]
Table '3735974912 1' 3-max Seat #2 is the button
Seat 2: Mahu2021 (675 in chips) 
Seat 3: mebrada1 (825 in chips) 
Mahu2021: posts small blind 20
mebrada1: posts big blind 40
*** HOLE CARDS ***
Dealt to Mahu2021 [4s 3c]
Mahu2021: calls 20
mebrada1: raises 40 to 80
Mahu2021: calls 40
*** FLOP *** [Kc Js 2d]
mebrada1: bets 80
Mahu2021: folds 
Uncalled bet (80) returned to mebrada1
mebrada1 collected 160 from pot
mebrada1: doesn't show hand 
*** SUMMARY ***
Total pot 160 | Rake 0 
Board [Kc Js 2d]
Seat 2: Mahu2021 (button) (small blind) folded on the Flop
Seat 3: mebrada1 (big blind) collected (160)



PokerStars Hand #249723900642: Tournament #3735974912, $1.84+$0.16 USD Hold'em No Limit - Level III (20/40) - 2024/03/31 18:18:45 CET [2024/03/31 12:18:45 ET]
Table '3735974912 1' 3-max Seat #3 is the button
Seat 2: Mahu2021 (595 in chips) 
Seat 3: mebrada1 (905 in chips) 
mebrada1: posts small blind 20
Mahu2021: posts big blind 40
*** HOLE CARDS ***
Dealt to Mahu2021 [8d 5d]
mebrada1: folds 
Uncalled bet (20) returned to Mahu2021
Mahu2021 collected 40 from pot
Mahu2021: doesn't show hand 
*** SUMMARY ***
Total pot 40 | Rake 0 
Seat 2: Mahu2021 (big blind) collected (40)
Seat 3: mebrada1 (button) (small blind) folded before Flop



PokerStars Hand #249723902273: Tournament #3735974912, $1.84+$0.16 USD Hold'em No Limit - Level III (20/40) - 2024/03/31 18:18:50 CET [2024/03/31 12:18:50 ET]
Table '3735974912 1' 3-max Seat #2 is the button
Seat 2: Mahu2021 (615 in chips) 
Seat 3: mebrada1 (885 in chips) 
Mahu2021: posts small blind 20
mebrada1: posts big blind 40
*** HOLE CARDS ***
Dealt to Mahu2021 [Qd 4s]
Mahu2021: calls 20
mebrada1: checks 
*** FLOP *** [3c 3h Ad]
mebrada1: checks 
Mahu2021: bets 40
mebrada1: folds 
Uncalled bet (40) returned to Mahu2021
Mahu2021 collected 80 from pot
Mahu2021: doesn't show hand 
*** SUMMARY ***
Total pot 80 | Rake 0 
Board [3c 3h Ad]
Seat 2: Mahu2021 (button) (small blind) collected (80)
Seat 3: mebrada1 (big blind) folded on the Flop



PokerStars Hand #249723906874: Tournament #3735974912, $1.84+$0.16 USD Hold'em No Limit - Level III (20/40) - 2024/03/31 18:19:06 CET [2024/03/31 12:19:06 ET]
Table '3735974912 1' 3-max Seat #3 is the button
Seat 2: Mahu2021 (655 in chips) 
Seat 3: mebrada1 (845 in chips) 
mebrada1: posts small blind 20
Mahu2021: posts big blind 40
*** HOLE CARDS ***
Dealt to Mahu2021 [7h Ad]
mebrada1: calls 20
Mahu2021: raises 80 to 120
mebrada1: folds 
Uncalled bet (80) returned to Mahu2021
Mahu2021 collected 80 from pot
Mahu2021: doesn't show hand 
*** SUMMARY ***
Total pot 80 | Rake 0 
Seat 2: Mahu2021 (big blind) collected (80)
Seat 3: mebrada1 (button) (small blind) folded before Flop



PokerStars Hand #249723909257: Tournament #3735974912, $1.84+$0.16 USD Hold'em No Limit - Level III (20/40) - 2024/03/31 18:19:14 CET [2024/03/31 12:19:14 ET]
Table '3735974912 1' 3-max Seat #2 is the button
Seat 2: Mahu2021 (695 in chips) 
Seat 3: mebrada1 (805 in chips) 
Mahu2021: posts small blind 20
mebrada1: posts big blind 40
*** HOLE CARDS ***
Dealt to Mahu2021 [5c 9d]
Mahu2021: folds 
Uncalled bet (20) returned to mebrada1
mebrada1 collected 40 from pot
mebrada1: doesn't show hand 
*** SUMMARY ***
Total pot 40 | Rake 0 
Seat 2: Mahu2021 (button) (small blind) folded before Flop
Seat 3: mebrada1 (big blind) collected (40)



PokerStars Hand #249723910710: Tournament #3735974912, $1.84+$0.16 USD Hold'em No Limit - Level III (20/40) - 2024/03/31 18:19:18 CET [2024/03/31 12:19:18 ET]
Table '3735974912 1' 3-max Seat #3 is the button
Seat 2: Mahu2021 (675 in chips) 
Seat 3: mebrada1 (825 in chips) 
mebrada1: posts small blind 20
Mahu2021: posts big blind 40
*** HOLE CARDS ***
Dealt to Mahu2021 [5h 4d]
mebrada1: calls 20
Mahu2021: checks 
*** FLOP *** [9c 2d 5c]
Mahu2021: checks 
mebrada1: checks 
*** TURN *** [9c 2d 5c] [Th]
Mahu2021: checks 
mebrada1: checks 
*** RIVER *** [9c 2d 5c Th] [6c]
Mahu2021: bets 40
mebrada1: calls 40
*** SHOW DOWN ***
Mahu2021: shows [5h 4d] (a pair of Fives)
mebrada1: shows [Ad 6h] (a pair of Sixes)
mebrada1 collected 160 from pot
*** SUMMARY ***
Total pot 160 | Rake 0 
Board [9c 2d 5c Th 6c]
Seat 2: Mahu2021 (big blind) showed [5h 4d] and lost with a pair of Fives
Seat 3: mebrada1 (button) (small blind) showed [Ad 6h] and won (160) with a pair of Sixes



PokerStars Hand #249723915014: Tournament #3735974912, $1.84+$0.16 USD Hold'em No Limit - Level III (20/40) - 2024/03/31 18:19:33 CET [2024/03/31 12:19:33 ET]
Table '3735974912 1' 3-max Seat #2 is the button
Seat 2: Mahu2021 (595 in chips) 
Seat 3: mebrada1 (905 in chips) 
Mahu2021: posts small blind 20
mebrada1: posts big blind 40
*** HOLE CARDS ***
Dealt to Mahu2021 [6h 7d]
Mahu2021: raises 40 to 80
mebrada1: calls 40
*** FLOP *** [As 9s 6s]
mebrada1: bets 40
Mahu2021: calls 40
*** TURN *** [As 9s 6s] [8c]
mebrada1: bets 40
Mahu2021: raises 435 to 475 and is all-in
mebrada1: folds 
Uncalled bet (435) returned to Mahu2021
Mahu2021 collected 320 from pot
Mahu2021: doesn't show hand 
*** SUMMARY ***
Total pot 320 | Rake 0 
Board [As 9s 6s 8c]
Seat 2: Mahu2021 (button) (small blind) collected (320)
Seat 3: mebrada1 (big blind) folded on the Turn



PokerStars Hand #249723922147: Tournament #3735974912, $1.84+$0.16 USD Hold'em No Limit - Level III (20/40) - 2024/03/31 18:19:57 CET [2024/03/31 12:19:57 ET]
Table '3735974912 1' 3-max Seat #3 is the button
Seat 2: Mahu2021 (755 in chips) 
Seat 3: mebrada1 (745 in chips) 
mebrada1: posts small blind 20
Mahu2021: posts big blind 40
*** HOLE CARDS ***
Dealt to Mahu2021 [Kh 4d]
mebrada1: calls 20
Mahu2021: checks 
*** FLOP *** [Kc 4h 8c]
Mahu2021: checks 
mebrada1: checks 
*** TURN *** [Kc 4h 8c] [5d]
Mahu2021: checks 
mebrada1: bets 40
Mahu2021: raises 80 to 120
mebrada1: calls 80
*** RIVER *** [Kc 4h 8c 5d] [7h]
Mahu2021: checks 
mebrada1: checks 
*** SHOW DOWN ***
Mahu2021: shows [Kh 4d] (two pair, Kings and Fours)
mebrada1: mucks hand 
Mahu2021 collected 320 from pot
*** SUMMARY ***
Total pot 320 | Rake 0 
Board [Kc 4h 8c 5d 7h]
Seat 2: Mahu2021 (big blind) showed [Kh 4d] and won (320) with two pair, Kings and Fours
Seat 3: mebrada1 (button) (small blind) mucked [Qh 5c]



PokerStars Hand #249723929069: Tournament #3735974912, $1.84+$0.16 USD Hold'em No Limit - Level IV (30/60) - 2024/03/31 18:20:20 CET [2024/03/31 12:20:20 ET]
Table '3735974912 1' 3-max Seat #2 is the button
Seat 2: Mahu2021 (915 in chips) 
Seat 3: mebrada1 (585 in chips) 
Mahu2021: posts small blind 30
mebrada1: posts big blind 60
*** HOLE CARDS ***
Dealt to Mahu2021 [Th Jc]
Mahu2021: raises 60 to 120
mebrada1: calls 60
*** FLOP *** [8c 5s 3c]
mebrada1: bets 240
Mahu2021: folds 
Uncalled bet (240) returned to mebrada1
mebrada1 collected 240 from pot
mebrada1: doesn't show hand 
*** SUMMARY ***
Total pot 240 | Rake 0 
Board [8c 5s 3c]
Seat 2: Mahu2021 (button) (small blind) folded on the Flop
Seat 3: mebrada1 (big blind) collected (240)



PokerStars Hand #249723932727: Tournament #3735974912, $1.84+$0.16 USD Hold'em No Limit - Level IV (30/60) - 2024/03/31 18:20:32 CET [2024/03/31 12:20:32 ET]
Table '3735974912 1' 3-max Seat #3 is the button
Seat 2: Mahu2021 (795 in chips) 
Seat 3: mebrada1 (705 in chips) 
mebrada1: posts small blind 30
Mahu2021: posts big blind 60
*** HOLE CARDS ***
Dealt to Mahu2021 [Kc 9h]
mebrada1: calls 30
Mahu2021: checks 
*** FLOP *** [Qs 3c 7c]
Mahu2021: checks 
mebrada1: bets 60
Mahu2021: calls 60
*** TURN *** [Qs 3c 7c] [Kd]
Mahu2021: checks 
mebrada1: bets 240
Mahu2021: raises 435 to 675 and is all-in
mebrada1: calls 345 and is all-in
Uncalled bet (90) returned to Mahu2021
*** RIVER *** [Qs 3c 7c Kd] [2s]
*** SHOW DOWN ***
Mahu2021: shows [Kc 9h] (a pair of Kings)
mebrada1: shows [7d 3h] (two pair, Sevens and Threes)
mebrada1 collected 1410 from pot
*** SUMMARY ***
Total pot 1410 | Rake 0 
Board [Qs 3c 7c Kd 2s]
Seat 2: Mahu2021 (big blind) showed [Kc 9h] and lost with a pair of Kings
Seat 3: mebrada1 (button) (small blind) showed [7d 3h] and won (1410) with two pair, Sevens and Threes



PokerStars Hand #249723938770: Tournament #3735974912, $1.84+$0.16 USD Hold'em No Limit - Level IV (30/60) - 2024/03/31 18:20:52 CET [2024/03/31 12:20:52 ET]
Table '3735974912 1' 3-max Seat #2 is the button
Seat 2: Mahu2021 (90 in chips) 
Seat 3: mebrada1 (1410 in chips) 
Mahu2021: posts small blind 30
mebrada1: posts big blind 60
*** HOLE CARDS ***
Dealt to Mahu2021 [6c 5d]
Mahu2021: raises 30 to 90 and is all-in
mebrada1: calls 30
*** FLOP *** [Kh 2d 4h]
*** TURN *** [Kh 2d 4h] [2h]
*** RIVER *** [Kh 2d 4h 2h] [Tc]
*** SHOW DOWN ***
mebrada1: shows [7c Ks] (two pair, Kings and Deuces)
Mahu2021: shows [6c 5d] (a pair of Deuces)
mebrada1 collected 180 from pot
Mahu2021 finished the tournament in 2nd place
mebrada1 wins the tournament and receives $4.00 - congratulations!
*** SUMMARY ***
Total pot 180 | Rake 0 
Board [Kh 2d 4h 2h Tc]
Seat 2: Mahu2021 (button) (small blind) showed [6c 5d] and lost with a pair of Deuces
Seat 3: mebrada1 (big blind) showed [7c Ks] and won (180) with two pair, Kings and Deuces



