PokerStars Hand #249159698870: Tournament #3722744162, $1.84+$0.16 USD Hold'em No Limit - Level I (10/20) - 2024/02/29 19:19:58 CET [2024/02/29 13:19:58 ET]
Table '3722744162 1' 3-max Seat #1 is the button
Seat 1: Mahu2021 (500 in chips) 
Seat 2: steinpilz1955 (500 in chips) 
Seat 3: Orangpendek0 (500 in chips) 
steinpilz1955: posts small blind 10
Orangpendek0: posts big blind 20
*** HOLE CARDS ***
Dealt to Mahu2021 [8s 5h]
Mahu2021: folds 
steinpilz1955: calls 10
Orangpendek0: checks 
*** FLOP *** [5c 4c Qh]
steinpilz1955: checks 
Orangpendek0: checks 
*** TURN *** [5c 4c Qh] [5s]
steinpilz1955: checks 
Orangpendek0: bets 20
steinpilz1955: calls 20
*** RIVER *** [5c 4c Qh 5s] [6c]
steinpilz1955: bets 360
Orangpendek0: folds 
Uncalled bet (360) returned to steinpilz1955
steinpilz1955 collected 80 from pot
steinpilz1955: doesn't show hand 
*** SUMMARY ***
Total pot 80 | Rake 0 
Board [5c 4c Qh 5s 6c]
Seat 1: Mahu2021 (button) folded before Flop (didn't bet)
Seat 2: steinpilz1955 (small blind) collected (80)
Seat 3: Orangpendek0 (big blind) folded on the River



PokerStars Hand #249159710295: Tournament #3722744162, $1.84+$0.16 USD Hold'em No Limit - Level I (10/20) - 2024/02/29 19:20:36 CET [2024/02/29 13:20:36 ET]
Table '3722744162 1' 3-max Seat #2 is the button
Seat 1: Mahu2021 (500 in chips) 
Seat 2: steinpilz1955 (540 in chips) 
Seat 3: Orangpendek0 (460 in chips) 
Orangpendek0: posts small blind 10
Mahu2021: posts big blind 20
*** HOLE CARDS ***
Dealt to Mahu2021 [Kc Ks]
steinpilz1955 has timed out
steinpilz1955: folds 
steinpilz1955 is sitting out
Orangpendek0: folds 
Uncalled bet (10) returned to Mahu2021
Mahu2021 collected 20 from pot
Mahu2021: doesn't show hand 
*** SUMMARY ***
Total pot 20 | Rake 0 
Seat 1: Mahu2021 (big blind) collected (20)
Seat 2: steinpilz1955 (button) folded before Flop (didn't bet)
Seat 3: Orangpendek0 (small blind) folded before Flop



PokerStars Hand #249159714941: Tournament #3722744162, $1.84+$0.16 USD Hold'em No Limit - Level I (10/20) - 2024/02/29 19:20:51 CET [2024/02/29 13:20:51 ET]
Table '3722744162 1' 3-max Seat #3 is the button
Seat 1: Mahu2021 (510 in chips) 
Seat 2: steinpilz1955 (540 in chips) is sitting out
Seat 3: Orangpendek0 (450 in chips) 
Mahu2021: posts small blind 10
steinpilz1955: posts big blind 20
*** HOLE CARDS ***
Dealt to Mahu2021 [As 4d]
Orangpendek0: folds 
Mahu2021: raises 20 to 40
steinpilz1955: folds 
Uncalled bet (20) returned to Mahu2021
Mahu2021 collected 40 from pot
Mahu2021: doesn't show hand 
*** SUMMARY ***
Total pot 40 | Rake 0 
Seat 1: Mahu2021 (small blind) collected (40)
Seat 2: steinpilz1955 (big blind) folded before Flop
Seat 3: Orangpendek0 (button) folded before Flop (didn't bet)



PokerStars Hand #249159716299: Tournament #3722744162, $1.84+$0.16 USD Hold'em No Limit - Level I (10/20) - 2024/02/29 19:20:56 CET [2024/02/29 13:20:56 ET]
Table '3722744162 1' 3-max Seat #1 is the button
Seat 1: Mahu2021 (530 in chips) 
Seat 2: steinpilz1955 (520 in chips) is sitting out
Seat 3: Orangpendek0 (450 in chips) 
steinpilz1955: posts small blind 10
Orangpendek0: posts big blind 20
*** HOLE CARDS ***
Dealt to Mahu2021 [Ac Js]
Mahu2021: raises 20 to 40
steinpilz1955: folds 
Orangpendek0: calls 20
*** FLOP *** [6h 3d 4c]
Orangpendek0: checks 
Mahu2021: bets 40
Orangpendek0: folds 
Uncalled bet (40) returned to Mahu2021
Mahu2021 collected 90 from pot
Mahu2021: doesn't show hand 
steinpilz1955 has returned
*** SUMMARY ***
Total pot 90 | Rake 0 
Board [6h 3d 4c]
Seat 1: Mahu2021 (button) collected (90)
Seat 2: steinpilz1955 (small blind) folded before Flop
Seat 3: Orangpendek0 (big blind) folded on the Flop



PokerStars Hand #249159720500: Tournament #3722744162, $1.84+$0.16 USD Hold'em No Limit - Level I (10/20) - 2024/02/29 19:21:09 CET [2024/02/29 13:21:09 ET]
Table '3722744162 1' 3-max Seat #2 is the button
Seat 1: Mahu2021 (580 in chips) 
Seat 2: steinpilz1955 (510 in chips) 
Seat 3: Orangpendek0 (410 in chips) 
Orangpendek0: posts small blind 10
Mahu2021: posts big blind 20
*** HOLE CARDS ***
Dealt to Mahu2021 [2c Qc]
steinpilz1955: folds 
Orangpendek0: raises 20 to 40
Mahu2021: calls 20
*** FLOP *** [5c Kc Ah]
Orangpendek0: bets 30
Mahu2021: calls 30
*** TURN *** [5c Kc Ah] [5s]
Orangpendek0: checks 
Mahu2021: checks 
*** RIVER *** [5c Kc Ah 5s] [Ts]
Orangpendek0: bets 50
Mahu2021: folds 
Uncalled bet (50) returned to Orangpendek0
Orangpendek0 collected 140 from pot
Orangpendek0: doesn't show hand 
*** SUMMARY ***
Total pot 140 | Rake 0 
Board [5c Kc Ah 5s Ts]
Seat 1: Mahu2021 (big blind) folded on the River
Seat 2: steinpilz1955 (button) folded before Flop (didn't bet)
Seat 3: Orangpendek0 (small blind) collected (140)



PokerStars Hand #249159728363: Tournament #3722744162, $1.84+$0.16 USD Hold'em No Limit - Level I (10/20) - 2024/02/29 19:21:36 CET [2024/02/29 13:21:36 ET]
Table '3722744162 1' 3-max Seat #3 is the button
Seat 1: Mahu2021 (510 in chips) 
Seat 2: steinpilz1955 (510 in chips) 
Seat 3: Orangpendek0 (480 in chips) 
Mahu2021: posts small blind 10
steinpilz1955: posts big blind 20
*** HOLE CARDS ***
Dealt to Mahu2021 [7h Qd]
Orangpendek0: folds 
Mahu2021: calls 10
steinpilz1955: raises 20 to 40
Mahu2021: calls 20
*** FLOP *** [9h 4h Ks]
Mahu2021: checks 
steinpilz1955: checks 
*** TURN *** [9h 4h Ks] [As]
Mahu2021: checks 
steinpilz1955: bets 20
Mahu2021: folds 
Uncalled bet (20) returned to steinpilz1955
steinpilz1955 collected 80 from pot
steinpilz1955: doesn't show hand 
*** SUMMARY ***
Total pot 80 | Rake 0 
Board [9h 4h Ks As]
Seat 1: Mahu2021 (small blind) folded on the Turn
Seat 2: steinpilz1955 (big blind) collected (80)
Seat 3: Orangpendek0 (button) folded before Flop (didn't bet)



PokerStars Hand #249159734810: Tournament #3722744162, $1.84+$0.16 USD Hold'em No Limit - Level I (10/20) - 2024/02/29 19:21:57 CET [2024/02/29 13:21:57 ET]
Table '3722744162 1' 3-max Seat #1 is the button
Seat 1: Mahu2021 (470 in chips) 
Seat 2: steinpilz1955 (550 in chips) 
Seat 3: Orangpendek0 (480 in chips) 
steinpilz1955: posts small blind 10
Orangpendek0: posts big blind 20
*** HOLE CARDS ***
Dealt to Mahu2021 [7c 9h]
Mahu2021: folds 
steinpilz1955: folds 
Uncalled bet (10) returned to Orangpendek0
Orangpendek0 collected 20 from pot
Orangpendek0: doesn't show hand 
*** SUMMARY ***
Total pot 20 | Rake 0 
Seat 1: Mahu2021 (button) folded before Flop (didn't bet)
Seat 2: steinpilz1955 (small blind) folded before Flop
Seat 3: Orangpendek0 (big blind) collected (20)



PokerStars Hand #249159737309: Tournament #3722744162, $1.84+$0.16 USD Hold'em No Limit - Level I (10/20) - 2024/02/29 19:22:05 CET [2024/02/29 13:22:05 ET]
Table '3722744162 1' 3-max Seat #2 is the button
Seat 1: Mahu2021 (470 in chips) 
Seat 2: steinpilz1955 (540 in chips) 
Seat 3: Orangpendek0 (490 in chips) 
Orangpendek0: posts small blind 10
Mahu2021: posts big blind 20
*** HOLE CARDS ***
Dealt to Mahu2021 [Ad Jd]
steinpilz1955: folds 
Orangpendek0: folds 
Uncalled bet (10) returned to Mahu2021
Mahu2021 collected 20 from pot
Mahu2021: doesn't show hand 
*** SUMMARY ***
Total pot 20 | Rake 0 
Seat 1: Mahu2021 (big blind) collected (20)
Seat 2: steinpilz1955 (button) folded before Flop (didn't bet)
Seat 3: Orangpendek0 (small blind) folded before Flop



PokerStars Hand #249159738812: Tournament #3722744162, $1.84+$0.16 USD Hold'em No Limit - Level I (10/20) - 2024/02/29 19:22:10 CET [2024/02/29 13:22:10 ET]
Table '3722744162 1' 3-max Seat #3 is the button
Seat 1: Mahu2021 (480 in chips) 
Seat 2: steinpilz1955 (540 in chips) 
Seat 3: Orangpendek0 (480 in chips) 
Mahu2021: posts small blind 10
steinpilz1955: posts big blind 20
*** HOLE CARDS ***
Dealt to Mahu2021 [Ks Td]
Orangpendek0: folds 
Mahu2021: raises 20 to 40
steinpilz1955: calls 20
*** FLOP *** [7s 2d 2h]
Mahu2021: checks 
steinpilz1955: checks 
*** TURN *** [7s 2d 2h] [2s]
Mahu2021: checks 
steinpilz1955: bets 60
Mahu2021: calls 60
*** RIVER *** [7s 2d 2h 2s] [4c]
Mahu2021: checks 
steinpilz1955: checks 
*** SHOW DOWN ***
Mahu2021: shows [Ks Td] (three of a kind, Deuces)
steinpilz1955: mucks hand 
Mahu2021 collected 200 from pot
*** SUMMARY ***
Total pot 200 | Rake 0 
Board [7s 2d 2h 2s 4c]
Seat 1: Mahu2021 (small blind) showed [Ks Td] and won (200) with three of a kind, Deuces
Seat 2: steinpilz1955 (big blind) mucked [3s 5s]
Seat 3: Orangpendek0 (button) folded before Flop (didn't bet)



PokerStars Hand #249159745567: Tournament #3722744162, $1.84+$0.16 USD Hold'em No Limit - Level I (10/20) - 2024/02/29 19:22:32 CET [2024/02/29 13:22:32 ET]
Table '3722744162 1' 3-max Seat #1 is the button
Seat 1: Mahu2021 (580 in chips) 
Seat 2: steinpilz1955 (440 in chips) 
Seat 3: Orangpendek0 (480 in chips) 
steinpilz1955: posts small blind 10
Orangpendek0: posts big blind 20
*** HOLE CARDS ***
Dealt to Mahu2021 [Jd Kd]
Mahu2021: raises 20 to 40
steinpilz1955: folds 
Orangpendek0: calls 20
*** FLOP *** [8s 8c 8h]
Orangpendek0: checks 
Mahu2021: checks 
*** TURN *** [8s 8c 8h] [6s]
Orangpendek0: checks 
Mahu2021: checks 
*** RIVER *** [8s 8c 8h 6s] [5s]
Orangpendek0: checks 
Mahu2021: bets 40
Orangpendek0: folds 
Uncalled bet (40) returned to Mahu2021
Mahu2021 collected 90 from pot
Mahu2021: doesn't show hand 
*** SUMMARY ***
Total pot 90 | Rake 0 
Board [8s 8c 8h 6s 5s]
Seat 1: Mahu2021 (button) collected (90)
Seat 2: steinpilz1955 (small blind) folded before Flop
Seat 3: Orangpendek0 (big blind) folded on the River



PokerStars Hand #249159753270: Tournament #3722744162, $1.84+$0.16 USD Hold'em No Limit - Level I (10/20) - 2024/02/29 19:22:57 CET [2024/02/29 13:22:57 ET]
Table '3722744162 1' 3-max Seat #2 is the button
Seat 1: Mahu2021 (630 in chips) 
Seat 2: steinpilz1955 (430 in chips) 
Seat 3: Orangpendek0 (440 in chips) 
Orangpendek0: posts small blind 10
Mahu2021: posts big blind 20
*** HOLE CARDS ***
Dealt to Mahu2021 [Qc 3c]
steinpilz1955 has timed out
steinpilz1955: folds 
steinpilz1955 is sitting out
steinpilz1955 has returned
Orangpendek0: raises 20 to 40
Mahu2021: calls 20
*** FLOP *** [Ac Kh Th]
Orangpendek0: bets 20
Mahu2021: calls 20
*** TURN *** [Ac Kh Th] [Kd]
Orangpendek0: checks 
Mahu2021: bets 40
Orangpendek0: folds 
Uncalled bet (40) returned to Mahu2021
Mahu2021 collected 120 from pot
Mahu2021: doesn't show hand 
*** SUMMARY ***
Total pot 120 | Rake 0 
Board [Ac Kh Th Kd]
Seat 1: Mahu2021 (big blind) collected (120)
Seat 2: steinpilz1955 (button) folded before Flop (didn't bet)
Seat 3: Orangpendek0 (small blind) folded on the Turn



PokerStars Hand #249159767776: Tournament #3722744162, $1.84+$0.16 USD Hold'em No Limit - Level II (15/30) - 2024/02/29 19:23:45 CET [2024/02/29 13:23:45 ET]
Table '3722744162 1' 3-max Seat #3 is the button
Seat 1: Mahu2021 (690 in chips) 
Seat 2: steinpilz1955 (430 in chips) 
Seat 3: Orangpendek0 (380 in chips) 
Mahu2021: posts small blind 15
steinpilz1955: posts big blind 30
*** HOLE CARDS ***
Dealt to Mahu2021 [Qd Ah]
Orangpendek0: raises 350 to 380 and is all-in
Mahu2021: calls 365
steinpilz1955: folds 
*** FLOP *** [2c Js Ks]
*** TURN *** [2c Js Ks] [4h]
*** RIVER *** [2c Js Ks 4h] [Jh]
*** SHOW DOWN ***
Mahu2021: shows [Qd Ah] (a pair of Jacks)
Orangpendek0: shows [5c Ad] (a pair of Jacks - lower kicker)
Mahu2021 collected 790 from pot
Orangpendek0 finished the tournament in 3rd place
*** SUMMARY ***
Total pot 790 | Rake 0 
Board [2c Js Ks 4h Jh]
Seat 1: Mahu2021 (small blind) showed [Qd Ah] and won (790) with a pair of Jacks
Seat 2: steinpilz1955 (big blind) folded before Flop
Seat 3: Orangpendek0 (button) showed [5c Ad] and lost with a pair of Jacks



PokerStars Hand #249159773937: Tournament #3722744162, $1.84+$0.16 USD Hold'em No Limit - Level II (15/30) - 2024/02/29 19:24:06 CET [2024/02/29 13:24:06 ET]
Table '3722744162 1' 3-max Seat #2 is the button
Seat 1: Mahu2021 (1100 in chips) 
Seat 2: steinpilz1955 (400 in chips) 
steinpilz1955: posts small blind 15
Mahu2021: posts big blind 30
*** HOLE CARDS ***
Dealt to Mahu2021 [Tc 5h]
steinpilz1955: calls 15
Mahu2021: checks 
*** FLOP *** [2d Ts 4d]
Mahu2021: checks 
steinpilz1955: checks 
*** TURN *** [2d Ts 4d] [Ks]
Mahu2021: checks 
steinpilz1955: bets 90
Mahu2021: raises 90 to 180
steinpilz1955: raises 190 to 370 and is all-in
Mahu2021: folds 
Uncalled bet (190) returned to steinpilz1955
steinpilz1955 collected 420 from pot
steinpilz1955: doesn't show hand 
*** SUMMARY ***
Total pot 420 | Rake 0 
Board [2d Ts 4d Ks]
Seat 1: Mahu2021 (big blind) folded on the Turn
Seat 2: steinpilz1955 (button) (small blind) collected (420)



PokerStars Hand #249159789005: Tournament #3722744162, $1.84+$0.16 USD Hold'em No Limit - Level II (15/30) - 2024/02/29 19:24:55 CET [2024/02/29 13:24:55 ET]
Table '3722744162 1' 3-max Seat #1 is the button
Seat 1: Mahu2021 (890 in chips) 
Seat 2: steinpilz1955 (610 in chips) 
Mahu2021: posts small blind 15
steinpilz1955: posts big blind 30
*** HOLE CARDS ***
Dealt to Mahu2021 [As 6c]
Mahu2021: raises 30 to 60
steinpilz1955: calls 30
*** FLOP *** [4h 3d 2h]
steinpilz1955: bets 30
Mahu2021: calls 30
*** TURN *** [4h 3d 2h] [Js]
steinpilz1955: checks 
Mahu2021: checks 
*** RIVER *** [4h 3d 2h Js] [9s]
steinpilz1955: checks 
Mahu2021: checks 
*** SHOW DOWN ***
steinpilz1955: shows [7h 6d] (high card Jack)
Mahu2021: shows [As 6c] (high card Ace)
Mahu2021 collected 180 from pot
*** SUMMARY ***
Total pot 180 | Rake 0 
Board [4h 3d 2h Js 9s]
Seat 1: Mahu2021 (button) (small blind) showed [As 6c] and won (180) with high card Ace
Seat 2: steinpilz1955 (big blind) showed [7h 6d] and lost with high card Jack



PokerStars Hand #249159797132: Tournament #3722744162, $1.84+$0.16 USD Hold'em No Limit - Level II (15/30) - 2024/02/29 19:25:22 CET [2024/02/29 13:25:22 ET]
Table '3722744162 1' 3-max Seat #2 is the button
Seat 1: Mahu2021 (980 in chips) 
Seat 2: steinpilz1955 (520 in chips) 
steinpilz1955: posts small blind 15
Mahu2021: posts big blind 30
*** HOLE CARDS ***
Dealt to Mahu2021 [As 7h]
steinpilz1955: calls 15
Mahu2021: checks 
*** FLOP *** [Td 5d 8s]
Mahu2021: checks 
steinpilz1955: checks 
*** TURN *** [Td 5d 8s] [5h]
Mahu2021: bets 60
steinpilz1955: folds 
Uncalled bet (60) returned to Mahu2021
Mahu2021 collected 60 from pot
Mahu2021: doesn't show hand 
*** SUMMARY ***
Total pot 60 | Rake 0 
Board [Td 5d 8s 5h]
Seat 1: Mahu2021 (big blind) collected (60)
Seat 2: steinpilz1955 (button) (small blind) folded on the Turn



PokerStars Hand #249159802653: Tournament #3722744162, $1.84+$0.16 USD Hold'em No Limit - Level II (15/30) - 2024/02/29 19:25:40 CET [2024/02/29 13:25:40 ET]
Table '3722744162 1' 3-max Seat #1 is the button
Seat 1: Mahu2021 (1010 in chips) 
Seat 2: steinpilz1955 (490 in chips) 
Mahu2021: posts small blind 15
steinpilz1955: posts big blind 30
*** HOLE CARDS ***
Dealt to Mahu2021 [4d Ad]
Mahu2021: raises 30 to 60
steinpilz1955: calls 30
*** FLOP *** [2h 6c 4h]
steinpilz1955: checks 
Mahu2021: bets 60
steinpilz1955: calls 60
*** TURN *** [2h 6c 4h] [6d]
steinpilz1955: checks 
Mahu2021: bets 60
steinpilz1955: calls 60
*** RIVER *** [2h 6c 4h 6d] [9c]
steinpilz1955: checks 
Mahu2021: checks 
*** SHOW DOWN ***
steinpilz1955: shows [8h Jc] (a pair of Sixes)
Mahu2021: shows [4d Ad] (two pair, Sixes and Fours)
Mahu2021 collected 360 from pot
*** SUMMARY ***
Total pot 360 | Rake 0 
Board [2h 6c 4h 6d 9c]
Seat 1: Mahu2021 (button) (small blind) showed [4d Ad] and won (360) with two pair, Sixes and Fours
Seat 2: steinpilz1955 (big blind) showed [8h Jc] and lost with a pair of Sixes



PokerStars Hand #249159812567: Tournament #3722744162, $1.84+$0.16 USD Hold'em No Limit - Level III (20/40) - 2024/02/29 19:26:13 CET [2024/02/29 13:26:13 ET]
Table '3722744162 1' 3-max Seat #2 is the button
Seat 1: Mahu2021 (1190 in chips) 
Seat 2: steinpilz1955 (310 in chips) 
steinpilz1955: posts small blind 20
Mahu2021: posts big blind 40
*** HOLE CARDS ***
Dealt to Mahu2021 [Kc 9c]
steinpilz1955: calls 20
Mahu2021: raises 1150 to 1190 and is all-in
steinpilz1955: folds 
Uncalled bet (1150) returned to Mahu2021
Mahu2021 collected 80 from pot
Mahu2021: doesn't show hand 
*** SUMMARY ***
Total pot 80 | Rake 0 
Seat 1: Mahu2021 (big blind) collected (80)
Seat 2: steinpilz1955 (button) (small blind) folded before Flop



PokerStars Hand #249159815470: Tournament #3722744162, $1.84+$0.16 USD Hold'em No Limit - Level III (20/40) - 2024/02/29 19:26:22 CET [2024/02/29 13:26:22 ET]
Table '3722744162 1' 3-max Seat #1 is the button
Seat 1: Mahu2021 (1230 in chips) 
Seat 2: steinpilz1955 (270 in chips) 
Mahu2021: posts small blind 20
steinpilz1955: posts big blind 40
*** HOLE CARDS ***
Dealt to Mahu2021 [7s Jc]
Mahu2021: calls 20
steinpilz1955: raises 200 to 240
Mahu2021: calls 200
*** FLOP *** [8c Td 2d]
steinpilz1955: bets 30 and is all-in
Mahu2021: calls 30
*** TURN *** [8c Td 2d] [4s]
*** RIVER *** [8c Td 2d 4s] [Ah]
*** SHOW DOWN ***
steinpilz1955: shows [Qc Kh] (high card Ace)
Mahu2021: shows [7s Jc] (high card Ace - lower kicker)
steinpilz1955 collected 540 from pot
*** SUMMARY ***
Total pot 540 | Rake 0 
Board [8c Td 2d 4s Ah]
Seat 1: Mahu2021 (button) (small blind) showed [7s Jc] and lost with high card Ace
Seat 2: steinpilz1955 (big blind) showed [Qc Kh] and won (540) with high card Ace



PokerStars Hand #249159821960: Tournament #3722744162, $1.84+$0.16 USD Hold'em No Limit - Level III (20/40) - 2024/02/29 19:26:43 CET [2024/02/29 13:26:43 ET]
Table '3722744162 1' 3-max Seat #2 is the button
Seat 1: Mahu2021 (960 in chips) 
Seat 2: steinpilz1955 (540 in chips) 
steinpilz1955: posts small blind 20
Mahu2021: posts big blind 40
*** HOLE CARDS ***
Dealt to Mahu2021 [8s 7h]
steinpilz1955: calls 20
Mahu2021: checks 
*** FLOP *** [4c Qs Kd]
Mahu2021: checks 
steinpilz1955: checks 
*** TURN *** [4c Qs Kd] [As]
Mahu2021: bets 40
steinpilz1955: folds 
Uncalled bet (40) returned to Mahu2021
Mahu2021 collected 80 from pot
Mahu2021: doesn't show hand 
*** SUMMARY ***
Total pot 80 | Rake 0 
Board [4c Qs Kd As]
Seat 1: Mahu2021 (big blind) collected (80)
Seat 2: steinpilz1955 (button) (small blind) folded on the Turn



PokerStars Hand #249159828093: Tournament #3722744162, $1.84+$0.16 USD Hold'em No Limit - Level III (20/40) - 2024/02/29 19:27:03 CET [2024/02/29 13:27:03 ET]
Table '3722744162 1' 3-max Seat #1 is the button
Seat 1: Mahu2021 (1000 in chips) 
Seat 2: steinpilz1955 (500 in chips) 
Mahu2021: posts small blind 20
steinpilz1955: posts big blind 40
*** HOLE CARDS ***
Dealt to Mahu2021 [8h 7h]
Mahu2021: calls 20
steinpilz1955: checks 
*** FLOP *** [Jc 8c Qc]
steinpilz1955: bets 440
Mahu2021: folds 
Uncalled bet (440) returned to steinpilz1955
steinpilz1955 collected 80 from pot
steinpilz1955: doesn't show hand 
*** SUMMARY ***
Total pot 80 | Rake 0 
Board [Jc 8c Qc]
Seat 1: Mahu2021 (button) (small blind) folded on the Flop
Seat 2: steinpilz1955 (big blind) collected (80)



PokerStars Hand #249159834532: Tournament #3722744162, $1.84+$0.16 USD Hold'em No Limit - Level III (20/40) - 2024/02/29 19:27:24 CET [2024/02/29 13:27:24 ET]
Table '3722744162 1' 3-max Seat #2 is the button
Seat 1: Mahu2021 (960 in chips) 
Seat 2: steinpilz1955 (540 in chips) 
steinpilz1955: posts small blind 20
Mahu2021: posts big blind 40
*** HOLE CARDS ***
Dealt to Mahu2021 [2d 8d]
steinpilz1955: calls 20
Mahu2021: checks 
*** FLOP *** [6c 5d 8s]
Mahu2021: bets 40
steinpilz1955: calls 40
*** TURN *** [6c 5d 8s] [3h]
Mahu2021: bets 40
steinpilz1955: calls 40
*** RIVER *** [6c 5d 8s 3h] [3c]
Mahu2021: bets 40
steinpilz1955: calls 40
*** SHOW DOWN ***
Mahu2021: shows [2d 8d] (two pair, Eights and Threes)
steinpilz1955: mucks hand 
Mahu2021 collected 320 from pot
*** SUMMARY ***
Total pot 320 | Rake 0 
Board [6c 5d 8s 3h 3c]
Seat 1: Mahu2021 (big blind) showed [2d 8d] and won (320) with two pair, Eights and Threes
Seat 2: steinpilz1955 (button) (small blind) mucked [Ad 6d]



PokerStars Hand #249159840813: Tournament #3722744162, $1.84+$0.16 USD Hold'em No Limit - Level III (20/40) - 2024/02/29 19:27:44 CET [2024/02/29 13:27:44 ET]
Table '3722744162 1' 3-max Seat #1 is the button
Seat 1: Mahu2021 (1120 in chips) 
Seat 2: steinpilz1955 (380 in chips) 
Mahu2021: posts small blind 20
steinpilz1955: posts big blind 40
*** HOLE CARDS ***
Dealt to Mahu2021 [Jc Ts]
Mahu2021: raises 40 to 80
steinpilz1955: calls 40
*** FLOP *** [9c 9d 8c]
steinpilz1955: checks 
Mahu2021: bets 80
steinpilz1955: folds 
Uncalled bet (80) returned to Mahu2021
Mahu2021 collected 160 from pot
Mahu2021: doesn't show hand 
*** SUMMARY ***
Total pot 160 | Rake 0 
Board [9c 9d 8c]
Seat 1: Mahu2021 (button) (small blind) collected (160)
Seat 2: steinpilz1955 (big blind) folded on the Flop



PokerStars Hand #249159845356: Tournament #3722744162, $1.84+$0.16 USD Hold'em No Limit - Level III (20/40) - 2024/02/29 19:27:59 CET [2024/02/29 13:27:59 ET]
Table '3722744162 1' 3-max Seat #2 is the button
Seat 1: Mahu2021 (1200 in chips) 
Seat 2: steinpilz1955 (300 in chips) 
steinpilz1955: posts small blind 20
Mahu2021: posts big blind 40
*** HOLE CARDS ***
Dealt to Mahu2021 [3s 4h]
steinpilz1955: raises 40 to 80
Mahu2021: folds 
Uncalled bet (40) returned to steinpilz1955
steinpilz1955 collected 80 from pot
steinpilz1955: doesn't show hand 
*** SUMMARY ***
Total pot 80 | Rake 0 
Seat 1: Mahu2021 (big blind) folded before Flop
Seat 2: steinpilz1955 (button) (small blind) collected (80)



PokerStars Hand #249159847724: Tournament #3722744162, $1.84+$0.16 USD Hold'em No Limit - Level III (20/40) - 2024/02/29 19:28:06 CET [2024/02/29 13:28:06 ET]
Table '3722744162 1' 3-max Seat #1 is the button
Seat 1: Mahu2021 (1160 in chips) 
Seat 2: steinpilz1955 (340 in chips) 
Mahu2021: posts small blind 20
steinpilz1955: posts big blind 40
*** HOLE CARDS ***
Dealt to Mahu2021 [As 8c]
Mahu2021: raises 40 to 80
steinpilz1955: calls 40
*** FLOP *** [6h Kd 5d]
steinpilz1955: checks 
Mahu2021: checks 
*** TURN *** [6h Kd 5d] [Kh]
steinpilz1955: bets 240
Mahu2021: folds 
Uncalled bet (240) returned to steinpilz1955
steinpilz1955 collected 160 from pot
steinpilz1955: doesn't show hand 
*** SUMMARY ***
Total pot 160 | Rake 0 
Board [6h Kd 5d Kh]
Seat 1: Mahu2021 (button) (small blind) folded on the Turn
Seat 2: steinpilz1955 (big blind) collected (160)



PokerStars Hand #249159853478: Tournament #3722744162, $1.84+$0.16 USD Hold'em No Limit - Level III (20/40) - 2024/02/29 19:28:25 CET [2024/02/29 13:28:25 ET]
Table '3722744162 1' 3-max Seat #2 is the button
Seat 1: Mahu2021 (1080 in chips) 
Seat 2: steinpilz1955 (420 in chips) 
steinpilz1955: posts small blind 20
Mahu2021: posts big blind 40
*** HOLE CARDS ***
Dealt to Mahu2021 [4c 9h]
steinpilz1955: calls 20
Mahu2021: checks 
*** FLOP *** [As 5d Qd]
Mahu2021: checks 
steinpilz1955: bets 40
Mahu2021: folds 
Uncalled bet (40) returned to steinpilz1955
steinpilz1955 collected 80 from pot
steinpilz1955: doesn't show hand 
*** SUMMARY ***
Total pot 80 | Rake 0 
Board [As 5d Qd]
Seat 1: Mahu2021 (big blind) folded on the Flop
Seat 2: steinpilz1955 (button) (small blind) collected (80)



PokerStars Hand #249159857107: Tournament #3722744162, $1.84+$0.16 USD Hold'em No Limit - Level III (20/40) - 2024/02/29 19:28:37 CET [2024/02/29 13:28:37 ET]
Table '3722744162 1' 3-max Seat #1 is the button
Seat 1: Mahu2021 (1040 in chips) 
Seat 2: steinpilz1955 (460 in chips) 
Mahu2021: posts small blind 20
steinpilz1955: posts big blind 40
*** HOLE CARDS ***
Dealt to Mahu2021 [9d 2c]
Mahu2021: folds 
Uncalled bet (20) returned to steinpilz1955
steinpilz1955 collected 40 from pot
steinpilz1955: doesn't show hand 
*** SUMMARY ***
Total pot 40 | Rake 0 
Seat 1: Mahu2021 (button) (small blind) folded before Flop
Seat 2: steinpilz1955 (big blind) collected (40)



PokerStars Hand #249159858615: Tournament #3722744162, $1.84+$0.16 USD Hold'em No Limit - Level III (20/40) - 2024/02/29 19:28:42 CET [2024/02/29 13:28:42 ET]
Table '3722744162 1' 3-max Seat #2 is the button
Seat 1: Mahu2021 (1020 in chips) 
Seat 2: steinpilz1955 (480 in chips) 
steinpilz1955: posts small blind 20
Mahu2021: posts big blind 40
*** HOLE CARDS ***
Dealt to Mahu2021 [2h Jc]
steinpilz1955: raises 400 to 440
Mahu2021: folds 
Uncalled bet (400) returned to steinpilz1955
steinpilz1955 collected 80 from pot
steinpilz1955: doesn't show hand 
*** SUMMARY ***
Total pot 80 | Rake 0 
Seat 1: Mahu2021 (big blind) folded before Flop
Seat 2: steinpilz1955 (button) (small blind) collected (80)



PokerStars Hand #249159861115: Tournament #3722744162, $1.84+$0.16 USD Hold'em No Limit - Level III (20/40) - 2024/02/29 19:28:50 CET [2024/02/29 13:28:50 ET]
Table '3722744162 1' 3-max Seat #1 is the button
Seat 1: Mahu2021 (980 in chips) 
Seat 2: steinpilz1955 (520 in chips) 
Mahu2021: posts small blind 20
steinpilz1955: posts big blind 40
*** HOLE CARDS ***
Dealt to Mahu2021 [Ad 2s]
Mahu2021: calls 20
steinpilz1955: checks 
*** FLOP *** [5d Jd Ac]
steinpilz1955: checks 
Mahu2021: checks 
*** TURN *** [5d Jd Ac] [Kh]
steinpilz1955: bets 40
Mahu2021: calls 40
*** RIVER *** [5d Jd Ac Kh] [Kc]
steinpilz1955: bets 120
Mahu2021: calls 120
*** SHOW DOWN ***
steinpilz1955: shows [2c 9s] (a pair of Kings)
Mahu2021: shows [Ad 2s] (two pair, Aces and Kings)
Mahu2021 collected 400 from pot
*** SUMMARY ***
Total pot 400 | Rake 0 
Board [5d Jd Ac Kh Kc]
Seat 1: Mahu2021 (button) (small blind) showed [Ad 2s] and won (400) with two pair, Aces and Kings
Seat 2: steinpilz1955 (big blind) showed [2c 9s] and lost with a pair of Kings



PokerStars Hand #249159867745: Tournament #3722744162, $1.84+$0.16 USD Hold'em No Limit - Level IV (30/60) - 2024/02/29 19:29:11 CET [2024/02/29 13:29:11 ET]
Table '3722744162 1' 3-max Seat #2 is the button
Seat 1: Mahu2021 (1180 in chips) 
Seat 2: steinpilz1955 (320 in chips) 
steinpilz1955: posts small blind 30
Mahu2021: posts big blind 60
*** HOLE CARDS ***
Dealt to Mahu2021 [4s 7d]
steinpilz1955: calls 30
Mahu2021: checks 
*** FLOP *** [6h Th As]
Mahu2021: checks 
steinpilz1955: bets 240
Mahu2021: folds 
Uncalled bet (240) returned to steinpilz1955
steinpilz1955 collected 120 from pot
steinpilz1955: doesn't show hand 
*** SUMMARY ***
Total pot 120 | Rake 0 
Board [6h Th As]
Seat 1: Mahu2021 (big blind) folded on the Flop
Seat 2: steinpilz1955 (button) (small blind) collected (120)



PokerStars Hand #249159871408: Tournament #3722744162, $1.84+$0.16 USD Hold'em No Limit - Level IV (30/60) - 2024/02/29 19:29:23 CET [2024/02/29 13:29:23 ET]
Table '3722744162 1' 3-max Seat #1 is the button
Seat 1: Mahu2021 (1120 in chips) 
Seat 2: steinpilz1955 (380 in chips) 
Mahu2021: posts small blind 30
steinpilz1955: posts big blind 60
*** HOLE CARDS ***
Dealt to Mahu2021 [8d Ks]
Mahu2021: raises 1060 to 1120 and is all-in
steinpilz1955: folds 
Uncalled bet (1060) returned to Mahu2021
Mahu2021 collected 120 from pot
Mahu2021: doesn't show hand 
*** SUMMARY ***
Total pot 120 | Rake 0 
Seat 1: Mahu2021 (button) (small blind) collected (120)
Seat 2: steinpilz1955 (big blind) folded before Flop



PokerStars Hand #249159873627: Tournament #3722744162, $1.84+$0.16 USD Hold'em No Limit - Level IV (30/60) - 2024/02/29 19:29:31 CET [2024/02/29 13:29:31 ET]
Table '3722744162 1' 3-max Seat #2 is the button
Seat 1: Mahu2021 (1180 in chips) 
Seat 2: steinpilz1955 (320 in chips) 
steinpilz1955: posts small blind 30
Mahu2021: posts big blind 60
*** HOLE CARDS ***
Dealt to Mahu2021 [As 3c]
steinpilz1955: calls 30
Mahu2021: raises 1120 to 1180 and is all-in
steinpilz1955: calls 260 and is all-in
Uncalled bet (860) returned to Mahu2021
*** FLOP *** [6h Kc Qs]
*** TURN *** [6h Kc Qs] [7h]
*** RIVER *** [6h Kc Qs 7h] [8c]
*** SHOW DOWN ***
Mahu2021: shows [As 3c] (high card Ace)
steinpilz1955: shows [9h Tc] (a straight, Six to Ten)
steinpilz1955 collected 640 from pot
*** SUMMARY ***
Total pot 640 | Rake 0 
Board [6h Kc Qs 7h 8c]
Seat 1: Mahu2021 (big blind) showed [As 3c] and lost with high card Ace
Seat 2: steinpilz1955 (button) (small blind) showed [9h Tc] and won (640) with a straight, Six to Ten



PokerStars Hand #249159878722: Tournament #3722744162, $1.84+$0.16 USD Hold'em No Limit - Level IV (30/60) - 2024/02/29 19:29:47 CET [2024/02/29 13:29:47 ET]
Table '3722744162 1' 3-max Seat #1 is the button
Seat 1: Mahu2021 (860 in chips) 
Seat 2: steinpilz1955 (640 in chips) 
Mahu2021: posts small blind 30
steinpilz1955: posts big blind 60
*** HOLE CARDS ***
Dealt to Mahu2021 [5s 4h]
Mahu2021: calls 30
steinpilz1955: raises 540 to 600
Mahu2021: folds 
Uncalled bet (540) returned to steinpilz1955
steinpilz1955 collected 120 from pot
steinpilz1955: doesn't show hand 
*** SUMMARY ***
Total pot 120 | Rake 0 
Seat 1: Mahu2021 (button) (small blind) folded before Flop
Seat 2: steinpilz1955 (big blind) collected (120)



PokerStars Hand #249159881501: Tournament #3722744162, $1.84+$0.16 USD Hold'em No Limit - Level IV (30/60) - 2024/02/29 19:29:56 CET [2024/02/29 13:29:56 ET]
Table '3722744162 1' 3-max Seat #2 is the button
Seat 1: Mahu2021 (800 in chips) 
Seat 2: steinpilz1955 (700 in chips) 
steinpilz1955: posts small blind 30
Mahu2021: posts big blind 60
*** HOLE CARDS ***
Dealt to Mahu2021 [Jh 9c]
steinpilz1955: raises 600 to 660
Mahu2021: folds 
Uncalled bet (600) returned to steinpilz1955
steinpilz1955 collected 120 from pot
steinpilz1955: doesn't show hand 
*** SUMMARY ***
Total pot 120 | Rake 0 
Seat 1: Mahu2021 (big blind) folded before Flop
Seat 2: steinpilz1955 (button) (small blind) collected (120)



PokerStars Hand #249159884190: Tournament #3722744162, $1.84+$0.16 USD Hold'em No Limit - Level IV (30/60) - 2024/02/29 19:30:04 CET [2024/02/29 13:30:04 ET]
Table '3722744162 1' 3-max Seat #1 is the button
Seat 1: Mahu2021 (740 in chips) 
Seat 2: steinpilz1955 (760 in chips) 
Mahu2021: posts small blind 30
steinpilz1955: posts big blind 60
*** HOLE CARDS ***
Dealt to Mahu2021 [3c Kc]
Mahu2021: calls 30
steinpilz1955: checks 
*** FLOP *** [7c 3h Td]
steinpilz1955: checks 
Mahu2021: bets 60
steinpilz1955: calls 60
*** TURN *** [7c 3h Td] [Qc]
steinpilz1955: checks 
Mahu2021: bets 60
steinpilz1955: calls 60
*** RIVER *** [7c 3h Td Qc] [8s]
steinpilz1955: bets 60
Mahu2021: calls 60
*** SHOW DOWN ***
steinpilz1955: shows [8d 9h] (a pair of Eights)
Mahu2021: mucks hand 
steinpilz1955 collected 480 from pot
*** SUMMARY ***
Total pot 480 | Rake 0 
Board [7c 3h Td Qc 8s]
Seat 1: Mahu2021 (button) (small blind) mucked [3c Kc]
Seat 2: steinpilz1955 (big blind) showed [8d 9h] and won (480) with a pair of Eights



PokerStars Hand #249159891527: Tournament #3722744162, $1.84+$0.16 USD Hold'em No Limit - Level IV (30/60) - 2024/02/29 19:30:28 CET [2024/02/29 13:30:28 ET]
Table '3722744162 1' 3-max Seat #2 is the button
Seat 1: Mahu2021 (500 in chips) 
Seat 2: steinpilz1955 (1000 in chips) 
steinpilz1955: posts small blind 30
Mahu2021: posts big blind 60
*** HOLE CARDS ***
Dealt to Mahu2021 [8s 4d]
steinpilz1955: folds 
Uncalled bet (30) returned to Mahu2021
Mahu2021 collected 60 from pot
Mahu2021: doesn't show hand 
*** SUMMARY ***
Total pot 60 | Rake 0 
Seat 1: Mahu2021 (big blind) collected (60)
Seat 2: steinpilz1955 (button) (small blind) folded before Flop



PokerStars Hand #249159892996: Tournament #3722744162, $1.84+$0.16 USD Hold'em No Limit - Level IV (30/60) - 2024/02/29 19:30:32 CET [2024/02/29 13:30:32 ET]
Table '3722744162 1' 3-max Seat #1 is the button
Seat 1: Mahu2021 (530 in chips) 
Seat 2: steinpilz1955 (970 in chips) 
Mahu2021: posts small blind 30
steinpilz1955: posts big blind 60
*** HOLE CARDS ***
Dealt to Mahu2021 [4c 9h]
Mahu2021: folds 
Uncalled bet (30) returned to steinpilz1955
steinpilz1955 collected 60 from pot
steinpilz1955: doesn't show hand 
*** SUMMARY ***
Total pot 60 | Rake 0 
Seat 1: Mahu2021 (button) (small blind) folded before Flop
Seat 2: steinpilz1955 (big blind) collected (60)



PokerStars Hand #249159894361: Tournament #3722744162, $1.84+$0.16 USD Hold'em No Limit - Level IV (30/60) - 2024/02/29 19:30:37 CET [2024/02/29 13:30:37 ET]
Table '3722744162 1' 3-max Seat #2 is the button
Seat 1: Mahu2021 (500 in chips) 
Seat 2: steinpilz1955 (1000 in chips) 
steinpilz1955: posts small blind 30
Mahu2021: posts big blind 60
*** HOLE CARDS ***
Dealt to Mahu2021 [Ac Kc]
steinpilz1955: calls 30
Mahu2021: raises 440 to 500 and is all-in
steinpilz1955: folds 
Uncalled bet (440) returned to Mahu2021
Mahu2021 collected 120 from pot
Mahu2021: doesn't show hand 
*** SUMMARY ***
Total pot 120 | Rake 0 
Seat 1: Mahu2021 (big blind) collected (120)
Seat 2: steinpilz1955 (button) (small blind) folded before Flop



PokerStars Hand #249159896795: Tournament #3722744162, $1.84+$0.16 USD Hold'em No Limit - Level IV (30/60) - 2024/02/29 19:30:44 CET [2024/02/29 13:30:44 ET]
Table '3722744162 1' 3-max Seat #1 is the button
Seat 1: Mahu2021 (560 in chips) 
Seat 2: steinpilz1955 (940 in chips) 
Mahu2021: posts small blind 30
steinpilz1955: posts big blind 60
*** HOLE CARDS ***
Dealt to Mahu2021 [5d Ad]
Mahu2021: raises 60 to 120
steinpilz1955: calls 60
*** FLOP *** [8s 8d 2h]
steinpilz1955: checks 
Mahu2021: bets 440 and is all-in
steinpilz1955: folds 
Uncalled bet (440) returned to Mahu2021
Mahu2021 collected 240 from pot
Mahu2021: doesn't show hand 
*** SUMMARY ***
Total pot 240 | Rake 0 
Board [8s 8d 2h]
Seat 1: Mahu2021 (button) (small blind) collected (240)
Seat 2: steinpilz1955 (big blind) folded on the Flop



PokerStars Hand #249159903565: Tournament #3722744162, $1.84+$0.16 USD Hold'em No Limit - Level IV (30/60) - 2024/02/29 19:31:06 CET [2024/02/29 13:31:06 ET]
Table '3722744162 1' 3-max Seat #2 is the button
Seat 1: Mahu2021 (680 in chips) 
Seat 2: steinpilz1955 (820 in chips) 
steinpilz1955: posts small blind 30
Mahu2021: posts big blind 60
*** HOLE CARDS ***
Dealt to Mahu2021 [4c 7d]
steinpilz1955: raises 660 to 720
Mahu2021: folds 
Uncalled bet (660) returned to steinpilz1955
steinpilz1955 collected 120 from pot
steinpilz1955: doesn't show hand 
*** SUMMARY ***
Total pot 120 | Rake 0 
Seat 1: Mahu2021 (big blind) folded before Flop
Seat 2: steinpilz1955 (button) (small blind) collected (120)



PokerStars Hand #249159905999: Tournament #3722744162, $1.84+$0.16 USD Hold'em No Limit - Level IV (30/60) - 2024/02/29 19:31:14 CET [2024/02/29 13:31:14 ET]
Table '3722744162 1' 3-max Seat #1 is the button
Seat 1: Mahu2021 (620 in chips) 
Seat 2: steinpilz1955 (880 in chips) 
Mahu2021: posts small blind 30
steinpilz1955: posts big blind 60
*** HOLE CARDS ***
Dealt to Mahu2021 [Kh 7d]
Mahu2021: calls 30
steinpilz1955: checks 
*** FLOP *** [2s 5c 7c]
steinpilz1955: bets 60
Mahu2021: raises 500 to 560 and is all-in
steinpilz1955: folds 
Uncalled bet (500) returned to Mahu2021
Mahu2021 collected 240 from pot
Mahu2021: doesn't show hand 
*** SUMMARY ***
Total pot 240 | Rake 0 
Board [2s 5c 7c]
Seat 1: Mahu2021 (button) (small blind) collected (240)
Seat 2: steinpilz1955 (big blind) folded on the Flop



PokerStars Hand #249159910709: Tournament #3722744162, $1.84+$0.16 USD Hold'em No Limit - Level IV (30/60) - 2024/02/29 19:31:29 CET [2024/02/29 13:31:29 ET]
Table '3722744162 1' 3-max Seat #2 is the button
Seat 1: Mahu2021 (740 in chips) 
Seat 2: steinpilz1955 (760 in chips) 
steinpilz1955: posts small blind 30
Mahu2021: posts big blind 60
*** HOLE CARDS ***
Dealt to Mahu2021 [6h 5s]
steinpilz1955: calls 30
Mahu2021: checks 
*** FLOP *** [Jd 9s 6s]
Mahu2021: checks 
steinpilz1955: checks 
*** TURN *** [Jd 9s 6s] [Qs]
Mahu2021: checks 
steinpilz1955: checks 
*** RIVER *** [Jd 9s 6s Qs] [Js]
Mahu2021: bets 60
steinpilz1955: calls 60
*** SHOW DOWN ***
Mahu2021: shows [6h 5s] (a flush, Queen high)
steinpilz1955: mucks hand 
Mahu2021 collected 240 from pot
*** SUMMARY ***
Total pot 240 | Rake 0 
Board [Jd 9s 6s Qs Js]
Seat 1: Mahu2021 (big blind) showed [6h 5s] and won (240) with a flush, Queen high
Seat 2: steinpilz1955 (button) (small blind) mucked [5d Qh]



PokerStars Hand #249159915594: Tournament #3722744162, $1.84+$0.16 USD Hold'em No Limit - Level IV (30/60) - 2024/02/29 19:31:45 CET [2024/02/29 13:31:45 ET]
Table '3722744162 1' 3-max Seat #1 is the button
Seat 1: Mahu2021 (860 in chips) 
Seat 2: steinpilz1955 (640 in chips) 
Mahu2021: posts small blind 30
steinpilz1955: posts big blind 60
*** HOLE CARDS ***
Dealt to Mahu2021 [6d Kc]
Mahu2021: calls 30
steinpilz1955: raises 540 to 600
Mahu2021: folds 
Uncalled bet (540) returned to steinpilz1955
steinpilz1955 collected 120 from pot
steinpilz1955: doesn't show hand 
*** SUMMARY ***
Total pot 120 | Rake 0 
Seat 1: Mahu2021 (button) (small blind) folded before Flop
Seat 2: steinpilz1955 (big blind) collected (120)



PokerStars Hand #249159918376: Tournament #3722744162, $1.84+$0.16 USD Hold'em No Limit - Level IV (30/60) - 2024/02/29 19:31:53 CET [2024/02/29 13:31:53 ET]
Table '3722744162 1' 3-max Seat #2 is the button
Seat 1: Mahu2021 (800 in chips) 
Seat 2: steinpilz1955 (700 in chips) 
steinpilz1955: posts small blind 30
Mahu2021: posts big blind 60
*** HOLE CARDS ***
Dealt to Mahu2021 [8c Qc]
steinpilz1955: calls 30
Mahu2021: checks 
*** FLOP *** [Qd Jc Kc]
Mahu2021: checks 
steinpilz1955: bets 60
Mahu2021: calls 60
*** TURN *** [Qd Jc Kc] [9d]
Mahu2021: checks 
steinpilz1955: bets 60
Mahu2021: calls 60
*** RIVER *** [Qd Jc Kc 9d] [4d]
Mahu2021: checks 
steinpilz1955: checks 
*** SHOW DOWN ***
Mahu2021: shows [8c Qc] (a pair of Queens)
steinpilz1955: shows [8h Kd] (a pair of Kings)
steinpilz1955 collected 360 from pot
*** SUMMARY ***
Total pot 360 | Rake 0 
Board [Qd Jc Kc 9d 4d]
Seat 1: Mahu2021 (big blind) showed [8c Qc] and lost with a pair of Queens
Seat 2: steinpilz1955 (button) (small blind) showed [8h Kd] and won (360) with a pair of Kings



PokerStars Hand #249159924783: Tournament #3722744162, $1.84+$0.16 USD Hold'em No Limit - Level V (40/80) - 2024/02/29 19:32:14 CET [2024/02/29 13:32:14 ET]
Table '3722744162 1' 3-max Seat #1 is the button
Seat 1: Mahu2021 (620 in chips) 
Seat 2: steinpilz1955 (880 in chips) 
Mahu2021: posts small blind 40
steinpilz1955: posts big blind 80
*** HOLE CARDS ***
Dealt to Mahu2021 [Js Ks]
Mahu2021: raises 540 to 620 and is all-in
steinpilz1955: folds 
Uncalled bet (540) returned to Mahu2021
Mahu2021 collected 160 from pot
Mahu2021: doesn't show hand 
*** SUMMARY ***
Total pot 160 | Rake 0 
Seat 1: Mahu2021 (button) (small blind) collected (160)
Seat 2: steinpilz1955 (big blind) folded before Flop



PokerStars Hand #249159927332: Tournament #3722744162, $1.84+$0.16 USD Hold'em No Limit - Level V (40/80) - 2024/02/29 19:32:22 CET [2024/02/29 13:32:22 ET]
Table '3722744162 1' 3-max Seat #2 is the button
Seat 1: Mahu2021 (700 in chips) 
Seat 2: steinpilz1955 (800 in chips) 
steinpilz1955: posts small blind 40
Mahu2021: posts big blind 80
*** HOLE CARDS ***
Dealt to Mahu2021 [9c 5c]
steinpilz1955: calls 40
Mahu2021: checks 
*** FLOP *** [Js Jh 5s]
Mahu2021: bets 80
steinpilz1955: calls 80
*** TURN *** [Js Jh 5s] [3h]
Mahu2021: checks 
steinpilz1955: bets 80
Mahu2021: calls 80
*** RIVER *** [Js Jh 5s 3h] [8h]
Mahu2021: checks 
steinpilz1955: checks 
*** SHOW DOWN ***
Mahu2021: shows [9c 5c] (two pair, Jacks and Fives)
steinpilz1955: mucks hand 
Mahu2021 collected 480 from pot
*** SUMMARY ***
Total pot 480 | Rake 0 
Board [Js Jh 5s 3h 8h]
Seat 1: Mahu2021 (big blind) showed [9c 5c] and won (480) with two pair, Jacks and Fives
Seat 2: steinpilz1955 (button) (small blind) mucked [4d 5d]



PokerStars Hand #249159933207: Tournament #3722744162, $1.84+$0.16 USD Hold'em No Limit - Level V (40/80) - 2024/02/29 19:32:41 CET [2024/02/29 13:32:41 ET]
Table '3722744162 1' 3-max Seat #1 is the button
Seat 1: Mahu2021 (940 in chips) 
Seat 2: steinpilz1955 (560 in chips) 
Mahu2021: posts small blind 40
steinpilz1955: posts big blind 80
*** HOLE CARDS ***
Dealt to Mahu2021 [Qd 8h]
Mahu2021: calls 40
steinpilz1955: checks 
*** FLOP *** [Ac 9d Ah]
steinpilz1955: checks 
Mahu2021: bets 80
steinpilz1955: calls 80
*** TURN *** [Ac 9d Ah] [4h]
steinpilz1955: checks 
Mahu2021: checks 
*** RIVER *** [Ac 9d Ah 4h] [2d]
steinpilz1955: checks 
Mahu2021: bets 80
steinpilz1955: folds 
Uncalled bet (80) returned to Mahu2021
Mahu2021 collected 320 from pot
Mahu2021: doesn't show hand 
*** SUMMARY ***
Total pot 320 | Rake 0 
Board [Ac 9d Ah 4h 2d]
Seat 1: Mahu2021 (button) (small blind) collected (320)
Seat 2: steinpilz1955 (big blind) folded on the River



PokerStars Hand #249159940901: Tournament #3722744162, $1.84+$0.16 USD Hold'em No Limit - Level V (40/80) - 2024/02/29 19:33:05 CET [2024/02/29 13:33:05 ET]
Table '3722744162 1' 3-max Seat #2 is the button
Seat 1: Mahu2021 (1100 in chips) 
Seat 2: steinpilz1955 (400 in chips) 
steinpilz1955: posts small blind 40
Mahu2021: posts big blind 80
*** HOLE CARDS ***
Dealt to Mahu2021 [Js 3d]
steinpilz1955: raises 240 to 320
Mahu2021: folds 
Uncalled bet (240) returned to steinpilz1955
steinpilz1955 collected 160 from pot
steinpilz1955: doesn't show hand 
*** SUMMARY ***
Total pot 160 | Rake 0 
Seat 1: Mahu2021 (big blind) folded before Flop
Seat 2: steinpilz1955 (button) (small blind) collected (160)



PokerStars Hand #249159943053: Tournament #3722744162, $1.84+$0.16 USD Hold'em No Limit - Level V (40/80) - 2024/02/29 19:33:12 CET [2024/02/29 13:33:12 ET]
Table '3722744162 1' 3-max Seat #1 is the button
Seat 1: Mahu2021 (1020 in chips) 
Seat 2: steinpilz1955 (480 in chips) 
Mahu2021: posts small blind 40
steinpilz1955: posts big blind 80
*** HOLE CARDS ***
Dealt to Mahu2021 [Qs Jc]
Mahu2021: raises 80 to 160
steinpilz1955: calls 80
*** FLOP *** [4s 7c 5s]
steinpilz1955: bets 320 and is all-in
Mahu2021: folds 
Uncalled bet (320) returned to steinpilz1955
steinpilz1955 collected 320 from pot
steinpilz1955: doesn't show hand 
*** SUMMARY ***
Total pot 320 | Rake 0 
Board [4s 7c 5s]
Seat 1: Mahu2021 (button) (small blind) folded on the Flop
Seat 2: steinpilz1955 (big blind) collected (320)



PokerStars Hand #249159947195: Tournament #3722744162, $1.84+$0.16 USD Hold'em No Limit - Level V (40/80) - 2024/02/29 19:33:26 CET [2024/02/29 13:33:26 ET]
Table '3722744162 1' 3-max Seat #2 is the button
Seat 1: Mahu2021 (860 in chips) 
Seat 2: steinpilz1955 (640 in chips) 
steinpilz1955: posts small blind 40
Mahu2021: posts big blind 80
*** HOLE CARDS ***
Dealt to Mahu2021 [9c 8c]
steinpilz1955: raises 560 to 640 and is all-in
Mahu2021: folds 
Uncalled bet (560) returned to steinpilz1955
steinpilz1955 collected 160 from pot
steinpilz1955: doesn't show hand 
*** SUMMARY ***
Total pot 160 | Rake 0 
Seat 1: Mahu2021 (big blind) folded before Flop
Seat 2: steinpilz1955 (button) (small blind) collected (160)



PokerStars Hand #249159949998: Tournament #3722744162, $1.84+$0.16 USD Hold'em No Limit - Level V (40/80) - 2024/02/29 19:33:35 CET [2024/02/29 13:33:35 ET]
Table '3722744162 1' 3-max Seat #1 is the button
Seat 1: Mahu2021 (780 in chips) 
Seat 2: steinpilz1955 (720 in chips) 
Mahu2021: posts small blind 40
steinpilz1955: posts big blind 80
*** HOLE CARDS ***
Dealt to Mahu2021 [4s Qc]
Mahu2021: calls 40
steinpilz1955: raises 640 to 720 and is all-in
Mahu2021: folds 
Uncalled bet (640) returned to steinpilz1955
steinpilz1955 collected 160 from pot
steinpilz1955: doesn't show hand 
*** SUMMARY ***
Total pot 160 | Rake 0 
Seat 1: Mahu2021 (button) (small blind) folded before Flop
Seat 2: steinpilz1955 (big blind) collected (160)



PokerStars Hand #249159952564: Tournament #3722744162, $1.84+$0.16 USD Hold'em No Limit - Level V (40/80) - 2024/02/29 19:33:43 CET [2024/02/29 13:33:43 ET]
Table '3722744162 1' 3-max Seat #2 is the button
Seat 1: Mahu2021 (700 in chips) 
Seat 2: steinpilz1955 (800 in chips) 
steinpilz1955: posts small blind 40
Mahu2021: posts big blind 80
*** HOLE CARDS ***
Dealt to Mahu2021 [2h 2c]
steinpilz1955: raises 80 to 160
Mahu2021: raises 540 to 700 and is all-in
steinpilz1955: folds 
Uncalled bet (540) returned to Mahu2021
Mahu2021 collected 320 from pot
Mahu2021: doesn't show hand 
*** SUMMARY ***
Total pot 320 | Rake 0 
Seat 1: Mahu2021 (big blind) collected (320)
Seat 2: steinpilz1955 (button) (small blind) folded before Flop



PokerStars Hand #249159955277: Tournament #3722744162, $1.84+$0.16 USD Hold'em No Limit - Level V (40/80) - 2024/02/29 19:33:52 CET [2024/02/29 13:33:52 ET]
Table '3722744162 1' 3-max Seat #1 is the button
Seat 1: Mahu2021 (860 in chips) 
Seat 2: steinpilz1955 (640 in chips) 
Mahu2021: posts small blind 40
steinpilz1955: posts big blind 80
*** HOLE CARDS ***
Dealt to Mahu2021 [Jd Td]
Mahu2021: calls 40
steinpilz1955: checks 
*** FLOP *** [2s Qh 7c]
steinpilz1955: bets 80
Mahu2021: folds 
Uncalled bet (80) returned to steinpilz1955
steinpilz1955 collected 160 from pot
steinpilz1955: doesn't show hand 
*** SUMMARY ***
Total pot 160 | Rake 0 
Board [2s Qh 7c]
Seat 1: Mahu2021 (button) (small blind) folded on the Flop
Seat 2: steinpilz1955 (big blind) collected (160)



PokerStars Hand #249159958845: Tournament #3722744162, $1.84+$0.16 USD Hold'em No Limit - Level V (40/80) - 2024/02/29 19:34:03 CET [2024/02/29 13:34:03 ET]
Table '3722744162 1' 3-max Seat #2 is the button
Seat 1: Mahu2021 (780 in chips) 
Seat 2: steinpilz1955 (720 in chips) 
steinpilz1955: posts small blind 40
Mahu2021: posts big blind 80
*** HOLE CARDS ***
Dealt to Mahu2021 [Th Qc]
steinpilz1955: calls 40
Mahu2021: checks 
*** FLOP *** [Ts 5d Ah]
Mahu2021: checks 
steinpilz1955: checks 
*** TURN *** [Ts 5d Ah] [6h]
Mahu2021: checks 
steinpilz1955: bets 80
Mahu2021: calls 80
*** RIVER *** [Ts 5d Ah 6h] [2d]
Mahu2021: checks 
steinpilz1955: checks 
*** SHOW DOWN ***
Mahu2021: shows [Th Qc] (a pair of Tens)
steinpilz1955: mucks hand 
Mahu2021 collected 320 from pot
*** SUMMARY ***
Total pot 320 | Rake 0 
Board [Ts 5d Ah 6h 2d]
Seat 1: Mahu2021 (big blind) showed [Th Qc] and won (320) with a pair of Tens
Seat 2: steinpilz1955 (button) (small blind) mucked [4c 6c]



PokerStars Hand #249159964478: Tournament #3722744162, $1.84+$0.16 USD Hold'em No Limit - Level V (40/80) - 2024/02/29 19:34:21 CET [2024/02/29 13:34:21 ET]
Table '3722744162 1' 3-max Seat #1 is the button
Seat 1: Mahu2021 (940 in chips) 
Seat 2: steinpilz1955 (560 in chips) 
Mahu2021: posts small blind 40
steinpilz1955: posts big blind 80
*** HOLE CARDS ***
Dealt to Mahu2021 [Qc 6d]
Mahu2021: calls 40
steinpilz1955: raises 480 to 560 and is all-in
Mahu2021: folds 
Uncalled bet (480) returned to steinpilz1955
steinpilz1955 collected 160 from pot
steinpilz1955: doesn't show hand 
*** SUMMARY ***
Total pot 160 | Rake 0 
Seat 1: Mahu2021 (button) (small blind) folded before Flop
Seat 2: steinpilz1955 (big blind) collected (160)



PokerStars Hand #249159967000: Tournament #3722744162, $1.84+$0.16 USD Hold'em No Limit - Level V (40/80) - 2024/02/29 19:34:29 CET [2024/02/29 13:34:29 ET]
Table '3722744162 1' 3-max Seat #2 is the button
Seat 1: Mahu2021 (860 in chips) 
Seat 2: steinpilz1955 (640 in chips) 
steinpilz1955: posts small blind 40
Mahu2021: posts big blind 80
*** HOLE CARDS ***
Dealt to Mahu2021 [5d 4h]
steinpilz1955: calls 40
Mahu2021: checks 
*** FLOP *** [5h Tc 5s]
Mahu2021: checks 
steinpilz1955: checks 
*** TURN *** [5h Tc 5s] [Ts]
Mahu2021: checks 
steinpilz1955: checks 
*** RIVER *** [5h Tc 5s Ts] [3h]
Mahu2021: bets 160
steinpilz1955: folds 
Uncalled bet (160) returned to Mahu2021
Mahu2021 collected 160 from pot
Mahu2021: doesn't show hand 
*** SUMMARY ***
Total pot 160 | Rake 0 
Board [5h Tc 5s Ts 3h]
Seat 1: Mahu2021 (big blind) collected (160)
Seat 2: steinpilz1955 (button) (small blind) folded on the River



PokerStars Hand #249159973173: Tournament #3722744162, $1.84+$0.16 USD Hold'em No Limit - Level V (40/80) - 2024/02/29 19:34:49 CET [2024/02/29 13:34:49 ET]
Table '3722744162 1' 3-max Seat #1 is the button
Seat 1: Mahu2021 (940 in chips) 
Seat 2: steinpilz1955 (560 in chips) 
Mahu2021: posts small blind 40
steinpilz1955: posts big blind 80
*** HOLE CARDS ***
Dealt to Mahu2021 [2c 7d]
Mahu2021: folds 
Uncalled bet (40) returned to steinpilz1955
steinpilz1955 collected 80 from pot
steinpilz1955: doesn't show hand 
*** SUMMARY ***
Total pot 80 | Rake 0 
Seat 1: Mahu2021 (button) (small blind) folded before Flop
Seat 2: steinpilz1955 (big blind) collected (80)



PokerStars Hand #249159974662: Tournament #3722744162, $1.84+$0.16 USD Hold'em No Limit - Level V (40/80) - 2024/02/29 19:34:54 CET [2024/02/29 13:34:54 ET]
Table '3722744162 1' 3-max Seat #2 is the button
Seat 1: Mahu2021 (900 in chips) 
Seat 2: steinpilz1955 (600 in chips) 
steinpilz1955: posts small blind 40
Mahu2021: posts big blind 80
*** HOLE CARDS ***
Dealt to Mahu2021 [Qc Jc]
steinpilz1955: folds 
Uncalled bet (40) returned to Mahu2021
Mahu2021 collected 80 from pot
Mahu2021: doesn't show hand 
*** SUMMARY ***
Total pot 80 | Rake 0 
Seat 1: Mahu2021 (big blind) collected (80)
Seat 2: steinpilz1955 (button) (small blind) folded before Flop



PokerStars Hand #249159976124: Tournament #3722744162, $1.84+$0.16 USD Hold'em No Limit - Level V (40/80) - 2024/02/29 19:34:58 CET [2024/02/29 13:34:58 ET]
Table '3722744162 1' 3-max Seat #1 is the button
Seat 1: Mahu2021 (940 in chips) 
Seat 2: steinpilz1955 (560 in chips) 
Mahu2021: posts small blind 40
steinpilz1955: posts big blind 80
*** HOLE CARDS ***
Dealt to Mahu2021 [8s 4h]
Mahu2021: folds 
Uncalled bet (40) returned to steinpilz1955
steinpilz1955 collected 80 from pot
steinpilz1955: doesn't show hand 
*** SUMMARY ***
Total pot 80 | Rake 0 
Seat 1: Mahu2021 (button) (small blind) folded before Flop
Seat 2: steinpilz1955 (big blind) collected (80)



PokerStars Hand #249159978442: Tournament #3722744162, $1.84+$0.16 USD Hold'em No Limit - Level VI (50/100) - 2024/02/29 19:35:06 CET [2024/02/29 13:35:06 ET]
Table '3722744162 1' 3-max Seat #2 is the button
Seat 1: Mahu2021 (900 in chips) 
Seat 2: steinpilz1955 (600 in chips) 
steinpilz1955: posts small blind 50
Mahu2021: posts big blind 100
*** HOLE CARDS ***
Dealt to Mahu2021 [3d Tc]
steinpilz1955: folds 
Uncalled bet (50) returned to Mahu2021
Mahu2021 collected 100 from pot
Mahu2021: doesn't show hand 
*** SUMMARY ***
Total pot 100 | Rake 0 
Seat 1: Mahu2021 (big blind) collected (100)
Seat 2: steinpilz1955 (button) (small blind) folded before Flop



PokerStars Hand #249159979864: Tournament #3722744162, $1.84+$0.16 USD Hold'em No Limit - Level VI (50/100) - 2024/02/29 19:35:11 CET [2024/02/29 13:35:11 ET]
Table '3722744162 1' 3-max Seat #1 is the button
Seat 1: Mahu2021 (950 in chips) 
Seat 2: steinpilz1955 (550 in chips) 
Mahu2021: posts small blind 50
steinpilz1955: posts big blind 100
*** HOLE CARDS ***
Dealt to Mahu2021 [8c 7s]
Mahu2021: calls 50
steinpilz1955: checks 
*** FLOP *** [5s 5c Ts]
steinpilz1955: checks 
Mahu2021: checks 
*** TURN *** [5s 5c Ts] [6c]
steinpilz1955: checks 
Mahu2021: bets 100
steinpilz1955: folds 
Uncalled bet (100) returned to Mahu2021
Mahu2021 collected 200 from pot
Mahu2021: doesn't show hand 
*** SUMMARY ***
Total pot 200 | Rake 0 
Board [5s 5c Ts 6c]
Seat 1: Mahu2021 (button) (small blind) collected (200)
Seat 2: steinpilz1955 (big blind) folded on the Turn



PokerStars Hand #249159985938: Tournament #3722744162, $1.84+$0.16 USD Hold'em No Limit - Level VI (50/100) - 2024/02/29 19:35:31 CET [2024/02/29 13:35:31 ET]
Table '3722744162 1' 3-max Seat #2 is the button
Seat 1: Mahu2021 (1050 in chips) 
Seat 2: steinpilz1955 (450 in chips) 
steinpilz1955: posts small blind 50
Mahu2021: posts big blind 100
*** HOLE CARDS ***
Dealt to Mahu2021 [3d Ks]
steinpilz1955: raises 350 to 450 and is all-in
Mahu2021: calls 350
*** FLOP *** [2d Ad 8c]
*** TURN *** [2d Ad 8c] [4h]
*** RIVER *** [2d Ad 8c 4h] [Jd]
*** SHOW DOWN ***
Mahu2021: shows [3d Ks] (high card Ace)
steinpilz1955: shows [Ah 8d] (two pair, Aces and Eights)
steinpilz1955 collected 900 from pot
*** SUMMARY ***
Total pot 900 | Rake 0 
Board [2d Ad 8c 4h Jd]
Seat 1: Mahu2021 (big blind) showed [3d Ks] and lost with high card Ace
Seat 2: steinpilz1955 (button) (small blind) showed [Ah 8d] and won (900) with two pair, Aces and Eights



PokerStars Hand #249159990294: Tournament #3722744162, $1.84+$0.16 USD Hold'em No Limit - Level VI (50/100) - 2024/02/29 19:35:45 CET [2024/02/29 13:35:45 ET]
Table '3722744162 1' 3-max Seat #1 is the button
Seat 1: Mahu2021 (600 in chips) 
Seat 2: steinpilz1955 (900 in chips) 
Mahu2021: posts small blind 50
steinpilz1955: posts big blind 100
*** HOLE CARDS ***
Dealt to Mahu2021 [Th Qd]
Mahu2021: raises 500 to 600 and is all-in
steinpilz1955: folds 
Uncalled bet (500) returned to Mahu2021
Mahu2021 collected 200 from pot
Mahu2021: doesn't show hand 
*** SUMMARY ***
Total pot 200 | Rake 0 
Seat 1: Mahu2021 (button) (small blind) collected (200)
Seat 2: steinpilz1955 (big blind) folded before Flop



PokerStars Hand #249159993021: Tournament #3722744162, $1.84+$0.16 USD Hold'em No Limit - Level VI (50/100) - 2024/02/29 19:35:53 CET [2024/02/29 13:35:53 ET]
Table '3722744162 1' 3-max Seat #2 is the button
Seat 1: Mahu2021 (700 in chips) 
Seat 2: steinpilz1955 (800 in chips) 
steinpilz1955: posts small blind 50
Mahu2021: posts big blind 100
*** HOLE CARDS ***
Dealt to Mahu2021 [Qd Td]
steinpilz1955: calls 50
Mahu2021: checks 
*** FLOP *** [8c 3s 4d]
Mahu2021: checks 
steinpilz1955: checks 
*** TURN *** [8c 3s 4d] [2d]
Mahu2021: bets 100
steinpilz1955: calls 100
*** RIVER *** [8c 3s 4d 2d] [Js]
Mahu2021: checks 
steinpilz1955: checks 
*** SHOW DOWN ***
Mahu2021: shows [Qd Td] (high card Queen)
steinpilz1955: mucks hand 
Mahu2021 collected 400 from pot
*** SUMMARY ***
Total pot 400 | Rake 0 
Board [8c 3s 4d 2d Js]
Seat 1: Mahu2021 (big blind) showed [Qd Td] and won (400) with high card Queen
Seat 2: steinpilz1955 (button) (small blind) mucked [Qs 6s]



PokerStars Hand #249160001446: Tournament #3722744162, $1.84+$0.16 USD Hold'em No Limit - Level VI (50/100) - 2024/02/29 19:36:20 CET [2024/02/29 13:36:20 ET]
Table '3722744162 1' 3-max Seat #1 is the button
Seat 1: Mahu2021 (900 in chips) 
Seat 2: steinpilz1955 (600 in chips) 
Mahu2021: posts small blind 50
steinpilz1955: posts big blind 100
*** HOLE CARDS ***
Dealt to Mahu2021 [As 4d]
Mahu2021: raises 800 to 900 and is all-in
steinpilz1955: folds 
Uncalled bet (800) returned to Mahu2021
Mahu2021 collected 200 from pot
Mahu2021: doesn't show hand 
*** SUMMARY ***
Total pot 200 | Rake 0 
Seat 1: Mahu2021 (button) (small blind) collected (200)
Seat 2: steinpilz1955 (big blind) folded before Flop



PokerStars Hand #249160003977: Tournament #3722744162, $1.84+$0.16 USD Hold'em No Limit - Level VI (50/100) - 2024/02/29 19:36:28 CET [2024/02/29 13:36:28 ET]
Table '3722744162 1' 3-max Seat #2 is the button
Seat 1: Mahu2021 (1000 in chips) 
Seat 2: steinpilz1955 (500 in chips) 
steinpilz1955: posts small blind 50
Mahu2021: posts big blind 100
*** HOLE CARDS ***
Dealt to Mahu2021 [Qs Kc]
steinpilz1955: raises 400 to 500 and is all-in
Mahu2021: calls 400
*** FLOP *** [5d 3d 8s]
*** TURN *** [5d 3d 8s] [5c]
*** RIVER *** [5d 3d 8s 5c] [7s]
*** SHOW DOWN ***
Mahu2021: shows [Qs Kc] (a pair of Fives)
steinpilz1955: shows [8d As] (two pair, Eights and Fives)
steinpilz1955 collected 1000 from pot
*** SUMMARY ***
Total pot 1000 | Rake 0 
Board [5d 3d 8s 5c 7s]
Seat 1: Mahu2021 (big blind) showed [Qs Kc] and lost with a pair of Fives
Seat 2: steinpilz1955 (button) (small blind) showed [8d As] and won (1000) with two pair, Eights and Fives



PokerStars Hand #249160008176: Tournament #3722744162, $1.84+$0.16 USD Hold'em No Limit - Level VI (50/100) - 2024/02/29 19:36:42 CET [2024/02/29 13:36:42 ET]
Table '3722744162 1' 3-max Seat #1 is the button
Seat 1: Mahu2021 (500 in chips) 
Seat 2: steinpilz1955 (1000 in chips) 
Mahu2021: posts small blind 50
steinpilz1955: posts big blind 100
*** HOLE CARDS ***
Dealt to Mahu2021 [3h 2d]
Mahu2021: folds 
Uncalled bet (50) returned to steinpilz1955
steinpilz1955 collected 100 from pot
steinpilz1955: doesn't show hand 
*** SUMMARY ***
Total pot 100 | Rake 0 
Seat 1: Mahu2021 (button) (small blind) folded before Flop
Seat 2: steinpilz1955 (big blind) collected (100)



PokerStars Hand #249160009581: Tournament #3722744162, $1.84+$0.16 USD Hold'em No Limit - Level VI (50/100) - 2024/02/29 19:36:47 CET [2024/02/29 13:36:47 ET]
Table '3722744162 1' 3-max Seat #2 is the button
Seat 1: Mahu2021 (450 in chips) 
Seat 2: steinpilz1955 (1050 in chips) 
steinpilz1955: posts small blind 50
Mahu2021: posts big blind 100
*** HOLE CARDS ***
Dealt to Mahu2021 [7c 5d]
steinpilz1955: raises 950 to 1050 and is all-in
Mahu2021: folds 
Uncalled bet (950) returned to steinpilz1955
steinpilz1955 collected 200 from pot
steinpilz1955: doesn't show hand 
*** SUMMARY ***
Total pot 200 | Rake 0 
Seat 1: Mahu2021 (big blind) folded before Flop
Seat 2: steinpilz1955 (button) (small blind) collected (200)



PokerStars Hand #249160011739: Tournament #3722744162, $1.84+$0.16 USD Hold'em No Limit - Level VI (50/100) - 2024/02/29 19:36:53 CET [2024/02/29 13:36:53 ET]
Table '3722744162 1' 3-max Seat #1 is the button
Seat 1: Mahu2021 (350 in chips) 
Seat 2: steinpilz1955 (1150 in chips) 
Mahu2021: posts small blind 50
steinpilz1955: posts big blind 100
*** HOLE CARDS ***
Dealt to Mahu2021 [9c 2d]
Mahu2021: folds 
Uncalled bet (50) returned to steinpilz1955
steinpilz1955 collected 100 from pot
steinpilz1955: doesn't show hand 
*** SUMMARY ***
Total pot 100 | Rake 0 
Seat 1: Mahu2021 (button) (small blind) folded before Flop
Seat 2: steinpilz1955 (big blind) collected (100)



PokerStars Hand #249160013101: Tournament #3722744162, $1.84+$0.16 USD Hold'em No Limit - Level VI (50/100) - 2024/02/29 19:36:58 CET [2024/02/29 13:36:58 ET]
Table '3722744162 1' 3-max Seat #2 is the button
Seat 1: Mahu2021 (300 in chips) 
Seat 2: steinpilz1955 (1200 in chips) 
steinpilz1955: posts small blind 50
Mahu2021: posts big blind 100
*** HOLE CARDS ***
Dealt to Mahu2021 [4h 5c]
steinpilz1955: folds 
Uncalled bet (50) returned to Mahu2021
Mahu2021 collected 100 from pot
Mahu2021: doesn't show hand 
*** SUMMARY ***
Total pot 100 | Rake 0 
Seat 1: Mahu2021 (big blind) collected (100)
Seat 2: steinpilz1955 (button) (small blind) folded before Flop



PokerStars Hand #249160014571: Tournament #3722744162, $1.84+$0.16 USD Hold'em No Limit - Level VI (50/100) - 2024/02/29 19:37:02 CET [2024/02/29 13:37:02 ET]
Table '3722744162 1' 3-max Seat #1 is the button
Seat 1: Mahu2021 (350 in chips) 
Seat 2: steinpilz1955 (1150 in chips) 
Mahu2021: posts small blind 50
steinpilz1955: posts big blind 100
*** HOLE CARDS ***
Dealt to Mahu2021 [As 5s]
Mahu2021: raises 250 to 350 and is all-in
steinpilz1955: folds 
Uncalled bet (250) returned to Mahu2021
Mahu2021 collected 200 from pot
Mahu2021: doesn't show hand 
*** SUMMARY ***
Total pot 200 | Rake 0 
Seat 1: Mahu2021 (button) (small blind) collected (200)
Seat 2: steinpilz1955 (big blind) folded before Flop



PokerStars Hand #249160016595: Tournament #3722744162, $1.84+$0.16 USD Hold'em No Limit - Level VI (50/100) - 2024/02/29 19:37:09 CET [2024/02/29 13:37:09 ET]
Table '3722744162 1' 3-max Seat #2 is the button
Seat 1: Mahu2021 (450 in chips) 
Seat 2: steinpilz1955 (1050 in chips) 
steinpilz1955: posts small blind 50
Mahu2021: posts big blind 100
*** HOLE CARDS ***
Dealt to Mahu2021 [8d Ac]
steinpilz1955: raises 950 to 1050 and is all-in
Mahu2021: calls 350 and is all-in
Uncalled bet (600) returned to steinpilz1955
*** FLOP *** [6c 2h Ah]
*** TURN *** [6c 2h Ah] [Jh]
*** RIVER *** [6c 2h Ah Jh] [4d]
*** SHOW DOWN ***
Mahu2021: shows [8d Ac] (a pair of Aces)
steinpilz1955: shows [Ks Js] (a pair of Jacks)
Mahu2021 collected 900 from pot
*** SUMMARY ***
Total pot 900 | Rake 0 
Board [6c 2h Ah Jh 4d]
Seat 1: Mahu2021 (big blind) showed [8d Ac] and won (900) with a pair of Aces
Seat 2: steinpilz1955 (button) (small blind) showed [Ks Js] and lost with a pair of Jacks



PokerStars Hand #249160021127: Tournament #3722744162, $1.84+$0.16 USD Hold'em No Limit - Level VI (50/100) - 2024/02/29 19:37:23 CET [2024/02/29 13:37:23 ET]
Table '3722744162 1' 3-max Seat #1 is the button
Seat 1: Mahu2021 (900 in chips) 
Seat 2: steinpilz1955 (600 in chips) 
Mahu2021: posts small blind 50
steinpilz1955: posts big blind 100
*** HOLE CARDS ***
Dealt to Mahu2021 [8h Th]
Mahu2021: calls 50
steinpilz1955: raises 500 to 600 and is all-in
Mahu2021: folds 
Uncalled bet (500) returned to steinpilz1955
steinpilz1955 collected 200 from pot
steinpilz1955: doesn't show hand 
*** SUMMARY ***
Total pot 200 | Rake 0 
Seat 1: Mahu2021 (button) (small blind) folded before Flop
Seat 2: steinpilz1955 (big blind) collected (200)



PokerStars Hand #249160023826: Tournament #3722744162, $1.84+$0.16 USD Hold'em No Limit - Level VI (50/100) - 2024/02/29 19:37:32 CET [2024/02/29 13:37:32 ET]
Table '3722744162 1' 3-max Seat #2 is the button
Seat 1: Mahu2021 (800 in chips) 
Seat 2: steinpilz1955 (700 in chips) 
steinpilz1955: posts small blind 50
Mahu2021: posts big blind 100
*** HOLE CARDS ***
Dealt to Mahu2021 [7s Jh]
steinpilz1955: raises 600 to 700 and is all-in
Mahu2021: folds 
Uncalled bet (600) returned to steinpilz1955
steinpilz1955 collected 200 from pot
steinpilz1955: doesn't show hand 
*** SUMMARY ***
Total pot 200 | Rake 0 
Seat 1: Mahu2021 (big blind) folded before Flop
Seat 2: steinpilz1955 (button) (small blind) collected (200)



PokerStars Hand #249160025892: Tournament #3722744162, $1.84+$0.16 USD Hold'em No Limit - Level VI (50/100) - 2024/02/29 19:37:38 CET [2024/02/29 13:37:38 ET]
Table '3722744162 1' 3-max Seat #1 is the button
Seat 1: Mahu2021 (700 in chips) 
Seat 2: steinpilz1955 (800 in chips) 
Mahu2021: posts small blind 50
steinpilz1955: posts big blind 100
*** HOLE CARDS ***
Dealt to Mahu2021 [9h 9d]
Mahu2021: raises 600 to 700 and is all-in
steinpilz1955: folds 
Uncalled bet (600) returned to Mahu2021
Mahu2021 collected 200 from pot
Mahu2021: doesn't show hand 
*** SUMMARY ***
Total pot 200 | Rake 0 
Seat 1: Mahu2021 (button) (small blind) collected (200)
Seat 2: steinpilz1955 (big blind) folded before Flop



PokerStars Hand #249160028024: Tournament #3722744162, $1.84+$0.16 USD Hold'em No Limit - Level VI (50/100) - 2024/02/29 19:37:45 CET [2024/02/29 13:37:45 ET]
Table '3722744162 1' 3-max Seat #2 is the button
Seat 1: Mahu2021 (800 in chips) 
Seat 2: steinpilz1955 (700 in chips) 
steinpilz1955: posts small blind 50
Mahu2021: posts big blind 100
*** HOLE CARDS ***
Dealt to Mahu2021 [7h Qc]
steinpilz1955: calls 50
Mahu2021: checks 
*** FLOP *** [3s Kc 5s]
Mahu2021: checks 
steinpilz1955: bets 100
Mahu2021: folds 
Uncalled bet (100) returned to steinpilz1955
steinpilz1955 collected 200 from pot
steinpilz1955: doesn't show hand 
*** SUMMARY ***
Total pot 200 | Rake 0 
Board [3s Kc 5s]
Seat 1: Mahu2021 (big blind) folded on the Flop
Seat 2: steinpilz1955 (button) (small blind) collected (200)



PokerStars Hand #249160031825: Tournament #3722744162, $1.84+$0.16 USD Hold'em No Limit - Level VI (50/100) - 2024/02/29 19:37:57 CET [2024/02/29 13:37:57 ET]
Table '3722744162 1' 3-max Seat #1 is the button
Seat 1: Mahu2021 (700 in chips) 
Seat 2: steinpilz1955 (800 in chips) 
Mahu2021: posts small blind 50
steinpilz1955: posts big blind 100
*** HOLE CARDS ***
Dealt to Mahu2021 [2d 6s]
Mahu2021: folds 
Uncalled bet (50) returned to steinpilz1955
steinpilz1955 collected 100 from pot
steinpilz1955: doesn't show hand 
*** SUMMARY ***
Total pot 100 | Rake 0 
Seat 1: Mahu2021 (button) (small blind) folded before Flop
Seat 2: steinpilz1955 (big blind) collected (100)



PokerStars Hand #249160034631: Tournament #3722744162, $1.84+$0.16 USD Hold'em No Limit - Level VII (60/120) - 2024/02/29 19:38:06 CET [2024/02/29 13:38:06 ET]
Table '3722744162 1' 3-max Seat #2 is the button
Seat 1: Mahu2021 (650 in chips) 
Seat 2: steinpilz1955 (850 in chips) 
steinpilz1955: posts small blind 60
Mahu2021: posts big blind 120
*** HOLE CARDS ***
Dealt to Mahu2021 [3s 2s]
steinpilz1955: raises 730 to 850 and is all-in
Mahu2021: folds 
Uncalled bet (730) returned to steinpilz1955
steinpilz1955 collected 240 from pot
steinpilz1955: doesn't show hand 
*** SUMMARY ***
Total pot 240 | Rake 0 
Seat 1: Mahu2021 (big blind) folded before Flop
Seat 2: steinpilz1955 (button) (small blind) collected (240)



PokerStars Hand #249160036642: Tournament #3722744162, $1.84+$0.16 USD Hold'em No Limit - Level VII (60/120) - 2024/02/29 19:38:12 CET [2024/02/29 13:38:12 ET]
Table '3722744162 1' 3-max Seat #1 is the button
Seat 1: Mahu2021 (530 in chips) 
Seat 2: steinpilz1955 (970 in chips) 
Mahu2021: posts small blind 60
steinpilz1955: posts big blind 120
*** HOLE CARDS ***
Dealt to Mahu2021 [Kh Kd]
Mahu2021: raises 410 to 530 and is all-in
steinpilz1955: folds 
Uncalled bet (410) returned to Mahu2021
Mahu2021 collected 240 from pot
Mahu2021: doesn't show hand 
*** SUMMARY ***
Total pot 240 | Rake 0 
Seat 1: Mahu2021 (button) (small blind) collected (240)
Seat 2: steinpilz1955 (big blind) folded before Flop



PokerStars Hand #249160039029: Tournament #3722744162, $1.84+$0.16 USD Hold'em No Limit - Level VII (60/120) - 2024/02/29 19:38:20 CET [2024/02/29 13:38:20 ET]
Table '3722744162 1' 3-max Seat #2 is the button
Seat 1: Mahu2021 (650 in chips) 
Seat 2: steinpilz1955 (850 in chips) 
steinpilz1955: posts small blind 60
Mahu2021: posts big blind 120
*** HOLE CARDS ***
Dealt to Mahu2021 [3h 5c]
steinpilz1955: calls 60
Mahu2021: checks 
*** FLOP *** [8h 9c Ad]
Mahu2021: checks 
steinpilz1955: checks 
*** TURN *** [8h 9c Ad] [4c]
Mahu2021: checks 
steinpilz1955: checks 
*** RIVER *** [8h 9c Ad 4c] [Kc]
Mahu2021: bets 120
steinpilz1955: folds 
Uncalled bet (120) returned to Mahu2021
Mahu2021 collected 240 from pot
Mahu2021: doesn't show hand 
*** SUMMARY ***
Total pot 240 | Rake 0 
Board [8h 9c Ad 4c Kc]
Seat 1: Mahu2021 (big blind) collected (240)
Seat 2: steinpilz1955 (button) (small blind) folded on the River



PokerStars Hand #249160045069: Tournament #3722744162, $1.84+$0.16 USD Hold'em No Limit - Level VII (60/120) - 2024/02/29 19:38:39 CET [2024/02/29 13:38:39 ET]
Table '3722744162 1' 3-max Seat #1 is the button
Seat 1: Mahu2021 (770 in chips) 
Seat 2: steinpilz1955 (730 in chips) 
Mahu2021: posts small blind 60
steinpilz1955: posts big blind 120
*** HOLE CARDS ***
Dealt to Mahu2021 [Kh 8h]
Mahu2021: raises 650 to 770 and is all-in
steinpilz1955: folds 
Uncalled bet (650) returned to Mahu2021
Mahu2021 collected 240 from pot
Mahu2021: doesn't show hand 
*** SUMMARY ***
Total pot 240 | Rake 0 
Seat 1: Mahu2021 (button) (small blind) collected (240)
Seat 2: steinpilz1955 (big blind) folded before Flop



PokerStars Hand #249160047457: Tournament #3722744162, $1.84+$0.16 USD Hold'em No Limit - Level VII (60/120) - 2024/02/29 19:38:46 CET [2024/02/29 13:38:46 ET]
Table '3722744162 1' 3-max Seat #2 is the button
Seat 1: Mahu2021 (890 in chips) 
Seat 2: steinpilz1955 (610 in chips) 
steinpilz1955: posts small blind 60
Mahu2021: posts big blind 120
*** HOLE CARDS ***
Dealt to Mahu2021 [Kc 5s]
steinpilz1955: raises 120 to 240
Mahu2021: calls 120
*** FLOP *** [6s 5h 4h]
Mahu2021: bets 650 and is all-in
steinpilz1955: calls 370 and is all-in
Uncalled bet (280) returned to Mahu2021
*** TURN *** [6s 5h 4h] [Tc]
*** RIVER *** [6s 5h 4h Tc] [9d]
*** SHOW DOWN ***
Mahu2021: shows [Kc 5s] (a pair of Fives)
steinpilz1955: shows [4c Kh] (a pair of Fours)
Mahu2021 collected 1220 from pot
steinpilz1955 finished the tournament in 2nd place
Mahu2021 wins the tournament and receives $8.00 - congratulations!
*** SUMMARY ***
Total pot 1220 | Rake 0 
Board [6s 5h 4h Tc 9d]
Seat 1: Mahu2021 (big blind) showed [Kc 5s] and won (1220) with a pair of Fives
Seat 2: steinpilz1955 (button) (small blind) showed [4c Kh] and lost with a pair of Fours



