PokerStars Hand #243213212794: Tournament #3580296266, $0.92+$0.08 USD Hold'em No Limit - Level I (10/20) - 2023/04/20 21:34:32 CET [2023/04/20 15:34:32 ET]
Table '3580296266 1' 3-max Seat #1 is the button
Seat 1: ginolas69 (500 in chips) 
Seat 2: Pokeriger (500 in chips) 
Seat 3: Mahu2021 (500 in chips) 
Pokeriger: posts small blind 10
Mahu2021: posts big blind 20
*** HOLE CARDS ***
Dealt to Mahu2021 [9d Jd]
ginolas69: calls 20
Pokeriger: calls 10
Mahu2021: checks 
*** FLOP *** [Ac Kh Tc]
Pokeriger: checks 
Mahu2021: checks 
ginolas69: checks 
*** TURN *** [Ac Kh Tc] [9c]
Pokeriger: checks 
Mahu2021: bets 60
ginolas69: folds 
Pokeriger: folds 
Uncalled bet (60) returned to Mahu2021
Mahu2021 collected 60 from pot
Mahu2021: doesn't show hand 
*** SUMMARY ***
Total pot 60 | Rake 0 
Board [Ac Kh Tc 9c]
Seat 1: ginolas69 (button) folded on the Turn
Seat 2: Pokeriger (small blind) folded on the Turn
Seat 3: Mahu2021 (big blind) collected (60)



PokerStars Hand #243213226576: Tournament #3580296266, $0.92+$0.08 USD Hold'em No Limit - Level I (10/20) - 2023/04/20 21:35:06 CET [2023/04/20 15:35:06 ET]
Table '3580296266 1' 3-max Seat #2 is the button
Seat 1: ginolas69 (480 in chips) 
Seat 2: Pokeriger (480 in chips) 
Seat 3: Mahu2021 (540 in chips) 
Mahu2021: posts small blind 10
ginolas69: posts big blind 20
*** HOLE CARDS ***
Dealt to Mahu2021 [7s 3h]
Pokeriger: folds 
Mahu2021: folds 
Uncalled bet (10) returned to ginolas69
ginolas69 collected 20 from pot
*** SUMMARY ***
Total pot 20 | Rake 0 
Seat 1: ginolas69 (big blind) collected (20)
Seat 2: Pokeriger (button) folded before Flop (didn't bet)
Seat 3: Mahu2021 (small blind) folded before Flop



PokerStars Hand #243213229533: Tournament #3580296266, $0.92+$0.08 USD Hold'em No Limit - Level I (10/20) - 2023/04/20 21:35:14 CET [2023/04/20 15:35:14 ET]
Table '3580296266 1' 3-max Seat #3 is the button
Seat 1: ginolas69 (490 in chips) 
Seat 2: Pokeriger (480 in chips) 
Seat 3: Mahu2021 (530 in chips) 
ginolas69: posts small blind 10
Pokeriger: posts big blind 20
*** HOLE CARDS ***
Dealt to Mahu2021 [As 9h]
Mahu2021: calls 20
ginolas69: calls 10
Pokeriger: checks 
*** FLOP *** [Ac Jd 5h]
ginolas69: checks 
Pokeriger: checks 
Mahu2021: bets 60
ginolas69: folds 
Pokeriger: folds 
Uncalled bet (60) returned to Mahu2021
Mahu2021 collected 60 from pot
Mahu2021: doesn't show hand 
*** SUMMARY ***
Total pot 60 | Rake 0 
Board [Ac Jd 5h]
Seat 1: ginolas69 (small blind) folded on the Flop
Seat 2: Pokeriger (big blind) folded on the Flop
Seat 3: Mahu2021 (button) collected (60)



PokerStars Hand #243213238609: Tournament #3580296266, $0.92+$0.08 USD Hold'em No Limit - Level I (10/20) - 2023/04/20 21:35:37 CET [2023/04/20 15:35:37 ET]
Table '3580296266 1' 3-max Seat #1 is the button
Seat 1: ginolas69 (470 in chips) 
Seat 2: Pokeriger (460 in chips) 
Seat 3: Mahu2021 (570 in chips) 
Pokeriger: posts small blind 10
Mahu2021: posts big blind 20
*** HOLE CARDS ***
Dealt to Mahu2021 [7s 3d]
ginolas69: calls 20
Pokeriger: folds 
Mahu2021: checks 
*** FLOP *** [Jc Tc Ah]
Mahu2021: checks 
ginolas69: checks 
*** TURN *** [Jc Tc Ah] [8d]
Mahu2021: checks 
ginolas69: bets 20
Mahu2021: folds 
Uncalled bet (20) returned to ginolas69
ginolas69 collected 50 from pot
*** SUMMARY ***
Total pot 50 | Rake 0 
Board [Jc Tc Ah 8d]
Seat 1: ginolas69 (button) collected (50)
Seat 2: Pokeriger (small blind) folded before Flop
Seat 3: Mahu2021 (big blind) folded on the Turn



PokerStars Hand #243213247148: Tournament #3580296266, $0.92+$0.08 USD Hold'em No Limit - Level I (10/20) - 2023/04/20 21:35:59 CET [2023/04/20 15:35:59 ET]
Table '3580296266 1' 3-max Seat #2 is the button
Seat 1: ginolas69 (500 in chips) 
Seat 2: Pokeriger (450 in chips) 
Seat 3: Mahu2021 (550 in chips) 
Mahu2021: posts small blind 10
ginolas69: posts big blind 20
*** HOLE CARDS ***
Dealt to Mahu2021 [9s 6h]
Pokeriger: folds 
Mahu2021: folds 
Uncalled bet (10) returned to ginolas69
ginolas69 collected 20 from pot
*** SUMMARY ***
Total pot 20 | Rake 0 
Seat 1: ginolas69 (big blind) collected (20)
Seat 2: Pokeriger (button) folded before Flop (didn't bet)
Seat 3: Mahu2021 (small blind) folded before Flop



PokerStars Hand #243213249870: Tournament #3580296266, $0.92+$0.08 USD Hold'em No Limit - Level I (10/20) - 2023/04/20 21:36:06 CET [2023/04/20 15:36:06 ET]
Table '3580296266 1' 3-max Seat #3 is the button
Seat 1: ginolas69 (510 in chips) 
Seat 2: Pokeriger (450 in chips) 
Seat 3: Mahu2021 (540 in chips) 
ginolas69: posts small blind 10
Pokeriger: posts big blind 20
*** HOLE CARDS ***
Dealt to Mahu2021 [7h Kh]
Mahu2021: calls 20
ginolas69: calls 10
Pokeriger: raises 100 to 120
Mahu2021: folds 
ginolas69: folds 
Uncalled bet (100) returned to Pokeriger
Pokeriger collected 60 from pot
*** SUMMARY ***
Total pot 60 | Rake 0 
Seat 1: ginolas69 (small blind) folded before Flop
Seat 2: Pokeriger (big blind) collected (60)
Seat 3: Mahu2021 (button) folded before Flop



PokerStars Hand #243213256204: Tournament #3580296266, $0.92+$0.08 USD Hold'em No Limit - Level I (10/20) - 2023/04/20 21:36:22 CET [2023/04/20 15:36:22 ET]
Table '3580296266 1' 3-max Seat #1 is the button
Seat 1: ginolas69 (490 in chips) 
Seat 2: Pokeriger (490 in chips) 
Seat 3: Mahu2021 (520 in chips) 
Pokeriger: posts small blind 10
Mahu2021: posts big blind 20
*** HOLE CARDS ***
Dealt to Mahu2021 [5h 9d]
ginolas69: raises 470 to 490 and is all-in
Pokeriger: folds 
Mahu2021: folds 
Uncalled bet (470) returned to ginolas69
ginolas69 collected 50 from pot
*** SUMMARY ***
Total pot 50 | Rake 0 
Seat 1: ginolas69 (button) collected (50)
Seat 2: Pokeriger (small blind) folded before Flop
Seat 3: Mahu2021 (big blind) folded before Flop



PokerStars Hand #243213259612: Tournament #3580296266, $0.92+$0.08 USD Hold'em No Limit - Level I (10/20) - 2023/04/20 21:36:30 CET [2023/04/20 15:36:30 ET]
Table '3580296266 1' 3-max Seat #2 is the button
Seat 1: ginolas69 (520 in chips) 
Seat 2: Pokeriger (480 in chips) 
Seat 3: Mahu2021 (500 in chips) 
Mahu2021: posts small blind 10
ginolas69: posts big blind 20
*** HOLE CARDS ***
Dealt to Mahu2021 [3h 9d]
Pokeriger: folds 
Mahu2021: folds 
Uncalled bet (10) returned to ginolas69
ginolas69 collected 20 from pot
*** SUMMARY ***
Total pot 20 | Rake 0 
Seat 1: ginolas69 (big blind) collected (20)
Seat 2: Pokeriger (button) folded before Flop (didn't bet)
Seat 3: Mahu2021 (small blind) folded before Flop



PokerStars Hand #243213262286: Tournament #3580296266, $0.92+$0.08 USD Hold'em No Limit - Level I (10/20) - 2023/04/20 21:36:37 CET [2023/04/20 15:36:37 ET]
Table '3580296266 1' 3-max Seat #3 is the button
Seat 1: ginolas69 (530 in chips) 
Seat 2: Pokeriger (480 in chips) 
Seat 3: Mahu2021 (490 in chips) 
ginolas69: posts small blind 10
Pokeriger: posts big blind 20
*** HOLE CARDS ***
Dealt to Mahu2021 [Qc 3c]
Mahu2021: calls 20
ginolas69: calls 10
Pokeriger: raises 120 to 140
Mahu2021: folds 
ginolas69: folds 
Uncalled bet (120) returned to Pokeriger
Pokeriger collected 60 from pot
*** SUMMARY ***
Total pot 60 | Rake 0 
Seat 1: ginolas69 (small blind) folded before Flop
Seat 2: Pokeriger (big blind) collected (60)
Seat 3: Mahu2021 (button) folded before Flop



PokerStars Hand #243213271456: Tournament #3580296266, $0.92+$0.08 USD Hold'em No Limit - Level I (10/20) - 2023/04/20 21:37:00 CET [2023/04/20 15:37:00 ET]
Table '3580296266 1' 3-max Seat #1 is the button
Seat 1: ginolas69 (510 in chips) 
Seat 2: Pokeriger (520 in chips) 
Seat 3: Mahu2021 (470 in chips) 
Pokeriger: posts small blind 10
Mahu2021: posts big blind 20
*** HOLE CARDS ***
Dealt to Mahu2021 [7h 6c]
ginolas69: calls 20
Pokeriger: raises 120 to 140
Mahu2021: folds 
ginolas69: folds 
Uncalled bet (120) returned to Pokeriger
Pokeriger collected 60 from pot
*** SUMMARY ***
Total pot 60 | Rake 0 
Seat 1: ginolas69 (button) folded before Flop
Seat 2: Pokeriger (small blind) collected (60)
Seat 3: Mahu2021 (big blind) folded before Flop



PokerStars Hand #243213276523: Tournament #3580296266, $0.92+$0.08 USD Hold'em No Limit - Level I (10/20) - 2023/04/20 21:37:13 CET [2023/04/20 15:37:13 ET]
Table '3580296266 1' 3-max Seat #2 is the button
Seat 1: ginolas69 (490 in chips) 
Seat 2: Pokeriger (560 in chips) 
Seat 3: Mahu2021 (450 in chips) 
Mahu2021: posts small blind 10
ginolas69: posts big blind 20
*** HOLE CARDS ***
Dealt to Mahu2021 [6d 3s]
Pokeriger: raises 120 to 140
Mahu2021: folds 
ginolas69: folds 
Uncalled bet (120) returned to Pokeriger
Pokeriger collected 50 from pot
*** SUMMARY ***
Total pot 50 | Rake 0 
Seat 1: ginolas69 (big blind) folded before Flop
Seat 2: Pokeriger (button) collected (50)
Seat 3: Mahu2021 (small blind) folded before Flop



PokerStars Hand #243213281277: Tournament #3580296266, $0.92+$0.08 USD Hold'em No Limit - Level I (10/20) - 2023/04/20 21:37:25 CET [2023/04/20 15:37:25 ET]
Table '3580296266 1' 3-max Seat #3 is the button
Seat 1: ginolas69 (470 in chips) 
Seat 2: Pokeriger (590 in chips) 
Seat 3: Mahu2021 (440 in chips) 
ginolas69: posts small blind 10
Pokeriger: posts big blind 20
*** HOLE CARDS ***
Dealt to Mahu2021 [8d 7d]
Mahu2021: calls 20
ginolas69: calls 10
Pokeriger: checks 
*** FLOP *** [Qd 4h Qh]
ginolas69: checks 
Pokeriger: bets 140
Mahu2021: folds 
ginolas69: folds 
Uncalled bet (140) returned to Pokeriger
Pokeriger collected 60 from pot
*** SUMMARY ***
Total pot 60 | Rake 0 
Board [Qd 4h Qh]
Seat 1: ginolas69 (small blind) folded on the Flop
Seat 2: Pokeriger (big blind) collected (60)
Seat 3: Mahu2021 (button) folded on the Flop



PokerStars Hand #243213290981: Tournament #3580296266, $0.92+$0.08 USD Hold'em No Limit - Level II (15/30) - 2023/04/20 21:37:50 CET [2023/04/20 15:37:50 ET]
Table '3580296266 1' 3-max Seat #1 is the button
Seat 1: ginolas69 (450 in chips) 
Seat 2: Pokeriger (630 in chips) 
Seat 3: Mahu2021 (420 in chips) 
Pokeriger: posts small blind 15
Mahu2021: posts big blind 30
*** HOLE CARDS ***
Dealt to Mahu2021 [Qs 7h]
ginolas69: raises 60 to 90
Pokeriger: raises 60 to 150
Mahu2021: folds 
ginolas69: raises 300 to 450 and is all-in
Pokeriger: calls 300
*** FLOP *** [Js Ad 8d]
*** TURN *** [Js Ad 8d] [Jc]
*** RIVER *** [Js Ad 8d Jc] [3c]
*** SHOW DOWN ***
Pokeriger: shows [4h Ac] (two pair, Aces and Jacks)
ginolas69: shows [Kc Kh] (two pair, Kings and Jacks)
Pokeriger collected 930 from pot
ginolas69 finished the tournament in 3rd place
*** SUMMARY ***
Total pot 930 | Rake 0 
Board [Js Ad 8d Jc 3c]
Seat 1: ginolas69 (button) showed [Kc Kh] and lost with two pair, Kings and Jacks
Seat 2: Pokeriger (small blind) showed [4h Ac] and won (930) with two pair, Aces and Jacks
Seat 3: Mahu2021 (big blind) folded before Flop



PokerStars Hand #243213301404: Tournament #3580296266, $0.92+$0.08 USD Hold'em No Limit - Level II (15/30) - 2023/04/20 21:38:17 CET [2023/04/20 15:38:17 ET]
Table '3580296266 1' 3-max Seat #3 is the button
Seat 2: Pokeriger (1110 in chips) 
Seat 3: Mahu2021 (390 in chips) 
Mahu2021: posts small blind 15
Pokeriger: posts big blind 30
*** HOLE CARDS ***
Dealt to Mahu2021 [5h Jc]
Mahu2021: folds 
Uncalled bet (15) returned to Pokeriger
Pokeriger collected 30 from pot
*** SUMMARY ***
Total pot 30 | Rake 0 
Seat 2: Pokeriger (big blind) collected (30)
Seat 3: Mahu2021 (button) (small blind) folded before Flop



PokerStars Hand #243213303355: Tournament #3580296266, $0.92+$0.08 USD Hold'em No Limit - Level II (15/30) - 2023/04/20 21:38:22 CET [2023/04/20 15:38:22 ET]
Table '3580296266 1' 3-max Seat #2 is the button
Seat 2: Pokeriger (1125 in chips) 
Seat 3: Mahu2021 (375 in chips) 
Pokeriger: posts small blind 15
Mahu2021: posts big blind 30
*** HOLE CARDS ***
Dealt to Mahu2021 [8c Ah]
Pokeriger: raises 120 to 150
Mahu2021: raises 225 to 375 and is all-in
Pokeriger: calls 225
*** FLOP *** [Jd 9d 5s]
*** TURN *** [Jd 9d 5s] [7s]
*** RIVER *** [Jd 9d 5s 7s] [8s]
*** SHOW DOWN ***
Mahu2021: shows [8c Ah] (a pair of Eights)
Pokeriger: shows [Kc Jh] (a pair of Jacks)
Pokeriger collected 750 from pot
Mahu2021 finished the tournament in 2nd place
Pokeriger wins the tournament and receives $3.00 - congratulations!
*** SUMMARY ***
Total pot 750 | Rake 0 
Board [Jd 9d 5s 7s 8s]
Seat 2: Pokeriger (button) (small blind) showed [Kc Jh] and won (750) with a pair of Jacks
Seat 3: Mahu2021 (big blind) showed [8c Ah] and lost with a pair of Eights



