PokerStars Hand #248385403510: Tournament #3703726191, $1.84+$0.16 USD Hold'em No Limit - Level I (10/20) - 2024/01/20 10:44:16 CET [2024/01/20 4:44:16 ET]
Table '3703726191 1' 3-max Seat #1 is the button
Seat 1: vlasis1984 (500 in chips) 
Seat 2: CincoTresOff (500 in chips) 
Seat 3: Mahu2021 (500 in chips) 
CincoTresOff: posts small blind 10
Mahu2021: posts big blind 20
*** HOLE CARDS ***
Dealt to Mahu2021 [8s 6h]
vlasis1984: folds 
CincoTresOff: calls 10
Mahu2021: checks 
*** FLOP *** [3h Kc 4c]
CincoTresOff: checks 
Mahu2021: checks 
*** TURN *** [3h Kc 4c] [Tc]
CincoTresOff: bets 20
Mahu2021: folds 
Uncalled bet (20) returned to CincoTresOff
CincoTresOff collected 40 from pot
*** SUMMARY ***
Total pot 40 | Rake 0 
Board [3h Kc 4c Tc]
Seat 1: vlasis1984 (button) folded before Flop (didn't bet)
Seat 2: CincoTresOff (small blind) collected (40)
Seat 3: Mahu2021 (big blind) folded on the Turn



PokerStars Hand #248385406329: Tournament #3703726191, $1.84+$0.16 USD Hold'em No Limit - Level I (10/20) - 2024/01/20 10:44:35 CET [2024/01/20 4:44:35 ET]
Table '3703726191 1' 3-max Seat #2 is the button
Seat 1: vlasis1984 (500 in chips) 
Seat 2: CincoTresOff (520 in chips) 
Seat 3: Mahu2021 (480 in chips) 
Mahu2021: posts small blind 10
vlasis1984: posts big blind 20
*** HOLE CARDS ***
Dealt to Mahu2021 [7c Qh]
CincoTresOff: raises 50 to 70
Mahu2021: folds 
vlasis1984: raises 430 to 500 and is all-in
CincoTresOff: folds 
Uncalled bet (430) returned to vlasis1984
vlasis1984 collected 150 from pot
*** SUMMARY ***
Total pot 150 | Rake 0 
Seat 1: vlasis1984 (big blind) collected (150)
Seat 2: CincoTresOff (button) folded before Flop
Seat 3: Mahu2021 (small blind) folded before Flop



PokerStars Hand #248385408407: Tournament #3703726191, $1.84+$0.16 USD Hold'em No Limit - Level I (10/20) - 2024/01/20 10:44:49 CET [2024/01/20 4:44:49 ET]
Table '3703726191 1' 3-max Seat #3 is the button
Seat 1: vlasis1984 (580 in chips) 
Seat 2: CincoTresOff (450 in chips) 
Seat 3: Mahu2021 (470 in chips) 
vlasis1984: posts small blind 10
CincoTresOff: posts big blind 20
*** HOLE CARDS ***
Dealt to Mahu2021 [5h 6c]
Mahu2021: folds 
vlasis1984: raises 40 to 60
CincoTresOff: folds 
Uncalled bet (40) returned to vlasis1984
vlasis1984 collected 40 from pot
*** SUMMARY ***
Total pot 40 | Rake 0 
Seat 1: vlasis1984 (small blind) collected (40)
Seat 2: CincoTresOff (big blind) folded before Flop
Seat 3: Mahu2021 (button) folded before Flop (didn't bet)



PokerStars Hand #248385410025: Tournament #3703726191, $1.84+$0.16 USD Hold'em No Limit - Level I (10/20) - 2024/01/20 10:45:00 CET [2024/01/20 4:45:00 ET]
Table '3703726191 1' 3-max Seat #1 is the button
Seat 1: vlasis1984 (600 in chips) 
Seat 2: CincoTresOff (430 in chips) 
Seat 3: Mahu2021 (470 in chips) 
CincoTresOff: posts small blind 10
Mahu2021: posts big blind 20
*** HOLE CARDS ***
Dealt to Mahu2021 [2h 5h]
vlasis1984: raises 20 to 40
CincoTresOff: raises 100 to 140
Mahu2021: folds 
vlasis1984: raises 460 to 600 and is all-in
CincoTresOff: calls 290 and is all-in
Uncalled bet (170) returned to vlasis1984
*** FLOP *** [Qd 9s Ts]
*** TURN *** [Qd 9s Ts] [7s]
*** RIVER *** [Qd 9s Ts 7s] [8c]
*** SHOW DOWN ***
CincoTresOff: shows [As Jd] (a straight, Eight to Queen)
vlasis1984: shows [5s 6s] (a flush, Ten high)
vlasis1984 collected 880 from pot
CincoTresOff finished the tournament in 3rd place
*** SUMMARY ***
Total pot 880 | Rake 0 
Board [Qd 9s Ts 7s 8c]
Seat 1: vlasis1984 (button) showed [5s 6s] and won (880) with a flush, Ten high
Seat 2: CincoTresOff (small blind) showed [As Jd] and lost with a straight, Eight to Queen
Seat 3: Mahu2021 (big blind) folded before Flop



PokerStars Hand #248385413793: Tournament #3703726191, $1.84+$0.16 USD Hold'em No Limit - Level I (10/20) - 2024/01/20 10:45:26 CET [2024/01/20 4:45:26 ET]
Table '3703726191 1' 3-max Seat #3 is the button
Seat 1: vlasis1984 (1050 in chips) 
Seat 3: Mahu2021 (450 in chips) 
Mahu2021: posts small blind 10
vlasis1984: posts big blind 20
*** HOLE CARDS ***
Dealt to Mahu2021 [Th Qc]
Mahu2021: calls 10
vlasis1984: raises 40 to 60
Mahu2021: calls 40
*** FLOP *** [Kd 9d 3d]
vlasis1984: bets 120
Mahu2021: folds 
Uncalled bet (120) returned to vlasis1984
vlasis1984 collected 120 from pot
*** SUMMARY ***
Total pot 120 | Rake 0 
Board [Kd 9d 3d]
Seat 1: vlasis1984 (big blind) collected (120)
Seat 3: Mahu2021 (button) (small blind) folded on the Flop



PokerStars Hand #248385415752: Tournament #3703726191, $1.84+$0.16 USD Hold'em No Limit - Level I (10/20) - 2024/01/20 10:45:40 CET [2024/01/20 4:45:40 ET]
Table '3703726191 1' 3-max Seat #1 is the button
Seat 1: vlasis1984 (1110 in chips) 
Seat 3: Mahu2021 (390 in chips) 
vlasis1984: posts small blind 10
Mahu2021: posts big blind 20
*** HOLE CARDS ***
Dealt to Mahu2021 [Ah Qs]
vlasis1984: folds 
Uncalled bet (10) returned to Mahu2021
Mahu2021 collected 20 from pot
Mahu2021: doesn't show hand 
*** SUMMARY ***
Total pot 20 | Rake 0 
Seat 1: vlasis1984 (button) (small blind) folded before Flop
Seat 3: Mahu2021 (big blind) collected (20)



PokerStars Hand #248385416458: Tournament #3703726191, $1.84+$0.16 USD Hold'em No Limit - Level I (10/20) - 2024/01/20 10:45:44 CET [2024/01/20 4:45:44 ET]
Table '3703726191 1' 3-max Seat #3 is the button
Seat 1: vlasis1984 (1100 in chips) 
Seat 3: Mahu2021 (400 in chips) 
Mahu2021: posts small blind 10
vlasis1984: posts big blind 20
*** HOLE CARDS ***
Dealt to Mahu2021 [Tc 2h]
Mahu2021: folds 
Uncalled bet (10) returned to vlasis1984
vlasis1984 collected 20 from pot
*** SUMMARY ***
Total pot 20 | Rake 0 
Seat 1: vlasis1984 (big blind) collected (20)
Seat 3: Mahu2021 (button) (small blind) folded before Flop



PokerStars Hand #248385417282: Tournament #3703726191, $1.84+$0.16 USD Hold'em No Limit - Level I (10/20) - 2024/01/20 10:45:50 CET [2024/01/20 4:45:50 ET]
Table '3703726191 1' 3-max Seat #1 is the button
Seat 1: vlasis1984 (1110 in chips) 
Seat 3: Mahu2021 (390 in chips) 
vlasis1984: posts small blind 10
Mahu2021: posts big blind 20
*** HOLE CARDS ***
Dealt to Mahu2021 [5d Jh]
vlasis1984: raises 40 to 60
Mahu2021: folds 
Uncalled bet (40) returned to vlasis1984
vlasis1984 collected 40 from pot
*** SUMMARY ***
Total pot 40 | Rake 0 
Seat 1: vlasis1984 (button) (small blind) collected (40)
Seat 3: Mahu2021 (big blind) folded before Flop



PokerStars Hand #248385418501: Tournament #3703726191, $1.84+$0.16 USD Hold'em No Limit - Level I (10/20) - 2024/01/20 10:45:59 CET [2024/01/20 4:45:59 ET]
Table '3703726191 1' 3-max Seat #3 is the button
Seat 1: vlasis1984 (1130 in chips) 
Seat 3: Mahu2021 (370 in chips) 
Mahu2021: posts small blind 10
vlasis1984: posts big blind 20
*** HOLE CARDS ***
Dealt to Mahu2021 [Ah 8c]
Mahu2021: calls 10
vlasis1984: checks 
*** FLOP *** [2d 6d 4h]
vlasis1984: bets 1110 and is all-in
Mahu2021: folds 
Uncalled bet (1110) returned to vlasis1984
vlasis1984 collected 40 from pot
*** SUMMARY ***
Total pot 40 | Rake 0 
Board [2d 6d 4h]
Seat 1: vlasis1984 (big blind) collected (40)
Seat 3: Mahu2021 (button) (small blind) folded on the Flop



PokerStars Hand #248385420434: Tournament #3703726191, $1.84+$0.16 USD Hold'em No Limit - Level I (10/20) - 2024/01/20 10:46:12 CET [2024/01/20 4:46:12 ET]
Table '3703726191 1' 3-max Seat #1 is the button
Seat 1: vlasis1984 (1150 in chips) 
Seat 3: Mahu2021 (350 in chips) 
vlasis1984: posts small blind 10
Mahu2021: posts big blind 20
*** HOLE CARDS ***
Dealt to Mahu2021 [5h 8d]
vlasis1984: raises 1130 to 1150 and is all-in
Mahu2021: folds 
Uncalled bet (1130) returned to vlasis1984
vlasis1984 collected 40 from pot
*** SUMMARY ***
Total pot 40 | Rake 0 
Seat 1: vlasis1984 (button) (small blind) collected (40)
Seat 3: Mahu2021 (big blind) folded before Flop



PokerStars Hand #248385421808: Tournament #3703726191, $1.84+$0.16 USD Hold'em No Limit - Level II (15/30) - 2024/01/20 10:46:21 CET [2024/01/20 4:46:21 ET]
Table '3703726191 1' 3-max Seat #3 is the button
Seat 1: vlasis1984 (1170 in chips) 
Seat 3: Mahu2021 (330 in chips) 
Mahu2021: posts small blind 15
vlasis1984: posts big blind 30
*** HOLE CARDS ***
Dealt to Mahu2021 [5h 6s]
Mahu2021: folds 
Uncalled bet (15) returned to vlasis1984
vlasis1984 collected 30 from pot
*** SUMMARY ***
Total pot 30 | Rake 0 
Seat 1: vlasis1984 (big blind) collected (30)
Seat 3: Mahu2021 (button) (small blind) folded before Flop



PokerStars Hand #248385422638: Tournament #3703726191, $1.84+$0.16 USD Hold'em No Limit - Level II (15/30) - 2024/01/20 10:46:27 CET [2024/01/20 4:46:27 ET]
Table '3703726191 1' 3-max Seat #1 is the button
Seat 1: vlasis1984 (1185 in chips) 
Seat 3: Mahu2021 (315 in chips) 
vlasis1984: posts small blind 15
Mahu2021: posts big blind 30
*** HOLE CARDS ***
Dealt to Mahu2021 [7h 8d]
vlasis1984: raises 60 to 90
Mahu2021: folds 
Uncalled bet (60) returned to vlasis1984
vlasis1984 collected 60 from pot
*** SUMMARY ***
Total pot 60 | Rake 0 
Seat 1: vlasis1984 (button) (small blind) collected (60)
Seat 3: Mahu2021 (big blind) folded before Flop



PokerStars Hand #248385423767: Tournament #3703726191, $1.84+$0.16 USD Hold'em No Limit - Level II (15/30) - 2024/01/20 10:46:34 CET [2024/01/20 4:46:34 ET]
Table '3703726191 1' 3-max Seat #3 is the button
Seat 1: vlasis1984 (1215 in chips) 
Seat 3: Mahu2021 (285 in chips) 
Mahu2021: posts small blind 15
vlasis1984: posts big blind 30
*** HOLE CARDS ***
Dealt to Mahu2021 [Ad Tc]
Mahu2021: calls 15
vlasis1984: raises 1185 to 1215 and is all-in
Mahu2021: calls 255 and is all-in
Uncalled bet (930) returned to vlasis1984
*** FLOP *** [6s 5d Qc]
*** TURN *** [6s 5d Qc] [6c]
*** RIVER *** [6s 5d Qc 6c] [6h]
*** SHOW DOWN ***
vlasis1984: shows [7d Jd] (three of a kind, Sixes)
Mahu2021: shows [Ad Tc] (three of a kind, Sixes - Ace kicker)
Mahu2021 collected 570 from pot
*** SUMMARY ***
Total pot 570 | Rake 0 
Board [6s 5d Qc 6c 6h]
Seat 1: vlasis1984 (big blind) showed [7d Jd] and lost with three of a kind, Sixes
Seat 3: Mahu2021 (button) (small blind) showed [Ad Tc] and won (570) with three of a kind, Sixes



PokerStars Hand #248385425853: Tournament #3703726191, $1.84+$0.16 USD Hold'em No Limit - Level II (15/30) - 2024/01/20 10:46:48 CET [2024/01/20 4:46:48 ET]
Table '3703726191 1' 3-max Seat #1 is the button
Seat 1: vlasis1984 (930 in chips) 
Seat 3: Mahu2021 (570 in chips) 
vlasis1984: posts small blind 15
Mahu2021: posts big blind 30
*** HOLE CARDS ***
Dealt to Mahu2021 [3h 2d]
vlasis1984: folds 
Uncalled bet (15) returned to Mahu2021
Mahu2021 collected 30 from pot
Mahu2021: doesn't show hand 
*** SUMMARY ***
Total pot 30 | Rake 0 
Seat 1: vlasis1984 (button) (small blind) folded before Flop
Seat 3: Mahu2021 (big blind) collected (30)



PokerStars Hand #248385426536: Tournament #3703726191, $1.84+$0.16 USD Hold'em No Limit - Level II (15/30) - 2024/01/20 10:46:53 CET [2024/01/20 4:46:53 ET]
Table '3703726191 1' 3-max Seat #3 is the button
Seat 1: vlasis1984 (915 in chips) 
Seat 3: Mahu2021 (585 in chips) 
Mahu2021: posts small blind 15
vlasis1984: posts big blind 30
*** HOLE CARDS ***
Dealt to Mahu2021 [Ks 7d]
Mahu2021: calls 15
vlasis1984: raises 885 to 915 and is all-in
Mahu2021: calls 555 and is all-in
Uncalled bet (330) returned to vlasis1984
*** FLOP *** [Kc 6s 8h]
*** TURN *** [Kc 6s 8h] [4s]
*** RIVER *** [Kc 6s 8h 4s] [3h]
*** SHOW DOWN ***
vlasis1984: shows [8d Td] (a pair of Eights)
Mahu2021: shows [Ks 7d] (a pair of Kings)
Mahu2021 collected 1170 from pot
*** SUMMARY ***
Total pot 1170 | Rake 0 
Board [Kc 6s 8h 4s 3h]
Seat 1: vlasis1984 (big blind) showed [8d Td] and lost with a pair of Eights
Seat 3: Mahu2021 (button) (small blind) showed [Ks 7d] and won (1170) with a pair of Kings



PokerStars Hand #248385429146: Tournament #3703726191, $1.84+$0.16 USD Hold'em No Limit - Level II (15/30) - 2024/01/20 10:47:10 CET [2024/01/20 4:47:10 ET]
Table '3703726191 1' 3-max Seat #1 is the button
Seat 1: vlasis1984 (330 in chips) 
Seat 3: Mahu2021 (1170 in chips) 
vlasis1984: posts small blind 15
Mahu2021: posts big blind 30
*** HOLE CARDS ***
Dealt to Mahu2021 [5s 6c]
vlasis1984: folds 
Uncalled bet (15) returned to Mahu2021
Mahu2021 collected 30 from pot
Mahu2021: doesn't show hand 
*** SUMMARY ***
Total pot 30 | Rake 0 
Seat 1: vlasis1984 (button) (small blind) folded before Flop
Seat 3: Mahu2021 (big blind) collected (30)



PokerStars Hand #248385430213: Tournament #3703726191, $1.84+$0.16 USD Hold'em No Limit - Level II (15/30) - 2024/01/20 10:47:18 CET [2024/01/20 4:47:18 ET]
Table '3703726191 1' 3-max Seat #3 is the button
Seat 1: vlasis1984 (315 in chips) 
Seat 3: Mahu2021 (1185 in chips) 
Mahu2021: posts small blind 15
vlasis1984: posts big blind 30
*** HOLE CARDS ***
Dealt to Mahu2021 [4d Js]
Mahu2021: folds 
Uncalled bet (15) returned to vlasis1984
vlasis1984 collected 30 from pot
*** SUMMARY ***
Total pot 30 | Rake 0 
Seat 1: vlasis1984 (big blind) collected (30)
Seat 3: Mahu2021 (button) (small blind) folded before Flop



PokerStars Hand #248385430975: Tournament #3703726191, $1.84+$0.16 USD Hold'em No Limit - Level II (15/30) - 2024/01/20 10:47:23 CET [2024/01/20 4:47:23 ET]
Table '3703726191 1' 3-max Seat #1 is the button
Seat 1: vlasis1984 (330 in chips) 
Seat 3: Mahu2021 (1170 in chips) 
vlasis1984: posts small blind 15
Mahu2021: posts big blind 30
*** HOLE CARDS ***
Dealt to Mahu2021 [9d Qh]
vlasis1984: folds 
Uncalled bet (15) returned to Mahu2021
Mahu2021 collected 30 from pot
Mahu2021: doesn't show hand 
*** SUMMARY ***
Total pot 30 | Rake 0 
Seat 1: vlasis1984 (button) (small blind) folded before Flop
Seat 3: Mahu2021 (big blind) collected (30)



PokerStars Hand #248385431769: Tournament #3703726191, $1.84+$0.16 USD Hold'em No Limit - Level II (15/30) - 2024/01/20 10:47:28 CET [2024/01/20 4:47:28 ET]
Table '3703726191 1' 3-max Seat #3 is the button
Seat 1: vlasis1984 (315 in chips) 
Seat 3: Mahu2021 (1185 in chips) 
Mahu2021: posts small blind 15
vlasis1984: posts big blind 30
*** HOLE CARDS ***
Dealt to Mahu2021 [7c 8d]
Mahu2021: calls 15
vlasis1984: raises 285 to 315 and is all-in
Mahu2021: folds 
Uncalled bet (285) returned to vlasis1984
vlasis1984 collected 60 from pot
*** SUMMARY ***
Total pot 60 | Rake 0 
Seat 1: vlasis1984 (big blind) collected (60)
Seat 3: Mahu2021 (button) (small blind) folded before Flop



PokerStars Hand #248385433048: Tournament #3703726191, $1.84+$0.16 USD Hold'em No Limit - Level II (15/30) - 2024/01/20 10:47:37 CET [2024/01/20 4:47:37 ET]
Table '3703726191 1' 3-max Seat #1 is the button
Seat 1: vlasis1984 (345 in chips) 
Seat 3: Mahu2021 (1155 in chips) 
vlasis1984: posts small blind 15
Mahu2021: posts big blind 30
*** HOLE CARDS ***
Dealt to Mahu2021 [Ah Qs]
vlasis1984: folds 
Uncalled bet (15) returned to Mahu2021
Mahu2021 collected 30 from pot
Mahu2021: doesn't show hand 
*** SUMMARY ***
Total pot 30 | Rake 0 
Seat 1: vlasis1984 (button) (small blind) folded before Flop
Seat 3: Mahu2021 (big blind) collected (30)



PokerStars Hand #248385433870: Tournament #3703726191, $1.84+$0.16 USD Hold'em No Limit - Level II (15/30) - 2024/01/20 10:47:43 CET [2024/01/20 4:47:43 ET]
Table '3703726191 1' 3-max Seat #3 is the button
Seat 1: vlasis1984 (330 in chips) 
Seat 3: Mahu2021 (1170 in chips) 
Mahu2021: posts small blind 15
vlasis1984: posts big blind 30
*** HOLE CARDS ***
Dealt to Mahu2021 [3h As]
Mahu2021: raises 1140 to 1170 and is all-in
vlasis1984: folds 
Uncalled bet (1140) returned to Mahu2021
Mahu2021 collected 60 from pot
Mahu2021: doesn't show hand 
*** SUMMARY ***
Total pot 60 | Rake 0 
Seat 1: vlasis1984 (big blind) folded before Flop
Seat 3: Mahu2021 (button) (small blind) collected (60)



PokerStars Hand #248385435031: Tournament #3703726191, $1.84+$0.16 USD Hold'em No Limit - Level II (15/30) - 2024/01/20 10:47:51 CET [2024/01/20 4:47:51 ET]
Table '3703726191 1' 3-max Seat #1 is the button
Seat 1: vlasis1984 (300 in chips) 
Seat 3: Mahu2021 (1200 in chips) 
vlasis1984: posts small blind 15
Mahu2021: posts big blind 30
*** HOLE CARDS ***
Dealt to Mahu2021 [3d 7h]
vlasis1984: raises 270 to 300 and is all-in
Mahu2021: folds 
Uncalled bet (270) returned to vlasis1984
vlasis1984 collected 60 from pot
*** SUMMARY ***
Total pot 60 | Rake 0 
Seat 1: vlasis1984 (button) (small blind) collected (60)
Seat 3: Mahu2021 (big blind) folded before Flop



PokerStars Hand #248385435914: Tournament #3703726191, $1.84+$0.16 USD Hold'em No Limit - Level II (15/30) - 2024/01/20 10:47:56 CET [2024/01/20 4:47:56 ET]
Table '3703726191 1' 3-max Seat #3 is the button
Seat 1: vlasis1984 (330 in chips) 
Seat 3: Mahu2021 (1170 in chips) 
Mahu2021: posts small blind 15
vlasis1984: posts big blind 30
*** HOLE CARDS ***
Dealt to Mahu2021 [Qh Td]
Mahu2021: calls 15
vlasis1984: checks 
*** FLOP *** [7s 2s 6s]
vlasis1984: bets 300 and is all-in
Mahu2021: folds 
Uncalled bet (300) returned to vlasis1984
vlasis1984 collected 60 from pot
*** SUMMARY ***
Total pot 60 | Rake 0 
Board [7s 2s 6s]
Seat 1: vlasis1984 (big blind) collected (60)
Seat 3: Mahu2021 (button) (small blind) folded on the Flop



PokerStars Hand #248385437546: Tournament #3703726191, $1.84+$0.16 USD Hold'em No Limit - Level II (15/30) - 2024/01/20 10:48:07 CET [2024/01/20 4:48:07 ET]
Table '3703726191 1' 3-max Seat #1 is the button
Seat 1: vlasis1984 (360 in chips) 
Seat 3: Mahu2021 (1140 in chips) 
vlasis1984: posts small blind 15
Mahu2021: posts big blind 30
*** HOLE CARDS ***
Dealt to Mahu2021 [7c Qc]
vlasis1984: raises 330 to 360 and is all-in
Mahu2021: calls 330
*** FLOP *** [6s 5d Kc]
*** TURN *** [6s 5d Kc] [Ts]
*** RIVER *** [6s 5d Kc Ts] [Kd]
*** SHOW DOWN ***
Mahu2021: shows [7c Qc] (a pair of Kings)
vlasis1984: shows [4d 4s] (two pair, Kings and Fours)
vlasis1984 collected 720 from pot
*** SUMMARY ***
Total pot 720 | Rake 0 
Board [6s 5d Kc Ts Kd]
Seat 1: vlasis1984 (button) (small blind) showed [4d 4s] and won (720) with two pair, Kings and Fours
Seat 3: Mahu2021 (big blind) showed [7c Qc] and lost with a pair of Kings



PokerStars Hand #248385440206: Tournament #3703726191, $1.84+$0.16 USD Hold'em No Limit - Level III (20/40) - 2024/01/20 10:48:25 CET [2024/01/20 4:48:25 ET]
Table '3703726191 1' 3-max Seat #3 is the button
Seat 1: vlasis1984 (720 in chips) 
Seat 3: Mahu2021 (780 in chips) 
Mahu2021: posts small blind 20
vlasis1984: posts big blind 40
*** HOLE CARDS ***
Dealt to Mahu2021 [7d 7c]
Mahu2021: raises 740 to 780 and is all-in
vlasis1984: calls 680 and is all-in
Uncalled bet (60) returned to Mahu2021
*** FLOP *** [4c 6d Kd]
*** TURN *** [4c 6d Kd] [Jh]
*** RIVER *** [4c 6d Kd Jh] [Tc]
*** SHOW DOWN ***
vlasis1984: shows [6h 6s] (three of a kind, Sixes)
Mahu2021: shows [7d 7c] (a pair of Sevens)
vlasis1984 collected 1440 from pot
*** SUMMARY ***
Total pot 1440 | Rake 0 
Board [4c 6d Kd Jh Tc]
Seat 1: vlasis1984 (big blind) showed [6h 6s] and won (1440) with three of a kind, Sixes
Seat 3: Mahu2021 (button) (small blind) showed [7d 7c] and lost with a pair of Sevens



PokerStars Hand #248385442323: Tournament #3703726191, $1.84+$0.16 USD Hold'em No Limit - Level III (20/40) - 2024/01/20 10:48:39 CET [2024/01/20 4:48:39 ET]
Table '3703726191 1' 3-max Seat #1 is the button
Seat 1: vlasis1984 (1440 in chips) 
Seat 3: Mahu2021 (60 in chips) 
vlasis1984: posts small blind 20
Mahu2021: posts big blind 40
*** HOLE CARDS ***
Dealt to Mahu2021 [9h Kh]
vlasis1984: raises 40 to 80
Mahu2021: calls 20 and is all-in
Uncalled bet (20) returned to vlasis1984
*** FLOP *** [Ah 6s 4s]
*** TURN *** [Ah 6s 4s] [4h]
*** RIVER *** [Ah 6s 4s 4h] [Kd]
*** SHOW DOWN ***
Mahu2021: shows [9h Kh] (two pair, Kings and Fours)
vlasis1984: shows [4d 7h] (three of a kind, Fours)
vlasis1984 collected 120 from pot
Mahu2021 finished the tournament in 2nd place
vlasis1984 wins the tournament and receives $4.00 - congratulations!
*** SUMMARY ***
Total pot 120 | Rake 0 
Board [Ah 6s 4s 4h Kd]
Seat 1: vlasis1984 (button) (small blind) showed [4d 7h] and won (120) with three of a kind, Fours
Seat 3: Mahu2021 (big blind) showed [9h Kh] and lost with two pair, Kings and Fours



