PokerStars Hand #253355466800: Tournament #3822401895, $1.84+$0.16 USD Hold'em No Limit - Level I (10/20) - 2024/11/11 11:21:27 CET [2024/11/11 5:21:27 ET]
Table '3822401895 1' 3-max Seat #1 is the button
Seat 1: Soffie86 (500 in chips) 
Seat 2: miko_delarco (500 in chips) 
Seat 3: Mahu2021 (500 in chips) 
miko_delarco: posts small blind 10
Mahu2021: posts big blind 20
*** HOLE CARDS ***
Dealt to Mahu2021 [Kh Th]
Soffie86: raises 20 to 40
miko_delarco: raises 460 to 500 and is all-in
Mahu2021: folds 
Soffie86: calls 460 and is all-in
*** FLOP *** [4h Ah Tc]
*** TURN *** [4h Ah Tc] [9d]
*** RIVER *** [4h Ah Tc 9d] [5s]
*** SHOW DOWN ***
miko_delarco: shows [As Qc] (a pair of Aces)
Soffie86: shows [Qh Qs] (a pair of Queens)
miko_delarco collected 1020 from pot
Soffie86 finished the tournament in 3rd place
*** SUMMARY ***
Total pot 1020 | Rake 0 
Board [4h Ah Tc 9d 5s]
Seat 1: Soffie86 (button) showed [Qh Qs] and lost with a pair of Queens
Seat 2: miko_delarco (small blind) showed [As Qc] and won (1020) with a pair of Aces
Seat 3: Mahu2021 (big blind) folded before Flop



PokerStars Hand #253355469402: Tournament #3822401895, $1.84+$0.16 USD Hold'em No Limit - Level I (10/20) - 2024/11/11 11:21:50 CET [2024/11/11 5:21:50 ET]
Table '3822401895 1' 3-max Seat #3 is the button
Seat 2: miko_delarco (1020 in chips) 
Seat 3: Mahu2021 (480 in chips) 
Mahu2021: posts small blind 10
miko_delarco: posts big blind 20
*** HOLE CARDS ***
Dealt to Mahu2021 [4h 3s]
Mahu2021: calls 10
miko_delarco: checks 
*** FLOP *** [6d 2h 2d]
miko_delarco: checks 
Mahu2021: checks 
*** TURN *** [6d 2h 2d] [6h]
miko_delarco: checks 
Mahu2021: checks 
*** RIVER *** [6d 2h 2d 6h] [Kc]
miko_delarco: checks 
Mahu2021: checks 
*** SHOW DOWN ***
miko_delarco: shows [Ah 7s] (two pair, Sixes and Deuces)
Mahu2021: mucks hand 
miko_delarco collected 40 from pot
*** SUMMARY ***
Total pot 40 | Rake 0 
Board [6d 2h 2d 6h Kc]
Seat 2: miko_delarco (big blind) showed [Ah 7s] and won (40) with two pair, Sixes and Deuces
Seat 3: Mahu2021 (button) (small blind) mucked [4h 3s]



PokerStars Hand #253355472806: Tournament #3822401895, $1.84+$0.16 USD Hold'em No Limit - Level I (10/20) - 2024/11/11 11:22:22 CET [2024/11/11 5:22:22 ET]
Table '3822401895 1' 3-max Seat #2 is the button
Seat 2: miko_delarco (1040 in chips) 
Seat 3: Mahu2021 (460 in chips) 
miko_delarco: posts small blind 10
Mahu2021: posts big blind 20
*** HOLE CARDS ***
Dealt to Mahu2021 [5d 9d]
miko_delarco: raises 20 to 40
Mahu2021: calls 20
*** FLOP *** [3c 8h 3s]
Mahu2021: checks 
miko_delarco: bets 25
Mahu2021: folds 
Uncalled bet (25) returned to miko_delarco
miko_delarco collected 80 from pot
miko_delarco: doesn't show hand 
*** SUMMARY ***
Total pot 80 | Rake 0 
Board [3c 8h 3s]
Seat 2: miko_delarco (button) (small blind) collected (80)
Seat 3: Mahu2021 (big blind) folded on the Flop



PokerStars Hand #253355474993: Tournament #3822401895, $1.84+$0.16 USD Hold'em No Limit - Level I (10/20) - 2024/11/11 11:22:42 CET [2024/11/11 5:22:42 ET]
Table '3822401895 1' 3-max Seat #3 is the button
Seat 2: miko_delarco (1080 in chips) 
Seat 3: Mahu2021 (420 in chips) 
Mahu2021: posts small blind 10
miko_delarco: posts big blind 20
*** HOLE CARDS ***
Dealt to Mahu2021 [8h 4d]
Mahu2021: folds 
Uncalled bet (10) returned to miko_delarco
miko_delarco collected 20 from pot
miko_delarco: doesn't show hand 
*** SUMMARY ***
Total pot 20 | Rake 0 
Seat 2: miko_delarco (big blind) collected (20)
Seat 3: Mahu2021 (button) (small blind) folded before Flop



PokerStars Hand #253355475442: Tournament #3822401895, $1.84+$0.16 USD Hold'em No Limit - Level I (10/20) - 2024/11/11 11:22:47 CET [2024/11/11 5:22:47 ET]
Table '3822401895 1' 3-max Seat #2 is the button
Seat 2: miko_delarco (1090 in chips) 
Seat 3: Mahu2021 (410 in chips) 
miko_delarco: posts small blind 10
Mahu2021: posts big blind 20
*** HOLE CARDS ***
Dealt to Mahu2021 [6d Kc]
miko_delarco: calls 10
Mahu2021: checks 
*** FLOP *** [7c Qh Kh]
Mahu2021: bets 20
miko_delarco: folds 
Uncalled bet (20) returned to Mahu2021
Mahu2021 collected 40 from pot
Mahu2021: doesn't show hand 
*** SUMMARY ***
Total pot 40 | Rake 0 
Board [7c Qh Kh]
Seat 2: miko_delarco (button) (small blind) folded on the Flop
Seat 3: Mahu2021 (big blind) collected (40)



PokerStars Hand #253355476871: Tournament #3822401895, $1.84+$0.16 USD Hold'em No Limit - Level I (10/20) - 2024/11/11 11:23:00 CET [2024/11/11 5:23:00 ET]
Table '3822401895 1' 3-max Seat #3 is the button
Seat 2: miko_delarco (1070 in chips) 
Seat 3: Mahu2021 (430 in chips) 
Mahu2021: posts small blind 10
miko_delarco: posts big blind 20
*** HOLE CARDS ***
Dealt to Mahu2021 [2d Td]
Mahu2021: raises 20 to 40
miko_delarco: raises 1030 to 1070 and is all-in
Mahu2021: folds 
Uncalled bet (1030) returned to miko_delarco
miko_delarco collected 80 from pot
miko_delarco: doesn't show hand 
*** SUMMARY ***
Total pot 80 | Rake 0 
Seat 2: miko_delarco (big blind) collected (80)
Seat 3: Mahu2021 (button) (small blind) folded before Flop



PokerStars Hand #253355478207: Tournament #3822401895, $1.84+$0.16 USD Hold'em No Limit - Level I (10/20) - 2024/11/11 11:23:12 CET [2024/11/11 5:23:12 ET]
Table '3822401895 1' 3-max Seat #2 is the button
Seat 2: miko_delarco (1110 in chips) 
Seat 3: Mahu2021 (390 in chips) 
miko_delarco: posts small blind 10
Mahu2021: posts big blind 20
*** HOLE CARDS ***
Dealt to Mahu2021 [Qc Jc]
miko_delarco: calls 10
Mahu2021: raises 60 to 80
miko_delarco: calls 60
*** FLOP *** [Ts 9s Kd]
Mahu2021: checks 
miko_delarco: checks 
*** TURN *** [Ts 9s Kd] [9d]
Mahu2021: checks 
miko_delarco: checks 
*** RIVER *** [Ts 9s Kd 9d] [2s]
Mahu2021: bets 160
miko_delarco: folds 
Uncalled bet (160) returned to Mahu2021
Mahu2021 collected 160 from pot
Mahu2021: doesn't show hand 
*** SUMMARY ***
Total pot 160 | Rake 0 
Board [Ts 9s Kd 9d 2s]
Seat 2: miko_delarco (button) (small blind) folded on the River
Seat 3: Mahu2021 (big blind) collected (160)



PokerStars Hand #253355481960: Tournament #3822401895, $1.84+$0.16 USD Hold'em No Limit - Level II (15/30) - 2024/11/11 11:23:48 CET [2024/11/11 5:23:48 ET]
Table '3822401895 1' 3-max Seat #3 is the button
Seat 2: miko_delarco (1030 in chips) 
Seat 3: Mahu2021 (470 in chips) 
Mahu2021: posts small blind 15
miko_delarco: posts big blind 30
*** HOLE CARDS ***
Dealt to Mahu2021 [9h 5h]
Mahu2021: raises 30 to 60
miko_delarco: raises 970 to 1030 and is all-in
Mahu2021: folds 
Uncalled bet (970) returned to miko_delarco
miko_delarco collected 120 from pot
miko_delarco: doesn't show hand 
*** SUMMARY ***
Total pot 120 | Rake 0 
Seat 2: miko_delarco (big blind) collected (120)
Seat 3: Mahu2021 (button) (small blind) folded before Flop



PokerStars Hand #253355483187: Tournament #3822401895, $1.84+$0.16 USD Hold'em No Limit - Level II (15/30) - 2024/11/11 11:23:59 CET [2024/11/11 5:23:59 ET]
Table '3822401895 1' 3-max Seat #2 is the button
Seat 2: miko_delarco (1090 in chips) 
Seat 3: Mahu2021 (410 in chips) 
miko_delarco: posts small blind 15
Mahu2021: posts big blind 30
*** HOLE CARDS ***
Dealt to Mahu2021 [8d 8c]
miko_delarco: calls 15
Mahu2021: raises 380 to 410 and is all-in
miko_delarco: folds 
Uncalled bet (380) returned to Mahu2021
Mahu2021 collected 60 from pot
Mahu2021: doesn't show hand 
*** SUMMARY ***
Total pot 60 | Rake 0 
Seat 2: miko_delarco (button) (small blind) folded before Flop
Seat 3: Mahu2021 (big blind) collected (60)



PokerStars Hand #253355485058: Tournament #3822401895, $1.84+$0.16 USD Hold'em No Limit - Level II (15/30) - 2024/11/11 11:24:16 CET [2024/11/11 5:24:16 ET]
Table '3822401895 1' 3-max Seat #3 is the button
Seat 2: miko_delarco (1060 in chips) 
Seat 3: Mahu2021 (440 in chips) 
Mahu2021: posts small blind 15
miko_delarco: posts big blind 30
*** HOLE CARDS ***
Dealt to Mahu2021 [Td Kc]
Mahu2021: raises 30 to 60
miko_delarco: calls 30
*** FLOP *** [Kd 8c 9h]
miko_delarco: checks 
Mahu2021: bets 60
miko_delarco: calls 60
*** TURN *** [Kd 8c 9h] [4s]
miko_delarco: checks 
Mahu2021: bets 320 and is all-in
miko_delarco: folds 
Uncalled bet (320) returned to Mahu2021
Mahu2021 collected 240 from pot
Mahu2021: doesn't show hand 
*** SUMMARY ***
Total pot 240 | Rake 0 
Board [Kd 8c 9h 4s]
Seat 2: miko_delarco (big blind) folded on the Turn
Seat 3: Mahu2021 (button) (small blind) collected (240)



PokerStars Hand #253355488654: Tournament #3822401895, $1.84+$0.16 USD Hold'em No Limit - Level II (15/30) - 2024/11/11 11:24:51 CET [2024/11/11 5:24:51 ET]
Table '3822401895 1' 3-max Seat #2 is the button
Seat 2: miko_delarco (940 in chips) 
Seat 3: Mahu2021 (560 in chips) 
miko_delarco: posts small blind 15
Mahu2021: posts big blind 30
*** HOLE CARDS ***
Dealt to Mahu2021 [5h Kc]
miko_delarco: folds 
Uncalled bet (15) returned to Mahu2021
Mahu2021 collected 30 from pot
Mahu2021: doesn't show hand 
*** SUMMARY ***
Total pot 30 | Rake 0 
Seat 2: miko_delarco (button) (small blind) folded before Flop
Seat 3: Mahu2021 (big blind) collected (30)



PokerStars Hand #253355489106: Tournament #3822401895, $1.84+$0.16 USD Hold'em No Limit - Level II (15/30) - 2024/11/11 11:24:55 CET [2024/11/11 5:24:55 ET]
Table '3822401895 1' 3-max Seat #3 is the button
Seat 2: miko_delarco (925 in chips) 
Seat 3: Mahu2021 (575 in chips) 
Mahu2021: posts small blind 15
miko_delarco: posts big blind 30
*** HOLE CARDS ***
Dealt to Mahu2021 [9d Kc]
Mahu2021: raises 30 to 60
miko_delarco: calls 30
*** FLOP *** [Ks 4h 2c]
miko_delarco: checks 
Mahu2021: bets 120
miko_delarco: folds 
Uncalled bet (120) returned to Mahu2021
Mahu2021 collected 120 from pot
Mahu2021: doesn't show hand 
*** SUMMARY ***
Total pot 120 | Rake 0 
Board [Ks 4h 2c]
Seat 2: miko_delarco (big blind) folded on the Flop
Seat 3: Mahu2021 (button) (small blind) collected (120)



PokerStars Hand #253355491211: Tournament #3822401895, $1.84+$0.16 USD Hold'em No Limit - Level II (15/30) - 2024/11/11 11:25:14 CET [2024/11/11 5:25:14 ET]
Table '3822401895 1' 3-max Seat #2 is the button
Seat 2: miko_delarco (865 in chips) 
Seat 3: Mahu2021 (635 in chips) 
miko_delarco: posts small blind 15
Mahu2021: posts big blind 30
*** HOLE CARDS ***
Dealt to Mahu2021 [9h Qh]
miko_delarco: calls 15
Mahu2021: checks 
*** FLOP *** [Ah Qc 9c]
Mahu2021: checks 
miko_delarco: bets 30
Mahu2021: calls 30
*** TURN *** [Ah Qc 9c] [Ts]
Mahu2021: checks 
miko_delarco: bets 60
Mahu2021: calls 60
*** RIVER *** [Ah Qc 9c Ts] [9s]
Mahu2021: bets 515 and is all-in
miko_delarco: folds 
Uncalled bet (515) returned to Mahu2021
Mahu2021 collected 240 from pot
Mahu2021: doesn't show hand 
*** SUMMARY ***
Total pot 240 | Rake 0 
Board [Ah Qc 9c Ts 9s]
Seat 2: miko_delarco (button) (small blind) folded on the River
Seat 3: Mahu2021 (big blind) collected (240)



PokerStars Hand #253355495295: Tournament #3822401895, $1.84+$0.16 USD Hold'em No Limit - Level III (20/40) - 2024/11/11 11:25:53 CET [2024/11/11 5:25:53 ET]
Table '3822401895 1' 3-max Seat #3 is the button
Seat 2: miko_delarco (745 in chips) 
Seat 3: Mahu2021 (755 in chips) 
Mahu2021: posts small blind 20
miko_delarco: posts big blind 40
*** HOLE CARDS ***
Dealt to Mahu2021 [Jc 4d]
Mahu2021: calls 20
miko_delarco: raises 80 to 120
Mahu2021: folds 
Uncalled bet (80) returned to miko_delarco
miko_delarco collected 80 from pot
miko_delarco: doesn't show hand 
*** SUMMARY ***
Total pot 80 | Rake 0 
Seat 2: miko_delarco (big blind) collected (80)
Seat 3: Mahu2021 (button) (small blind) folded before Flop



PokerStars Hand #253355496744: Tournament #3822401895, $1.84+$0.16 USD Hold'em No Limit - Level III (20/40) - 2024/11/11 11:26:06 CET [2024/11/11 5:26:06 ET]
Table '3822401895 1' 3-max Seat #2 is the button
Seat 2: miko_delarco (785 in chips) 
Seat 3: Mahu2021 (715 in chips) 
miko_delarco: posts small blind 20
Mahu2021: posts big blind 40
*** HOLE CARDS ***
Dealt to Mahu2021 [Qs 3s]
miko_delarco: calls 20
Mahu2021: checks 
*** FLOP *** [Kh Jh 6s]
Mahu2021: checks 
miko_delarco: bets 40
Mahu2021: calls 40
*** TURN *** [Kh Jh 6s] [8h]
Mahu2021: checks 
miko_delarco: bets 80
Mahu2021: folds 
Uncalled bet (80) returned to miko_delarco
miko_delarco collected 160 from pot
miko_delarco: doesn't show hand 
*** SUMMARY ***
Total pot 160 | Rake 0 
Board [Kh Jh 6s 8h]
Seat 2: miko_delarco (button) (small blind) collected (160)
Seat 3: Mahu2021 (big blind) folded on the Turn



PokerStars Hand #253355500220: Tournament #3822401895, $1.84+$0.16 USD Hold'em No Limit - Level III (20/40) - 2024/11/11 11:26:38 CET [2024/11/11 5:26:38 ET]
Table '3822401895 1' 3-max Seat #3 is the button
Seat 2: miko_delarco (865 in chips) 
Seat 3: Mahu2021 (635 in chips) 
Mahu2021: posts small blind 20
miko_delarco: posts big blind 40
*** HOLE CARDS ***
Dealt to Mahu2021 [2s Ks]
Mahu2021: raises 40 to 80
miko_delarco: folds 
Uncalled bet (40) returned to Mahu2021
Mahu2021 collected 80 from pot
Mahu2021: doesn't show hand 
*** SUMMARY ***
Total pot 80 | Rake 0 
Seat 2: miko_delarco (big blind) folded before Flop
Seat 3: Mahu2021 (button) (small blind) collected (80)



PokerStars Hand #253355500933: Tournament #3822401895, $1.84+$0.16 USD Hold'em No Limit - Level III (20/40) - 2024/11/11 11:26:45 CET [2024/11/11 5:26:45 ET]
Table '3822401895 1' 3-max Seat #2 is the button
Seat 2: miko_delarco (825 in chips) 
Seat 3: Mahu2021 (675 in chips) 
miko_delarco: posts small blind 20
Mahu2021: posts big blind 40
*** HOLE CARDS ***
Dealt to Mahu2021 [5s Jh]
miko_delarco: calls 20
Mahu2021: checks 
*** FLOP *** [Ts Kd 3s]
Mahu2021: checks 
miko_delarco: checks 
*** TURN *** [Ts Kd 3s] [7s]
Mahu2021: checks 
miko_delarco: checks 
*** RIVER *** [Ts Kd 3s 7s] [7h]
Mahu2021: bets 80
miko_delarco: calls 80
*** SHOW DOWN ***
Mahu2021: shows [5s Jh] (a pair of Sevens)
miko_delarco: shows [4d 3c] (two pair, Sevens and Threes)
miko_delarco collected 240 from pot
*** SUMMARY ***
Total pot 240 | Rake 0 
Board [Ts Kd 3s 7s 7h]
Seat 2: miko_delarco (button) (small blind) showed [4d 3c] and won (240) with two pair, Sevens and Threes
Seat 3: Mahu2021 (big blind) showed [5s Jh] and lost with a pair of Sevens



PokerStars Hand #253355504526: Tournament #3822401895, $1.84+$0.16 USD Hold'em No Limit - Level III (20/40) - 2024/11/11 11:27:17 CET [2024/11/11 5:27:17 ET]
Table '3822401895 1' 3-max Seat #3 is the button
Seat 2: miko_delarco (945 in chips) 
Seat 3: Mahu2021 (555 in chips) 
Mahu2021: posts small blind 20
miko_delarco: posts big blind 40
*** HOLE CARDS ***
Dealt to Mahu2021 [Th Kc]
Mahu2021: raises 40 to 80
miko_delarco: calls 40
*** FLOP *** [Jd 2d As]
miko_delarco: checks 
Mahu2021: checks 
*** TURN *** [Jd 2d As] [4h]
miko_delarco: checks 
Mahu2021: checks 
*** RIVER *** [Jd 2d As 4h] [Td]
miko_delarco: checks 
Mahu2021: bets 160
miko_delarco: folds 
Uncalled bet (160) returned to Mahu2021
Mahu2021 collected 160 from pot
Mahu2021: doesn't show hand 
*** SUMMARY ***
Total pot 160 | Rake 0 
Board [Jd 2d As 4h Td]
Seat 2: miko_delarco (big blind) folded on the River
Seat 3: Mahu2021 (button) (small blind) collected (160)



PokerStars Hand #253355508327: Tournament #3822401895, $1.84+$0.16 USD Hold'em No Limit - Level IV (30/60) - 2024/11/11 11:27:52 CET [2024/11/11 5:27:52 ET]
Table '3822401895 1' 3-max Seat #2 is the button
Seat 2: miko_delarco (865 in chips) 
Seat 3: Mahu2021 (635 in chips) 
miko_delarco: posts small blind 30
Mahu2021: posts big blind 60
*** HOLE CARDS ***
Dealt to Mahu2021 [Js 5c]
miko_delarco: folds 
Uncalled bet (30) returned to Mahu2021
Mahu2021 collected 60 from pot
Mahu2021: doesn't show hand 
*** SUMMARY ***
Total pot 60 | Rake 0 
Seat 2: miko_delarco (button) (small blind) folded before Flop
Seat 3: Mahu2021 (big blind) collected (60)



PokerStars Hand #253355508963: Tournament #3822401895, $1.84+$0.16 USD Hold'em No Limit - Level IV (30/60) - 2024/11/11 11:27:58 CET [2024/11/11 5:27:58 ET]
Table '3822401895 1' 3-max Seat #3 is the button
Seat 2: miko_delarco (835 in chips) 
Seat 3: Mahu2021 (665 in chips) 
Mahu2021: posts small blind 30
miko_delarco: posts big blind 60
*** HOLE CARDS ***
Dealt to Mahu2021 [9c 3c]
Mahu2021: calls 30
miko_delarco: checks 
*** FLOP *** [8s 8h Qc]
miko_delarco: checks 
Mahu2021: bets 60
miko_delarco: calls 60
*** TURN *** [8s 8h Qc] [7d]
miko_delarco: checks 
Mahu2021: bets 240
miko_delarco: folds 
Uncalled bet (240) returned to Mahu2021
Mahu2021 collected 240 from pot
Mahu2021: doesn't show hand 
*** SUMMARY ***
Total pot 240 | Rake 0 
Board [8s 8h Qc 7d]
Seat 2: miko_delarco (big blind) folded on the Turn
Seat 3: Mahu2021 (button) (small blind) collected (240)



PokerStars Hand #253355512671: Tournament #3822401895, $1.84+$0.16 USD Hold'em No Limit - Level IV (30/60) - 2024/11/11 11:28:32 CET [2024/11/11 5:28:32 ET]
Table '3822401895 1' 3-max Seat #2 is the button
Seat 2: miko_delarco (715 in chips) 
Seat 3: Mahu2021 (785 in chips) 
miko_delarco: posts small blind 30
Mahu2021: posts big blind 60
*** HOLE CARDS ***
Dealt to Mahu2021 [8c 3c]
miko_delarco: calls 30
Mahu2021: checks 
*** FLOP *** [As Kd Ts]
Mahu2021: checks 
miko_delarco: bets 60
Mahu2021: folds 
Uncalled bet (60) returned to miko_delarco
miko_delarco collected 120 from pot
miko_delarco: doesn't show hand 
*** SUMMARY ***
Total pot 120 | Rake 0 
Board [As Kd Ts]
Seat 2: miko_delarco (button) (small blind) collected (120)
Seat 3: Mahu2021 (big blind) folded on the Flop



PokerStars Hand #253355514936: Tournament #3822401895, $1.84+$0.16 USD Hold'em No Limit - Level IV (30/60) - 2024/11/11 11:28:53 CET [2024/11/11 5:28:53 ET]
Table '3822401895 1' 3-max Seat #3 is the button
Seat 2: miko_delarco (775 in chips) 
Seat 3: Mahu2021 (725 in chips) 
Mahu2021: posts small blind 30
miko_delarco: posts big blind 60
*** HOLE CARDS ***
Dealt to Mahu2021 [Kc 4d]
Mahu2021: raises 60 to 120
miko_delarco: folds 
Uncalled bet (60) returned to Mahu2021
Mahu2021 collected 120 from pot
Mahu2021: doesn't show hand 
*** SUMMARY ***
Total pot 120 | Rake 0 
Seat 2: miko_delarco (big blind) folded before Flop
Seat 3: Mahu2021 (button) (small blind) collected (120)



PokerStars Hand #253355515654: Tournament #3822401895, $1.84+$0.16 USD Hold'em No Limit - Level IV (30/60) - 2024/11/11 11:28:59 CET [2024/11/11 5:28:59 ET]
Table '3822401895 1' 3-max Seat #2 is the button
Seat 2: miko_delarco (715 in chips) 
Seat 3: Mahu2021 (785 in chips) 
miko_delarco: posts small blind 30
Mahu2021: posts big blind 60
*** HOLE CARDS ***
Dealt to Mahu2021 [2d Kc]
miko_delarco: folds 
Uncalled bet (30) returned to Mahu2021
Mahu2021 collected 60 from pot
Mahu2021: doesn't show hand 
*** SUMMARY ***
Total pot 60 | Rake 0 
Seat 2: miko_delarco (button) (small blind) folded before Flop
Seat 3: Mahu2021 (big blind) collected (60)



PokerStars Hand #253355516156: Tournament #3822401895, $1.84+$0.16 USD Hold'em No Limit - Level IV (30/60) - 2024/11/11 11:29:04 CET [2024/11/11 5:29:04 ET]
Table '3822401895 1' 3-max Seat #3 is the button
Seat 2: miko_delarco (685 in chips) 
Seat 3: Mahu2021 (815 in chips) 
Mahu2021: posts small blind 30
miko_delarco: posts big blind 60
*** HOLE CARDS ***
Dealt to Mahu2021 [Ad 5d]
Mahu2021: raises 60 to 120
miko_delarco: folds 
Uncalled bet (60) returned to Mahu2021
Mahu2021 collected 120 from pot
Mahu2021: doesn't show hand 
*** SUMMARY ***
Total pot 120 | Rake 0 
Seat 2: miko_delarco (big blind) folded before Flop
Seat 3: Mahu2021 (button) (small blind) collected (120)



PokerStars Hand #253355517100: Tournament #3822401895, $1.84+$0.16 USD Hold'em No Limit - Level IV (30/60) - 2024/11/11 11:29:13 CET [2024/11/11 5:29:13 ET]
Table '3822401895 1' 3-max Seat #2 is the button
Seat 2: miko_delarco (625 in chips) 
Seat 3: Mahu2021 (875 in chips) 
miko_delarco: posts small blind 30
Mahu2021: posts big blind 60
*** HOLE CARDS ***
Dealt to Mahu2021 [Jh 9d]
miko_delarco: calls 30
Mahu2021: checks 
*** FLOP *** [9h Qd 2h]
Mahu2021: checks 
miko_delarco: checks 
*** TURN *** [9h Qd 2h] [7d]
Mahu2021: checks 
miko_delarco: bets 60
Mahu2021: calls 60
*** RIVER *** [9h Qd 2h 7d] [Tc]
Mahu2021: checks 
miko_delarco: checks 
*** SHOW DOWN ***
Mahu2021: shows [Jh 9d] (a pair of Nines)
miko_delarco: mucks hand 
Mahu2021 collected 240 from pot
*** SUMMARY ***
Total pot 240 | Rake 0 
Board [9h Qd 2h 7d Tc]
Seat 2: miko_delarco (button) (small blind) mucked [6s 2s]
Seat 3: Mahu2021 (big blind) showed [Jh 9d] and won (240) with a pair of Nines



PokerStars Hand #253355520931: Tournament #3822401895, $1.84+$0.16 USD Hold'em No Limit - Level V (40/80) - 2024/11/11 11:29:48 CET [2024/11/11 5:29:48 ET]
Table '3822401895 1' 3-max Seat #3 is the button
Seat 2: miko_delarco (505 in chips) 
Seat 3: Mahu2021 (995 in chips) 
Mahu2021: posts small blind 40
miko_delarco: posts big blind 80
*** HOLE CARDS ***
Dealt to Mahu2021 [Ks 4h]
Mahu2021: raises 160 to 240
miko_delarco: folds 
Uncalled bet (160) returned to Mahu2021
Mahu2021 collected 160 from pot
Mahu2021: doesn't show hand 
*** SUMMARY ***
Total pot 160 | Rake 0 
Seat 2: miko_delarco (big blind) folded before Flop
Seat 3: Mahu2021 (button) (small blind) collected (160)



PokerStars Hand #253355522146: Tournament #3822401895, $1.84+$0.16 USD Hold'em No Limit - Level V (40/80) - 2024/11/11 11:29:59 CET [2024/11/11 5:29:59 ET]
Table '3822401895 1' 3-max Seat #2 is the button
Seat 2: miko_delarco (425 in chips) 
Seat 3: Mahu2021 (1075 in chips) 
miko_delarco: posts small blind 40
Mahu2021: posts big blind 80
*** HOLE CARDS ***
Dealt to Mahu2021 [Qh 3d]
miko_delarco: raises 345 to 425 and is all-in
Mahu2021: folds 
Uncalled bet (345) returned to miko_delarco
miko_delarco collected 160 from pot
miko_delarco: doesn't show hand 
*** SUMMARY ***
Total pot 160 | Rake 0 
Seat 2: miko_delarco (button) (small blind) collected (160)
Seat 3: Mahu2021 (big blind) folded before Flop



PokerStars Hand #253355522878: Tournament #3822401895, $1.84+$0.16 USD Hold'em No Limit - Level V (40/80) - 2024/11/11 11:30:06 CET [2024/11/11 5:30:06 ET]
Table '3822401895 1' 3-max Seat #3 is the button
Seat 2: miko_delarco (505 in chips) 
Seat 3: Mahu2021 (995 in chips) 
Mahu2021: posts small blind 40
miko_delarco: posts big blind 80
*** HOLE CARDS ***
Dealt to Mahu2021 [2h Qc]
Mahu2021: calls 40
miko_delarco: raises 425 to 505 and is all-in
Mahu2021: folds 
Uncalled bet (425) returned to miko_delarco
miko_delarco collected 160 from pot
miko_delarco: doesn't show hand 
*** SUMMARY ***
Total pot 160 | Rake 0 
Seat 2: miko_delarco (big blind) collected (160)
Seat 3: Mahu2021 (button) (small blind) folded before Flop



PokerStars Hand #253355523930: Tournament #3822401895, $1.84+$0.16 USD Hold'em No Limit - Level V (40/80) - 2024/11/11 11:30:16 CET [2024/11/11 5:30:16 ET]
Table '3822401895 1' 3-max Seat #2 is the button
Seat 2: miko_delarco (585 in chips) 
Seat 3: Mahu2021 (915 in chips) 
miko_delarco: posts small blind 40
Mahu2021: posts big blind 80
*** HOLE CARDS ***
Dealt to Mahu2021 [4c 7d]
miko_delarco: raises 505 to 585 and is all-in
Mahu2021: folds 
Uncalled bet (505) returned to miko_delarco
miko_delarco collected 160 from pot
miko_delarco: doesn't show hand 
*** SUMMARY ***
Total pot 160 | Rake 0 
Seat 2: miko_delarco (button) (small blind) collected (160)
Seat 3: Mahu2021 (big blind) folded before Flop



PokerStars Hand #253355524791: Tournament #3822401895, $1.84+$0.16 USD Hold'em No Limit - Level V (40/80) - 2024/11/11 11:30:24 CET [2024/11/11 5:30:24 ET]
Table '3822401895 1' 3-max Seat #3 is the button
Seat 2: miko_delarco (665 in chips) 
Seat 3: Mahu2021 (835 in chips) 
Mahu2021: posts small blind 40
miko_delarco: posts big blind 80
*** HOLE CARDS ***
Dealt to Mahu2021 [9c Ac]
Mahu2021: raises 80 to 160
miko_delarco: folds 
Uncalled bet (80) returned to Mahu2021
Mahu2021 collected 160 from pot
Mahu2021: doesn't show hand 
*** SUMMARY ***
Total pot 160 | Rake 0 
Seat 2: miko_delarco (big blind) folded before Flop
Seat 3: Mahu2021 (button) (small blind) collected (160)



PokerStars Hand #253355525496: Tournament #3822401895, $1.84+$0.16 USD Hold'em No Limit - Level V (40/80) - 2024/11/11 11:30:31 CET [2024/11/11 5:30:31 ET]
Table '3822401895 1' 3-max Seat #2 is the button
Seat 2: miko_delarco (585 in chips) 
Seat 3: Mahu2021 (915 in chips) 
miko_delarco: posts small blind 40
Mahu2021: posts big blind 80
*** HOLE CARDS ***
Dealt to Mahu2021 [8s 7h]
miko_delarco: calls 40
Mahu2021: checks 
*** FLOP *** [6h Jc 3d]
Mahu2021: checks 
miko_delarco: checks 
*** TURN *** [6h Jc 3d] [5d]
Mahu2021: checks 
miko_delarco: bets 80
Mahu2021: calls 80
*** RIVER *** [6h Jc 3d 5d] [2d]
Mahu2021: checks 
miko_delarco: checks 
*** SHOW DOWN ***
Mahu2021: shows [8s 7h] (high card Jack)
miko_delarco: shows [3s 5s] (two pair, Fives and Threes)
miko_delarco collected 320 from pot
*** SUMMARY ***
Total pot 320 | Rake 0 
Board [6h Jc 3d 5d 2d]
Seat 2: miko_delarco (button) (small blind) showed [3s 5s] and won (320) with two pair, Fives and Threes
Seat 3: Mahu2021 (big blind) showed [8s 7h] and lost with high card Jack



PokerStars Hand #253355529048: Tournament #3822401895, $1.84+$0.16 USD Hold'em No Limit - Level V (40/80) - 2024/11/11 11:31:04 CET [2024/11/11 5:31:04 ET]
Table '3822401895 1' 3-max Seat #3 is the button
Seat 2: miko_delarco (745 in chips) 
Seat 3: Mahu2021 (755 in chips) 
Mahu2021: posts small blind 40
miko_delarco: posts big blind 80
*** HOLE CARDS ***
Dealt to Mahu2021 [4s Ad]
Mahu2021: raises 675 to 755 and is all-in
miko_delarco: folds 
Uncalled bet (675) returned to Mahu2021
Mahu2021 collected 160 from pot
Mahu2021: doesn't show hand 
*** SUMMARY ***
Total pot 160 | Rake 0 
Seat 2: miko_delarco (big blind) folded before Flop
Seat 3: Mahu2021 (button) (small blind) collected (160)



PokerStars Hand #253355529887: Tournament #3822401895, $1.84+$0.16 USD Hold'em No Limit - Level V (40/80) - 2024/11/11 11:31:11 CET [2024/11/11 5:31:11 ET]
Table '3822401895 1' 3-max Seat #2 is the button
Seat 2: miko_delarco (665 in chips) 
Seat 3: Mahu2021 (835 in chips) 
miko_delarco: posts small blind 40
Mahu2021: posts big blind 80
*** HOLE CARDS ***
Dealt to Mahu2021 [Qd Js]
miko_delarco: raises 585 to 665 and is all-in
Mahu2021: calls 585
*** FLOP *** [3d Qs 3h]
*** TURN *** [3d Qs 3h] [Jc]
*** RIVER *** [3d Qs 3h Jc] [9h]
*** SHOW DOWN ***
Mahu2021: shows [Qd Js] (two pair, Queens and Jacks)
miko_delarco: shows [7h 6h] (a pair of Threes)
Mahu2021 collected 1330 from pot
miko_delarco finished the tournament in 2nd place
Mahu2021 wins the tournament and receives $4.00 - congratulations!
*** SUMMARY ***
Total pot 1330 | Rake 0 
Board [3d Qs 3h Jc 9h]
Seat 2: miko_delarco (button) (small blind) showed [7h 6h] and lost with a pair of Threes
Seat 3: Mahu2021 (big blind) showed [Qd Js] and won (1330) with two pair, Queens and Jacks



