PokerStars Hand #249023339843: Tournament #3719585477, $1.84+$0.16 USD Hold'em No Limit - Level I (10/20) - 2024/02/22 10:58:20 CET [2024/02/22 4:58:20 ET]
Table '3719585477 1' 3-max Seat #1 is the button
Seat 1: Mahu2021 (500 in chips) 
Seat 2: Inspiron1613 (500 in chips) 
Seat 3: Gyciakasesu (500 in chips) 
Inspiron1613: posts small blind 10
Gyciakasesu: posts big blind 20
*** HOLE CARDS ***
Dealt to Mahu2021 [4d Jh]
Mahu2021: folds 
Inspiron1613: raises 40 to 60
Gyciakasesu: raises 440 to 500 and is all-in
Inspiron1613: folds 
Uncalled bet (440) returned to Gyciakasesu
Gyciakasesu collected 120 from pot
Gyciakasesu: doesn't show hand 
*** SUMMARY ***
Total pot 120 | Rake 0 
Seat 1: Mahu2021 (button) folded before Flop (didn't bet)
Seat 2: Inspiron1613 (small blind) folded before Flop
Seat 3: Gyciakasesu (big blind) collected (120)



PokerStars Hand #249023341096: Tournament #3719585477, $1.84+$0.16 USD Hold'em No Limit - Level I (10/20) - 2024/02/22 10:58:32 CET [2024/02/22 4:58:32 ET]
Table '3719585477 1' 3-max Seat #2 is the button
Seat 1: Mahu2021 (500 in chips) 
Seat 2: Inspiron1613 (440 in chips) 
Seat 3: Gyciakasesu (560 in chips) 
Gyciakasesu: posts small blind 10
Mahu2021: posts big blind 20
*** HOLE CARDS ***
Dealt to Mahu2021 [Jh Ad]
Inspiron1613: calls 20
Gyciakasesu: calls 10
Mahu2021: raises 60 to 80
Inspiron1613: folds 
Gyciakasesu: folds 
Uncalled bet (60) returned to Mahu2021
Mahu2021 collected 60 from pot
Mahu2021: doesn't show hand 
*** SUMMARY ***
Total pot 60 | Rake 0 
Seat 1: Mahu2021 (big blind) collected (60)
Seat 2: Inspiron1613 (button) folded before Flop
Seat 3: Gyciakasesu (small blind) folded before Flop



PokerStars Hand #249023342379: Tournament #3719585477, $1.84+$0.16 USD Hold'em No Limit - Level I (10/20) - 2024/02/22 10:58:44 CET [2024/02/22 4:58:44 ET]
Table '3719585477 1' 3-max Seat #3 is the button
Seat 1: Mahu2021 (540 in chips) 
Seat 2: Inspiron1613 (420 in chips) 
Seat 3: Gyciakasesu (540 in chips) 
Mahu2021: posts small blind 10
Inspiron1613: posts big blind 20
*** HOLE CARDS ***
Dealt to Mahu2021 [9c 6c]
Gyciakasesu: folds 
Mahu2021: calls 10
Inspiron1613: checks 
*** FLOP *** [3c 2c Jh]
Mahu2021: bets 20
Inspiron1613: folds 
Uncalled bet (20) returned to Mahu2021
Mahu2021 collected 40 from pot
Mahu2021: doesn't show hand 
*** SUMMARY ***
Total pot 40 | Rake 0 
Board [3c 2c Jh]
Seat 1: Mahu2021 (small blind) collected (40)
Seat 2: Inspiron1613 (big blind) folded on the Flop
Seat 3: Gyciakasesu (button) folded before Flop (didn't bet)



PokerStars Hand #249023343948: Tournament #3719585477, $1.84+$0.16 USD Hold'em No Limit - Level I (10/20) - 2024/02/22 10:58:58 CET [2024/02/22 4:58:58 ET]
Table '3719585477 1' 3-max Seat #1 is the button
Seat 1: Mahu2021 (560 in chips) 
Seat 2: Inspiron1613 (400 in chips) 
Seat 3: Gyciakasesu (540 in chips) 
Inspiron1613: posts small blind 10
Gyciakasesu: posts big blind 20
*** HOLE CARDS ***
Dealt to Mahu2021 [6h 7s]
Mahu2021: folds 
Inspiron1613: raises 20 to 40
Gyciakasesu: folds 
Uncalled bet (20) returned to Inspiron1613
Inspiron1613 collected 40 from pot
Inspiron1613: doesn't show hand 
*** SUMMARY ***
Total pot 40 | Rake 0 
Seat 1: Mahu2021 (button) folded before Flop (didn't bet)
Seat 2: Inspiron1613 (small blind) collected (40)
Seat 3: Gyciakasesu (big blind) folded before Flop



PokerStars Hand #249023344641: Tournament #3719585477, $1.84+$0.16 USD Hold'em No Limit - Level I (10/20) - 2024/02/22 10:59:05 CET [2024/02/22 4:59:05 ET]
Table '3719585477 1' 3-max Seat #2 is the button
Seat 1: Mahu2021 (560 in chips) 
Seat 2: Inspiron1613 (420 in chips) 
Seat 3: Gyciakasesu (520 in chips) 
Gyciakasesu: posts small blind 10
Mahu2021: posts big blind 20
*** HOLE CARDS ***
Dealt to Mahu2021 [9h 4d]
Inspiron1613: calls 20
Gyciakasesu: folds 
Mahu2021: checks 
*** FLOP *** [Ac 4s 5d]
Mahu2021: checks 
Inspiron1613: checks 
*** TURN *** [Ac 4s 5d] [8s]
Mahu2021: bets 20
Inspiron1613: calls 20
*** RIVER *** [Ac 4s 5d 8s] [7c]
Mahu2021: checks 
Inspiron1613: bets 40
Mahu2021: folds 
Uncalled bet (40) returned to Inspiron1613
Inspiron1613 collected 90 from pot
Inspiron1613: doesn't show hand 
*** SUMMARY ***
Total pot 90 | Rake 0 
Board [Ac 4s 5d 8s 7c]
Seat 1: Mahu2021 (big blind) folded on the River
Seat 2: Inspiron1613 (button) collected (90)
Seat 3: Gyciakasesu (small blind) folded before Flop



PokerStars Hand #249023347442: Tournament #3719585477, $1.84+$0.16 USD Hold'em No Limit - Level I (10/20) - 2024/02/22 10:59:31 CET [2024/02/22 4:59:31 ET]
Table '3719585477 1' 3-max Seat #3 is the button
Seat 1: Mahu2021 (520 in chips) 
Seat 2: Inspiron1613 (470 in chips) 
Seat 3: Gyciakasesu (510 in chips) 
Mahu2021: posts small blind 10
Inspiron1613: posts big blind 20
*** HOLE CARDS ***
Dealt to Mahu2021 [5h Ts]
Gyciakasesu: folds 
Mahu2021: folds 
Uncalled bet (10) returned to Inspiron1613
Inspiron1613 collected 20 from pot
Inspiron1613: doesn't show hand 
*** SUMMARY ***
Total pot 20 | Rake 0 
Seat 1: Mahu2021 (small blind) folded before Flop
Seat 2: Inspiron1613 (big blind) collected (20)
Seat 3: Gyciakasesu (button) folded before Flop (didn't bet)



PokerStars Hand #249023347889: Tournament #3719585477, $1.84+$0.16 USD Hold'em No Limit - Level I (10/20) - 2024/02/22 10:59:35 CET [2024/02/22 4:59:35 ET]
Table '3719585477 1' 3-max Seat #1 is the button
Seat 1: Mahu2021 (510 in chips) 
Seat 2: Inspiron1613 (480 in chips) 
Seat 3: Gyciakasesu (510 in chips) 
Inspiron1613: posts small blind 10
Gyciakasesu: posts big blind 20
*** HOLE CARDS ***
Dealt to Mahu2021 [5h 5s]
Mahu2021: raises 20 to 40
Inspiron1613: folds 
Gyciakasesu: calls 20
*** FLOP *** [Jh 2d Qh]
Gyciakasesu: checks 
Mahu2021: checks 
*** TURN *** [Jh 2d Qh] [7c]
Gyciakasesu: bets 80
Mahu2021: folds 
Uncalled bet (80) returned to Gyciakasesu
Gyciakasesu collected 90 from pot
Gyciakasesu: doesn't show hand 
*** SUMMARY ***
Total pot 90 | Rake 0 
Board [Jh 2d Qh 7c]
Seat 1: Mahu2021 (button) folded on the Turn
Seat 2: Inspiron1613 (small blind) folded before Flop
Seat 3: Gyciakasesu (big blind) collected (90)



PokerStars Hand #249023349435: Tournament #3719585477, $1.84+$0.16 USD Hold'em No Limit - Level I (10/20) - 2024/02/22 10:59:49 CET [2024/02/22 4:59:49 ET]
Table '3719585477 1' 3-max Seat #2 is the button
Seat 1: Mahu2021 (470 in chips) 
Seat 2: Inspiron1613 (470 in chips) 
Seat 3: Gyciakasesu (560 in chips) 
Gyciakasesu: posts small blind 10
Mahu2021: posts big blind 20
*** HOLE CARDS ***
Dealt to Mahu2021 [Jc 9s]
Inspiron1613: calls 20
Gyciakasesu: folds 
Mahu2021: checks 
*** FLOP *** [8c 6s Ks]
Mahu2021: checks 
Inspiron1613: checks 
*** TURN *** [8c 6s Ks] [4h]
Mahu2021: checks 
Inspiron1613: bets 60
Mahu2021: folds 
Uncalled bet (60) returned to Inspiron1613
Inspiron1613 collected 50 from pot
Inspiron1613: doesn't show hand 
*** SUMMARY ***
Total pot 50 | Rake 0 
Board [8c 6s Ks 4h]
Seat 1: Mahu2021 (big blind) folded on the Turn
Seat 2: Inspiron1613 (button) collected (50)
Seat 3: Gyciakasesu (small blind) folded before Flop



PokerStars Hand #249023351512: Tournament #3719585477, $1.84+$0.16 USD Hold'em No Limit - Level I (10/20) - 2024/02/22 11:00:08 CET [2024/02/22 5:00:08 ET]
Table '3719585477 1' 3-max Seat #3 is the button
Seat 1: Mahu2021 (450 in chips) 
Seat 2: Inspiron1613 (500 in chips) 
Seat 3: Gyciakasesu (550 in chips) 
Mahu2021: posts small blind 10
Inspiron1613: posts big blind 20
*** HOLE CARDS ***
Dealt to Mahu2021 [9d Tc]
Gyciakasesu: folds 
Mahu2021: calls 10
Inspiron1613: raises 40 to 60
Mahu2021: calls 40
*** FLOP *** [8h 6s Ad]
Mahu2021: checks 
Inspiron1613: bets 100
Mahu2021: folds 
Uncalled bet (100) returned to Inspiron1613
Inspiron1613 collected 120 from pot
Inspiron1613: doesn't show hand 
*** SUMMARY ***
Total pot 120 | Rake 0 
Board [8h 6s Ad]
Seat 1: Mahu2021 (small blind) folded on the Flop
Seat 2: Inspiron1613 (big blind) collected (120)
Seat 3: Gyciakasesu (button) folded before Flop (didn't bet)



PokerStars Hand #249023353839: Tournament #3719585477, $1.84+$0.16 USD Hold'em No Limit - Level I (10/20) - 2024/02/22 11:00:28 CET [2024/02/22 5:00:28 ET]
Table '3719585477 1' 3-max Seat #1 is the button
Seat 1: Mahu2021 (390 in chips) 
Seat 2: Inspiron1613 (560 in chips) 
Seat 3: Gyciakasesu (550 in chips) 
Inspiron1613: posts small blind 10
Gyciakasesu: posts big blind 20
*** HOLE CARDS ***
Dealt to Mahu2021 [5s Jc]
Mahu2021: folds 
Inspiron1613: calls 10
Gyciakasesu: checks 
*** FLOP *** [5c 3s Ac]
Inspiron1613: checks 
Gyciakasesu: checks 
*** TURN *** [5c 3s Ac] [Ad]
Inspiron1613: checks 
Gyciakasesu: checks 
*** RIVER *** [5c 3s Ac Ad] [4d]
Inspiron1613: bets 20
Gyciakasesu: folds 
Uncalled bet (20) returned to Inspiron1613
Inspiron1613 collected 40 from pot
Inspiron1613: doesn't show hand 
*** SUMMARY ***
Total pot 40 | Rake 0 
Board [5c 3s Ac Ad 4d]
Seat 1: Mahu2021 (button) folded before Flop (didn't bet)
Seat 2: Inspiron1613 (small blind) collected (40)
Seat 3: Gyciakasesu (big blind) folded on the River



PokerStars Hand #249023357075: Tournament #3719585477, $1.84+$0.16 USD Hold'em No Limit - Level I (10/20) - 2024/02/22 11:00:55 CET [2024/02/22 5:00:55 ET]
Table '3719585477 1' 3-max Seat #2 is the button
Seat 1: Mahu2021 (390 in chips) 
Seat 2: Inspiron1613 (580 in chips) 
Seat 3: Gyciakasesu (530 in chips) 
Gyciakasesu: posts small blind 10
Mahu2021: posts big blind 20
*** HOLE CARDS ***
Dealt to Mahu2021 [4s Jc]
Inspiron1613: raises 60 to 80
Gyciakasesu: folds 
Mahu2021: folds 
Uncalled bet (60) returned to Inspiron1613
Inspiron1613 collected 50 from pot
Inspiron1613: doesn't show hand 
*** SUMMARY ***
Total pot 50 | Rake 0 
Seat 1: Mahu2021 (big blind) folded before Flop
Seat 2: Inspiron1613 (button) collected (50)
Seat 3: Gyciakasesu (small blind) folded before Flop



PokerStars Hand #249023358437: Tournament #3719585477, $1.84+$0.16 USD Hold'em No Limit - Level I (10/20) - 2024/02/22 11:01:05 CET [2024/02/22 5:01:05 ET]
Table '3719585477 1' 3-max Seat #3 is the button
Seat 1: Mahu2021 (370 in chips) 
Seat 2: Inspiron1613 (610 in chips) 
Seat 3: Gyciakasesu (520 in chips) 
Mahu2021: posts small blind 10
Inspiron1613: posts big blind 20
*** HOLE CARDS ***
Dealt to Mahu2021 [3d 6s]
Gyciakasesu: raises 20 to 40
Mahu2021: folds 
Inspiron1613: calls 20
*** FLOP *** [9h 2c 5s]
Inspiron1613: checks 
Gyciakasesu: bets 40
Inspiron1613: folds 
Uncalled bet (40) returned to Gyciakasesu
Gyciakasesu collected 90 from pot
Gyciakasesu: doesn't show hand 
*** SUMMARY ***
Total pot 90 | Rake 0 
Board [9h 2c 5s]
Seat 1: Mahu2021 (small blind) folded before Flop
Seat 2: Inspiron1613 (big blind) folded on the Flop
Seat 3: Gyciakasesu (button) collected (90)



PokerStars Hand #249023361421: Tournament #3719585477, $1.84+$0.16 USD Hold'em No Limit - Level II (15/30) - 2024/02/22 11:01:29 CET [2024/02/22 5:01:29 ET]
Table '3719585477 1' 3-max Seat #1 is the button
Seat 1: Mahu2021 (360 in chips) 
Seat 2: Inspiron1613 (570 in chips) 
Seat 3: Gyciakasesu (570 in chips) 
Inspiron1613: posts small blind 15
Gyciakasesu: posts big blind 30
*** HOLE CARDS ***
Dealt to Mahu2021 [Tc 9s]
Mahu2021: folds 
Inspiron1613: folds 
Uncalled bet (15) returned to Gyciakasesu
Gyciakasesu collected 30 from pot
Gyciakasesu: doesn't show hand 
*** SUMMARY ***
Total pot 30 | Rake 0 
Seat 1: Mahu2021 (button) folded before Flop (didn't bet)
Seat 2: Inspiron1613 (small blind) folded before Flop
Seat 3: Gyciakasesu (big blind) collected (30)



PokerStars Hand #249023362224: Tournament #3719585477, $1.84+$0.16 USD Hold'em No Limit - Level II (15/30) - 2024/02/22 11:01:36 CET [2024/02/22 5:01:36 ET]
Table '3719585477 1' 3-max Seat #2 is the button
Seat 1: Mahu2021 (360 in chips) 
Seat 2: Inspiron1613 (555 in chips) 
Seat 3: Gyciakasesu (585 in chips) 
Gyciakasesu: posts small blind 15
Mahu2021: posts big blind 30
*** HOLE CARDS ***
Dealt to Mahu2021 [2s 9c]
Inspiron1613: raises 60 to 90
Gyciakasesu: folds 
Mahu2021: folds 
Uncalled bet (60) returned to Inspiron1613
Inspiron1613 collected 75 from pot
Inspiron1613: doesn't show hand 
*** SUMMARY ***
Total pot 75 | Rake 0 
Seat 1: Mahu2021 (big blind) folded before Flop
Seat 2: Inspiron1613 (button) collected (75)
Seat 3: Gyciakasesu (small blind) folded before Flop



PokerStars Hand #249023363154: Tournament #3719585477, $1.84+$0.16 USD Hold'em No Limit - Level II (15/30) - 2024/02/22 11:01:43 CET [2024/02/22 5:01:43 ET]
Table '3719585477 1' 3-max Seat #3 is the button
Seat 1: Mahu2021 (330 in chips) 
Seat 2: Inspiron1613 (600 in chips) 
Seat 3: Gyciakasesu (570 in chips) 
Mahu2021: posts small blind 15
Inspiron1613: posts big blind 30
*** HOLE CARDS ***
Dealt to Mahu2021 [3d 7c]
Gyciakasesu: folds 
Mahu2021: folds 
Uncalled bet (15) returned to Inspiron1613
Inspiron1613 collected 30 from pot
Inspiron1613: doesn't show hand 
*** SUMMARY ***
Total pot 30 | Rake 0 
Seat 1: Mahu2021 (small blind) folded before Flop
Seat 2: Inspiron1613 (big blind) collected (30)
Seat 3: Gyciakasesu (button) folded before Flop (didn't bet)



PokerStars Hand #249023363662: Tournament #3719585477, $1.84+$0.16 USD Hold'em No Limit - Level II (15/30) - 2024/02/22 11:01:47 CET [2024/02/22 5:01:47 ET]
Table '3719585477 1' 3-max Seat #1 is the button
Seat 1: Mahu2021 (315 in chips) 
Seat 2: Inspiron1613 (615 in chips) 
Seat 3: Gyciakasesu (570 in chips) 
Inspiron1613: posts small blind 15
Gyciakasesu: posts big blind 30
*** HOLE CARDS ***
Dealt to Mahu2021 [3c Ac]
Mahu2021: raises 60 to 90
Inspiron1613: raises 525 to 615 and is all-in
Gyciakasesu: folds 
Mahu2021: calls 225 and is all-in
Uncalled bet (300) returned to Inspiron1613
*** FLOP *** [Qc 9d 6d]
*** TURN *** [Qc 9d 6d] [Kd]
*** RIVER *** [Qc 9d 6d Kd] [5s]
*** SHOW DOWN ***
Inspiron1613: shows [Ad Jc] (high card Ace)
Mahu2021: shows [3c Ac] (high card Ace - lower kicker)
Inspiron1613 collected 660 from pot
Mahu2021 finished the tournament in 3rd place
*** SUMMARY ***
Total pot 660 | Rake 0 
Board [Qc 9d 6d Kd 5s]
Seat 1: Mahu2021 (button) showed [3c Ac] and lost with high card Ace
Seat 2: Inspiron1613 (small blind) showed [Ad Jc] and won (660) with high card Ace
Seat 3: Gyciakasesu (big blind) folded before Flop



