PokerStars Hand #248542725165: Tournament #3707906196, $1.84+$0.16 USD Hold'em No Limit - Level I (10/20) - 2024/01/28 13:28:13 CET [2024/01/28 7:28:13 ET]
Table '3707906196 1' 3-max Seat #1 is the button
Seat 1: KenworthW (500 in chips) 
Seat 2: Mahu2021 (500 in chips) 
Seat 3: baptista86 (500 in chips) 
Mahu2021: posts small blind 10
baptista86: posts big blind 20
*** HOLE CARDS ***
Dealt to Mahu2021 [Kc 9s]
KenworthW: folds 
Mahu2021: raises 20 to 40
baptista86: calls 20
*** FLOP *** [Jd Ah 8s]
Mahu2021: checks 
baptista86: bets 26
Mahu2021: folds 
Uncalled bet (26) returned to baptista86
baptista86 collected 80 from pot
baptista86: doesn't show hand 
*** SUMMARY ***
Total pot 80 | Rake 0 
Board [Jd Ah 8s]
Seat 1: KenworthW (button) folded before Flop (didn't bet)
Seat 2: Mahu2021 (small blind) folded on the Flop
Seat 3: baptista86 (big blind) collected (80)



PokerStars Hand #248542728604: Tournament #3707906196, $1.84+$0.16 USD Hold'em No Limit - Level I (10/20) - 2024/01/28 13:28:32 CET [2024/01/28 7:28:32 ET]
Table '3707906196 1' 3-max Seat #2 is the button
Seat 1: KenworthW (500 in chips) 
Seat 2: Mahu2021 (460 in chips) 
Seat 3: baptista86 (540 in chips) 
baptista86: posts small blind 10
KenworthW: posts big blind 20
*** HOLE CARDS ***
Dealt to Mahu2021 [6c 6s]
Mahu2021: calls 20
baptista86: calls 10
KenworthW: checks 
*** FLOP *** [Tc Ad Ks]
baptista86: checks 
KenworthW: checks 
Mahu2021: bets 20
baptista86: folds 
KenworthW: calls 20
*** TURN *** [Tc Ad Ks] [5s]
KenworthW: checks 
Mahu2021: checks 
*** RIVER *** [Tc Ad Ks 5s] [Kd]
KenworthW: checks 
Mahu2021: bets 100
KenworthW: folds 
Uncalled bet (100) returned to Mahu2021
Mahu2021 collected 100 from pot
Mahu2021: doesn't show hand 
*** SUMMARY ***
Total pot 100 | Rake 0 
Board [Tc Ad Ks 5s Kd]
Seat 1: KenworthW (big blind) folded on the River
Seat 2: Mahu2021 (button) collected (100)
Seat 3: baptista86 (small blind) folded on the Flop



PokerStars Hand #248542736548: Tournament #3707906196, $1.84+$0.16 USD Hold'em No Limit - Level I (10/20) - 2024/01/28 13:29:16 CET [2024/01/28 7:29:16 ET]
Table '3707906196 1' 3-max Seat #3 is the button
Seat 1: KenworthW (460 in chips) 
Seat 2: Mahu2021 (520 in chips) 
Seat 3: baptista86 (520 in chips) 
KenworthW: posts small blind 10
Mahu2021: posts big blind 20
*** HOLE CARDS ***
Dealt to Mahu2021 [Jc Ks]
baptista86: folds 
KenworthW: calls 10
Mahu2021: checks 
*** FLOP *** [5h Qh Jd]
KenworthW: bets 20
Mahu2021: calls 20
*** TURN *** [5h Qh Jd] [Td]
KenworthW: bets 20
Mahu2021: calls 20
*** RIVER *** [5h Qh Jd Td] [8c]
KenworthW: bets 20
Mahu2021: calls 20
*** SHOW DOWN ***
KenworthW: shows [Kd Js] (a pair of Jacks)
Mahu2021: shows [Jc Ks] (a pair of Jacks)
KenworthW collected 80 from pot
Mahu2021 collected 80 from pot
*** SUMMARY ***
Total pot 160 | Rake 0 
Board [5h Qh Jd Td 8c]
Seat 1: KenworthW (small blind) showed [Kd Js] and won (80) with a pair of Jacks
Seat 2: Mahu2021 (big blind) showed [Jc Ks] and won (80) with a pair of Jacks
Seat 3: baptista86 (button) folded before Flop (didn't bet)



PokerStars Hand #248542739539: Tournament #3707906196, $1.84+$0.16 USD Hold'em No Limit - Level I (10/20) - 2024/01/28 13:29:33 CET [2024/01/28 7:29:33 ET]
Table '3707906196 1' 3-max Seat #1 is the button
Seat 1: KenworthW (460 in chips) 
Seat 2: Mahu2021 (520 in chips) 
Seat 3: baptista86 (520 in chips) 
Mahu2021: posts small blind 10
baptista86: posts big blind 20
*** HOLE CARDS ***
Dealt to Mahu2021 [Js 3h]
KenworthW: folds 
Mahu2021: calls 10
baptista86: raises 40 to 60
Mahu2021: folds 
Uncalled bet (40) returned to baptista86
baptista86 collected 40 from pot
baptista86: doesn't show hand 
*** SUMMARY ***
Total pot 40 | Rake 0 
Seat 1: KenworthW (button) folded before Flop (didn't bet)
Seat 2: Mahu2021 (small blind) folded before Flop
Seat 3: baptista86 (big blind) collected (40)



PokerStars Hand #248542741528: Tournament #3707906196, $1.84+$0.16 USD Hold'em No Limit - Level I (10/20) - 2024/01/28 13:29:44 CET [2024/01/28 7:29:44 ET]
Table '3707906196 1' 3-max Seat #2 is the button
Seat 1: KenworthW (460 in chips) 
Seat 2: Mahu2021 (500 in chips) 
Seat 3: baptista86 (540 in chips) 
baptista86: posts small blind 10
KenworthW: posts big blind 20
*** HOLE CARDS ***
Dealt to Mahu2021 [5s 7s]
Mahu2021: folds 
baptista86: calls 10
KenworthW: checks 
*** FLOP *** [Qd Kd 6h]
baptista86: bets 20
KenworthW: calls 20
*** TURN *** [Qd Kd 6h] [5c]
baptista86: checks 
KenworthW: bets 80
baptista86: folds 
Uncalled bet (80) returned to KenworthW
KenworthW collected 80 from pot
*** SUMMARY ***
Total pot 80 | Rake 0 
Board [Qd Kd 6h 5c]
Seat 1: KenworthW (big blind) collected (80)
Seat 2: Mahu2021 (button) folded before Flop (didn't bet)
Seat 3: baptista86 (small blind) folded on the Turn



PokerStars Hand #248542746503: Tournament #3707906196, $1.84+$0.16 USD Hold'em No Limit - Level I (10/20) - 2024/01/28 13:30:12 CET [2024/01/28 7:30:12 ET]
Table '3707906196 1' 3-max Seat #3 is the button
Seat 1: KenworthW (500 in chips) 
Seat 2: Mahu2021 (500 in chips) 
Seat 3: baptista86 (500 in chips) 
KenworthW: posts small blind 10
Mahu2021: posts big blind 20
*** HOLE CARDS ***
Dealt to Mahu2021 [Ts 9d]
baptista86: folds 
KenworthW: calls 10
Mahu2021: checks 
*** FLOP *** [7s 8d Ah]
KenworthW: bets 20
Mahu2021: calls 20
*** TURN *** [7s 8d Ah] [7d]
KenworthW: bets 20
Mahu2021: calls 20
*** RIVER *** [7s 8d Ah 7d] [8s]
KenworthW: bets 20
Mahu2021: folds 
Uncalled bet (20) returned to KenworthW
KenworthW collected 120 from pot
*** SUMMARY ***
Total pot 120 | Rake 0 
Board [7s 8d Ah 7d 8s]
Seat 1: KenworthW (small blind) collected (120)
Seat 2: Mahu2021 (big blind) folded on the River
Seat 3: baptista86 (button) folded before Flop (didn't bet)



PokerStars Hand #248542749755: Tournament #3707906196, $1.84+$0.16 USD Hold'em No Limit - Level I (10/20) - 2024/01/28 13:30:30 CET [2024/01/28 7:30:30 ET]
Table '3707906196 1' 3-max Seat #1 is the button
Seat 1: KenworthW (560 in chips) 
Seat 2: Mahu2021 (440 in chips) 
Seat 3: baptista86 (500 in chips) 
Mahu2021: posts small blind 10
baptista86: posts big blind 20
*** HOLE CARDS ***
Dealt to Mahu2021 [Ac Qd]
KenworthW: calls 20
Mahu2021: raises 40 to 60
baptista86: folds 
KenworthW: calls 40
*** FLOP *** [8h 7d 5c]
Mahu2021: checks 
KenworthW: checks 
*** TURN *** [8h 7d 5c] [5s]
Mahu2021: checks 
KenworthW: checks 
*** RIVER *** [8h 7d 5c 5s] [Kd]
Mahu2021: bets 60
KenworthW: folds 
Uncalled bet (60) returned to Mahu2021
Mahu2021 collected 140 from pot
Mahu2021: doesn't show hand 
*** SUMMARY ***
Total pot 140 | Rake 0 
Board [8h 7d 5c 5s Kd]
Seat 1: KenworthW (button) folded on the River
Seat 2: Mahu2021 (small blind) collected (140)
Seat 3: baptista86 (big blind) folded before Flop



PokerStars Hand #248542754263: Tournament #3707906196, $1.84+$0.16 USD Hold'em No Limit - Level I (10/20) - 2024/01/28 13:30:55 CET [2024/01/28 7:30:55 ET]
Table '3707906196 1' 3-max Seat #2 is the button
Seat 1: KenworthW (500 in chips) 
Seat 2: Mahu2021 (520 in chips) 
Seat 3: baptista86 (480 in chips) 
baptista86: posts small blind 10
KenworthW: posts big blind 20
*** HOLE CARDS ***
Dealt to Mahu2021 [5c Ks]
Mahu2021: folds 
baptista86: calls 10
KenworthW: checks 
*** FLOP *** [Ah Qd 4h]
baptista86: checks 
KenworthW: checks 
*** TURN *** [Ah Qd 4h] [4d]
baptista86: bets 20
KenworthW: folds 
Uncalled bet (20) returned to baptista86
baptista86 collected 40 from pot
baptista86: doesn't show hand 
*** SUMMARY ***
Total pot 40 | Rake 0 
Board [Ah Qd 4h 4d]
Seat 1: KenworthW (big blind) folded on the Turn
Seat 2: Mahu2021 (button) folded before Flop (didn't bet)
Seat 3: baptista86 (small blind) collected (40)



PokerStars Hand #248542759816: Tournament #3707906196, $1.84+$0.16 USD Hold'em No Limit - Level II (15/30) - 2024/01/28 13:31:26 CET [2024/01/28 7:31:26 ET]
Table '3707906196 1' 3-max Seat #3 is the button
Seat 1: KenworthW (480 in chips) 
Seat 2: Mahu2021 (520 in chips) 
Seat 3: baptista86 (500 in chips) 
KenworthW: posts small blind 15
Mahu2021: posts big blind 30
*** HOLE CARDS ***
Dealt to Mahu2021 [Kc 6c]
baptista86: raises 30 to 60
KenworthW: folds 
Mahu2021: calls 30
*** FLOP *** [9s 6h 4h]
Mahu2021: checks 
baptista86: checks 
*** TURN *** [9s 6h 4h] [Th]
Mahu2021: bets 30
baptista86: folds 
Uncalled bet (30) returned to Mahu2021
Mahu2021 collected 135 from pot
Mahu2021: doesn't show hand 
*** SUMMARY ***
Total pot 135 | Rake 0 
Board [9s 6h 4h Th]
Seat 1: KenworthW (small blind) folded before Flop
Seat 2: Mahu2021 (big blind) collected (135)
Seat 3: baptista86 (button) folded on the Turn



PokerStars Hand #248542762981: Tournament #3707906196, $1.84+$0.16 USD Hold'em No Limit - Level II (15/30) - 2024/01/28 13:31:44 CET [2024/01/28 7:31:44 ET]
Table '3707906196 1' 3-max Seat #1 is the button
Seat 1: KenworthW (465 in chips) 
Seat 2: Mahu2021 (595 in chips) 
Seat 3: baptista86 (440 in chips) 
Mahu2021: posts small blind 15
baptista86: posts big blind 30
*** HOLE CARDS ***
Dealt to Mahu2021 [5h 2h]
KenworthW: calls 30
Mahu2021: calls 15
baptista86: raises 410 to 440 and is all-in
KenworthW: raises 25 to 465 and is all-in
Mahu2021: folds 
Uncalled bet (25) returned to KenworthW
*** FLOP *** [Tc Kc Ts]
*** TURN *** [Tc Kc Ts] [Qs]
*** RIVER *** [Tc Kc Ts Qs] [4c]
*** SHOW DOWN ***
baptista86: shows [Kd Jd] (two pair, Kings and Tens)
KenworthW: shows [Ad Jh] (a straight, Ten to Ace)
KenworthW collected 910 from pot
baptista86 finished the tournament in 3rd place
*** SUMMARY ***
Total pot 910 | Rake 0 
Board [Tc Kc Ts Qs 4c]
Seat 1: KenworthW (button) showed [Ad Jh] and won (910) with a straight, Ten to Ace
Seat 2: Mahu2021 (small blind) folded before Flop
Seat 3: baptista86 (big blind) showed [Kd Jd] and lost with two pair, Kings and Tens



PokerStars Hand #248542766550: Tournament #3707906196, $1.84+$0.16 USD Hold'em No Limit - Level II (15/30) - 2024/01/28 13:32:05 CET [2024/01/28 7:32:05 ET]
Table '3707906196 1' 3-max Seat #2 is the button
Seat 1: KenworthW (935 in chips) 
Seat 2: Mahu2021 (565 in chips) 
Mahu2021: posts small blind 15
KenworthW: posts big blind 30
*** HOLE CARDS ***
Dealt to Mahu2021 [5h 9c]
Mahu2021: folds 
Uncalled bet (15) returned to KenworthW
KenworthW collected 30 from pot
*** SUMMARY ***
Total pot 30 | Rake 0 
Seat 1: KenworthW (big blind) collected (30)
Seat 2: Mahu2021 (button) (small blind) folded before Flop



PokerStars Hand #248542767305: Tournament #3707906196, $1.84+$0.16 USD Hold'em No Limit - Level II (15/30) - 2024/01/28 13:32:09 CET [2024/01/28 7:32:09 ET]
Table '3707906196 1' 3-max Seat #1 is the button
Seat 1: KenworthW (950 in chips) 
Seat 2: Mahu2021 (550 in chips) 
KenworthW: posts small blind 15
Mahu2021: posts big blind 30
*** HOLE CARDS ***
Dealt to Mahu2021 [5d Jc]
KenworthW: folds 
Uncalled bet (15) returned to Mahu2021
Mahu2021 collected 30 from pot
Mahu2021: doesn't show hand 
*** SUMMARY ***
Total pot 30 | Rake 0 
Seat 1: KenworthW (button) (small blind) folded before Flop
Seat 2: Mahu2021 (big blind) collected (30)



PokerStars Hand #248542768125: Tournament #3707906196, $1.84+$0.16 USD Hold'em No Limit - Level II (15/30) - 2024/01/28 13:32:14 CET [2024/01/28 7:32:14 ET]
Table '3707906196 1' 3-max Seat #2 is the button
Seat 1: KenworthW (935 in chips) 
Seat 2: Mahu2021 (565 in chips) 
Mahu2021: posts small blind 15
KenworthW: posts big blind 30
*** HOLE CARDS ***
Dealt to Mahu2021 [As 8s]
Mahu2021: raises 60 to 90
KenworthW: folds 
Uncalled bet (60) returned to Mahu2021
Mahu2021 collected 60 from pot
Mahu2021: doesn't show hand 
*** SUMMARY ***
Total pot 60 | Rake 0 
Seat 1: KenworthW (big blind) folded before Flop
Seat 2: Mahu2021 (button) (small blind) collected (60)



PokerStars Hand #248542770564: Tournament #3707906196, $1.84+$0.16 USD Hold'em No Limit - Level II (15/30) - 2024/01/28 13:32:28 CET [2024/01/28 7:32:28 ET]
Table '3707906196 1' 3-max Seat #1 is the button
Seat 1: KenworthW (905 in chips) 
Seat 2: Mahu2021 (595 in chips) 
KenworthW: posts small blind 15
Mahu2021: posts big blind 30
*** HOLE CARDS ***
Dealt to Mahu2021 [Jh Td]
KenworthW: folds 
Uncalled bet (15) returned to Mahu2021
Mahu2021 collected 30 from pot
Mahu2021: doesn't show hand 
*** SUMMARY ***
Total pot 30 | Rake 0 
Seat 1: KenworthW (button) (small blind) folded before Flop
Seat 2: Mahu2021 (big blind) collected (30)



PokerStars Hand #248542771446: Tournament #3707906196, $1.84+$0.16 USD Hold'em No Limit - Level II (15/30) - 2024/01/28 13:32:33 CET [2024/01/28 7:32:33 ET]
Table '3707906196 1' 3-max Seat #2 is the button
Seat 1: KenworthW (890 in chips) 
Seat 2: Mahu2021 (610 in chips) 
Mahu2021: posts small blind 15
KenworthW: posts big blind 30
*** HOLE CARDS ***
Dealt to Mahu2021 [9d 9c]
Mahu2021: raises 60 to 90
KenworthW: folds 
Uncalled bet (60) returned to Mahu2021
Mahu2021 collected 60 from pot
Mahu2021: doesn't show hand 
*** SUMMARY ***
Total pot 60 | Rake 0 
Seat 1: KenworthW (big blind) folded before Flop
Seat 2: Mahu2021 (button) (small blind) collected (60)



PokerStars Hand #248542772773: Tournament #3707906196, $1.84+$0.16 USD Hold'em No Limit - Level II (15/30) - 2024/01/28 13:32:40 CET [2024/01/28 7:32:40 ET]
Table '3707906196 1' 3-max Seat #1 is the button
Seat 1: KenworthW (860 in chips) 
Seat 2: Mahu2021 (640 in chips) 
KenworthW: posts small blind 15
Mahu2021: posts big blind 30
*** HOLE CARDS ***
Dealt to Mahu2021 [6c Qc]
KenworthW: calls 15
Mahu2021: checks 
*** FLOP *** [5d 9h 9d]
Mahu2021: checks 
KenworthW: checks 
*** TURN *** [5d 9h 9d] [4d]
Mahu2021: checks 
KenworthW: checks 
*** RIVER *** [5d 9h 9d 4d] [Js]
Mahu2021: checks 
KenworthW: bets 30
Mahu2021: folds 
Uncalled bet (30) returned to KenworthW
KenworthW collected 60 from pot
*** SUMMARY ***
Total pot 60 | Rake 0 
Board [5d 9h 9d 4d Js]
Seat 1: KenworthW (button) (small blind) collected (60)
Seat 2: Mahu2021 (big blind) folded on the River



PokerStars Hand #248542775371: Tournament #3707906196, $1.84+$0.16 USD Hold'em No Limit - Level II (15/30) - 2024/01/28 13:32:55 CET [2024/01/28 7:32:55 ET]
Table '3707906196 1' 3-max Seat #2 is the button
Seat 1: KenworthW (890 in chips) 
Seat 2: Mahu2021 (610 in chips) 
Mahu2021: posts small blind 15
KenworthW: posts big blind 30
*** HOLE CARDS ***
Dealt to Mahu2021 [9d 9s]
Mahu2021: raises 60 to 90
KenworthW: folds 
Uncalled bet (60) returned to Mahu2021
Mahu2021 collected 60 from pot
Mahu2021: doesn't show hand 
*** SUMMARY ***
Total pot 60 | Rake 0 
Seat 1: KenworthW (big blind) folded before Flop
Seat 2: Mahu2021 (button) (small blind) collected (60)



PokerStars Hand #248542776840: Tournament #3707906196, $1.84+$0.16 USD Hold'em No Limit - Level II (15/30) - 2024/01/28 13:33:03 CET [2024/01/28 7:33:03 ET]
Table '3707906196 1' 3-max Seat #1 is the button
Seat 1: KenworthW (860 in chips) 
Seat 2: Mahu2021 (640 in chips) 
KenworthW: posts small blind 15
Mahu2021: posts big blind 30
*** HOLE CARDS ***
Dealt to Mahu2021 [7d 6s]
KenworthW: calls 15
Mahu2021: checks 
*** FLOP *** [6c Ah 5h]
Mahu2021: checks 
KenworthW: bets 30
Mahu2021: calls 30
*** TURN *** [6c Ah 5h] [4d]
Mahu2021: checks 
KenworthW: bets 30
Mahu2021: raises 120 to 150
KenworthW: calls 120
*** RIVER *** [6c Ah 5h 4d] [Qc]
Mahu2021: checks 
KenworthW: checks 
*** SHOW DOWN ***
Mahu2021: shows [7d 6s] (a pair of Sixes)
KenworthW: shows [Ad Jh] (a pair of Aces)
KenworthW collected 420 from pot
*** SUMMARY ***
Total pot 420 | Rake 0 
Board [6c Ah 5h 4d Qc]
Seat 1: KenworthW (button) (small blind) showed [Ad Jh] and won (420) with a pair of Aces
Seat 2: Mahu2021 (big blind) showed [7d 6s] and lost with a pair of Sixes



PokerStars Hand #248542783646: Tournament #3707906196, $1.84+$0.16 USD Hold'em No Limit - Level II (15/30) - 2024/01/28 13:33:41 CET [2024/01/28 7:33:41 ET]
Table '3707906196 1' 3-max Seat #2 is the button
Seat 1: KenworthW (1070 in chips) 
Seat 2: Mahu2021 (430 in chips) 
Mahu2021: posts small blind 15
KenworthW: posts big blind 30
*** HOLE CARDS ***
Dealt to Mahu2021 [4d Ac]
Mahu2021: calls 15
KenworthW: raises 60 to 90
Mahu2021: folds 
Uncalled bet (60) returned to KenworthW
KenworthW collected 60 from pot
*** SUMMARY ***
Total pot 60 | Rake 0 
Seat 1: KenworthW (big blind) collected (60)
Seat 2: Mahu2021 (button) (small blind) folded before Flop



PokerStars Hand #248542785119: Tournament #3707906196, $1.84+$0.16 USD Hold'em No Limit - Level II (15/30) - 2024/01/28 13:33:49 CET [2024/01/28 7:33:49 ET]
Table '3707906196 1' 3-max Seat #1 is the button
Seat 1: KenworthW (1100 in chips) 
Seat 2: Mahu2021 (400 in chips) 
KenworthW: posts small blind 15
Mahu2021: posts big blind 30
*** HOLE CARDS ***
Dealt to Mahu2021 [Jc 3h]
KenworthW: folds 
Uncalled bet (15) returned to Mahu2021
Mahu2021 collected 30 from pot
Mahu2021: doesn't show hand 
*** SUMMARY ***
Total pot 30 | Rake 0 
Seat 1: KenworthW (button) (small blind) folded before Flop
Seat 2: Mahu2021 (big blind) collected (30)



PokerStars Hand #248542786374: Tournament #3707906196, $1.84+$0.16 USD Hold'em No Limit - Level II (15/30) - 2024/01/28 13:33:56 CET [2024/01/28 7:33:56 ET]
Table '3707906196 1' 3-max Seat #2 is the button
Seat 1: KenworthW (1085 in chips) 
Seat 2: Mahu2021 (415 in chips) 
Mahu2021: posts small blind 15
KenworthW: posts big blind 30
*** HOLE CARDS ***
Dealt to Mahu2021 [6d 3c]
Mahu2021: folds 
Uncalled bet (15) returned to KenworthW
KenworthW collected 30 from pot
*** SUMMARY ***
Total pot 30 | Rake 0 
Seat 1: KenworthW (big blind) collected (30)
Seat 2: Mahu2021 (button) (small blind) folded before Flop



PokerStars Hand #248542787137: Tournament #3707906196, $1.84+$0.16 USD Hold'em No Limit - Level II (15/30) - 2024/01/28 13:34:01 CET [2024/01/28 7:34:01 ET]
Table '3707906196 1' 3-max Seat #1 is the button
Seat 1: KenworthW (1100 in chips) 
Seat 2: Mahu2021 (400 in chips) 
KenworthW: posts small blind 15
Mahu2021: posts big blind 30
*** HOLE CARDS ***
Dealt to Mahu2021 [6d 3d]
KenworthW: calls 15
Mahu2021: checks 
*** FLOP *** [9c 5d Kd]
Mahu2021: bets 30
KenworthW: raises 30 to 60
Mahu2021: raises 310 to 370 and is all-in
KenworthW: calls 310
*** TURN *** [9c 5d Kd] [3h]
*** RIVER *** [9c 5d Kd 3h] [2c]
*** SHOW DOWN ***
Mahu2021: shows [6d 3d] (a pair of Threes)
KenworthW: shows [9s Jd] (a pair of Nines)
KenworthW collected 800 from pot
Mahu2021 finished the tournament in 2nd place
KenworthW wins the tournament and receives $8.00 - congratulations!
*** SUMMARY ***
Total pot 800 | Rake 0 
Board [9c 5d Kd 3h 2c]
Seat 1: KenworthW (button) (small blind) showed [9s Jd] and won (800) with a pair of Nines
Seat 2: Mahu2021 (big blind) showed [6d 3d] and lost with a pair of Threes



