PokerStars Hand #244408421745: Tournament #3607623464, $0.92+$0.08 USD Hold'em No Limit - Level I (10/20) - 2023/06/22 19:29:57 CET [2023/06/22 13:29:57 ET]
Table '3607623464 1' 3-max Seat #1 is the button
Seat 1: Mahu2021 (500 in chips) 
Seat 2: Markustas (500 in chips) 
Seat 3: Jay larguia (500 in chips) 
Markustas: posts small blind 10
Jay larguia: posts big blind 20
*** HOLE CARDS ***
Dealt to Mahu2021 [Ah 2c]
Mahu2021: folds 
Markustas: raises 20 to 40
Jay larguia: calls 20
*** FLOP *** [Ad 3h 2s]
Markustas: bets 40
Jay larguia: calls 40
*** TURN *** [Ad 3h 2s] [9s]
Markustas: checks 
Jay larguia: bets 80
Markustas: raises 80 to 160
Jay larguia: folds 
Uncalled bet (80) returned to Markustas
Markustas collected 320 from pot
*** SUMMARY ***
Total pot 320 | Rake 0 
Board [Ad 3h 2s 9s]
Seat 1: Mahu2021 (button) folded before Flop (didn't bet)
Seat 2: Markustas (small blind) collected (320)
Seat 3: Jay larguia (big blind) folded on the Turn



PokerStars Hand #244408429434: Tournament #3607623464, $0.92+$0.08 USD Hold'em No Limit - Level I (10/20) - 2023/06/22 19:30:24 CET [2023/06/22 13:30:24 ET]
Table '3607623464 1' 3-max Seat #2 is the button
Seat 1: Mahu2021 (500 in chips) 
Seat 2: Markustas (660 in chips) 
Seat 3: Jay larguia (340 in chips) 
Jay larguia: posts small blind 10
Mahu2021: posts big blind 20
*** HOLE CARDS ***
Dealt to Mahu2021 [2c 4c]
Markustas: raises 640 to 660 and is all-in
Jay larguia: folds 
Mahu2021: folds 
Uncalled bet (640) returned to Markustas
Markustas collected 50 from pot
*** SUMMARY ***
Total pot 50 | Rake 0 
Seat 1: Mahu2021 (big blind) folded before Flop
Seat 2: Markustas (button) collected (50)
Seat 3: Jay larguia (small blind) folded before Flop



PokerStars Hand #244408431358: Tournament #3607623464, $0.92+$0.08 USD Hold'em No Limit - Level I (10/20) - 2023/06/22 19:30:31 CET [2023/06/22 13:30:31 ET]
Table '3607623464 1' 3-max Seat #3 is the button
Seat 1: Mahu2021 (480 in chips) 
Seat 2: Markustas (690 in chips) 
Seat 3: Jay larguia (330 in chips) 
Mahu2021: posts small blind 10
Markustas: posts big blind 20
*** HOLE CARDS ***
Dealt to Mahu2021 [Kh 6s]
Jay larguia: calls 20
Mahu2021: folds 
Markustas: checks 
*** FLOP *** [7c Td Jh]
Markustas: checks 
Jay larguia: checks 
*** TURN *** [7c Td Jh] [2d]
Markustas: checks 
Jay larguia: bets 20
Markustas: calls 20
*** RIVER *** [7c Td Jh 2d] [4h]
Markustas: checks 
Jay larguia: checks 
*** SHOW DOWN ***
Markustas: shows [8d 6h] (high card Jack)
Jay larguia: shows [Ac 9h] (high card Ace)
Jay larguia collected 90 from pot
*** SUMMARY ***
Total pot 90 | Rake 0 
Board [7c Td Jh 2d 4h]
Seat 1: Mahu2021 (small blind) folded before Flop
Seat 2: Markustas (big blind) showed [8d 6h] and lost with high card Jack
Seat 3: Jay larguia (button) showed [Ac 9h] and won (90) with high card Ace



PokerStars Hand #244408437811: Tournament #3607623464, $0.92+$0.08 USD Hold'em No Limit - Level I (10/20) - 2023/06/22 19:30:55 CET [2023/06/22 13:30:55 ET]
Table '3607623464 1' 3-max Seat #1 is the button
Seat 1: Mahu2021 (470 in chips) 
Seat 2: Markustas (650 in chips) 
Seat 3: Jay larguia (380 in chips) 
Markustas: posts small blind 10
Jay larguia: posts big blind 20
*** HOLE CARDS ***
Dealt to Mahu2021 [Js 2s]
Mahu2021: calls 20
Markustas: calls 10
Jay larguia: checks 
*** FLOP *** [Qc Ah 2c]
Markustas: checks 
Jay larguia: checks 
Mahu2021: bets 20
Markustas: folds 
Jay larguia: calls 20
*** TURN *** [Qc Ah 2c] [9d]
Jay larguia: checks 
Mahu2021: checks 
*** RIVER *** [Qc Ah 2c 9d] [4d]
Jay larguia: checks 
Mahu2021: checks 
*** SHOW DOWN ***
Jay larguia: shows [2h 5s] (a pair of Deuces)
Mahu2021: shows [Js 2s] (a pair of Deuces - Ace+Queen+Jack kicker)
Mahu2021 collected 100 from pot
*** SUMMARY ***
Total pot 100 | Rake 0 
Board [Qc Ah 2c 9d 4d]
Seat 1: Mahu2021 (button) showed [Js 2s] and won (100) with a pair of Deuces
Seat 2: Markustas (small blind) folded on the Flop
Seat 3: Jay larguia (big blind) showed [2h 5s] and lost with a pair of Deuces



PokerStars Hand #244408447787: Tournament #3607623464, $0.92+$0.08 USD Hold'em No Limit - Level I (10/20) - 2023/06/22 19:31:31 CET [2023/06/22 13:31:31 ET]
Table '3607623464 1' 3-max Seat #2 is the button
Seat 1: Mahu2021 (530 in chips) 
Seat 2: Markustas (630 in chips) 
Seat 3: Jay larguia (340 in chips) 
Jay larguia: posts small blind 10
Mahu2021: posts big blind 20
*** HOLE CARDS ***
Dealt to Mahu2021 [Qh Tc]
Markustas: folds 
Jay larguia: raises 40 to 60
Mahu2021: calls 40
*** FLOP *** [Ah 9h Jc]
Jay larguia: bets 40
Mahu2021: calls 40
*** TURN *** [Ah 9h Jc] [8s]
Jay larguia: bets 240 and is all-in
Mahu2021: calls 240
*** RIVER *** [Ah 9h Jc 8s] [7s]
*** SHOW DOWN ***
Jay larguia: shows [5c 7c] (a pair of Sevens)
Mahu2021: shows [Qh Tc] (a straight, Eight to Queen)
Mahu2021 collected 680 from pot
Jay larguia finished the tournament in 3rd place
*** SUMMARY ***
Total pot 680 | Rake 0 
Board [Ah 9h Jc 8s 7s]
Seat 1: Mahu2021 (big blind) showed [Qh Tc] and won (680) with a straight, Eight to Queen
Seat 2: Markustas (button) folded before Flop (didn't bet)
Seat 3: Jay larguia (small blind) showed [5c 7c] and lost with a pair of Sevens



PokerStars Hand #244408455005: Tournament #3607623464, $0.92+$0.08 USD Hold'em No Limit - Level I (10/20) - 2023/06/22 19:31:58 CET [2023/06/22 13:31:58 ET]
Table '3607623464 1' 3-max Seat #1 is the button
Seat 1: Mahu2021 (870 in chips) 
Seat 2: Markustas (630 in chips) 
Mahu2021: posts small blind 10
Markustas: posts big blind 20
*** HOLE CARDS ***
Dealt to Mahu2021 [Jd Ah]
Mahu2021: raises 20 to 40
Markustas: calls 20
*** FLOP *** [4s Qs 8s]
Markustas: checks 
Mahu2021: checks 
*** TURN *** [4s Qs 8s] [7d]
Markustas: bets 80
Mahu2021: folds 
Uncalled bet (80) returned to Markustas
Markustas collected 80 from pot
*** SUMMARY ***
Total pot 80 | Rake 0 
Board [4s Qs 8s 7d]
Seat 1: Mahu2021 (button) (small blind) folded on the Turn
Seat 2: Markustas (big blind) collected (80)



PokerStars Hand #244408459521: Tournament #3607623464, $0.92+$0.08 USD Hold'em No Limit - Level II (15/30) - 2023/06/22 19:32:14 CET [2023/06/22 13:32:14 ET]
Table '3607623464 1' 3-max Seat #2 is the button
Seat 1: Mahu2021 (830 in chips) 
Seat 2: Markustas (670 in chips) 
Markustas: posts small blind 15
Mahu2021: posts big blind 30
*** HOLE CARDS ***
Dealt to Mahu2021 [3s 5d]
Markustas: calls 15
Mahu2021: checks 
*** FLOP *** [3c Qs 7h]
Mahu2021: checks 
Markustas: bets 30
Mahu2021: calls 30
*** TURN *** [3c Qs 7h] [9s]
Mahu2021: checks 
Markustas: checks 
*** RIVER *** [3c Qs 7h 9s] [7s]
Mahu2021: checks 
Markustas: checks 
*** SHOW DOWN ***
Mahu2021: shows [3s 5d] (two pair, Sevens and Threes)
Markustas: shows [Tc 3h] (two pair, Sevens and Threes)
Mahu2021 collected 60 from pot
Markustas collected 60 from pot
*** SUMMARY ***
Total pot 120 | Rake 0 
Board [3c Qs 7h 9s 7s]
Seat 1: Mahu2021 (big blind) showed [3s 5d] and won (60) with two pair, Sevens and Threes
Seat 2: Markustas (button) (small blind) showed [Tc 3h] and won (60) with two pair, Sevens and Threes



PokerStars Hand #244408463610: Tournament #3607623464, $0.92+$0.08 USD Hold'em No Limit - Level II (15/30) - 2023/06/22 19:32:28 CET [2023/06/22 13:32:28 ET]
Table '3607623464 1' 3-max Seat #1 is the button
Seat 1: Mahu2021 (830 in chips) 
Seat 2: Markustas (670 in chips) 
Mahu2021: posts small blind 15
Markustas: posts big blind 30
*** HOLE CARDS ***
Dealt to Mahu2021 [3h Js]
Mahu2021: calls 15
Markustas: checks 
*** FLOP *** [8d 4s 6c]
Markustas: checks 
Mahu2021: checks 
*** TURN *** [8d 4s 6c] [As]
Markustas: checks 
Mahu2021: checks 
*** RIVER *** [8d 4s 6c As] [3s]
Markustas: bets 30
Mahu2021: calls 30
*** SHOW DOWN ***
Markustas: shows [9h 6h] (a pair of Sixes)
Mahu2021: mucks hand 
Markustas collected 120 from pot
*** SUMMARY ***
Total pot 120 | Rake 0 
Board [8d 4s 6c As 3s]
Seat 1: Mahu2021 (button) (small blind) mucked [3h Js]
Seat 2: Markustas (big blind) showed [9h 6h] and won (120) with a pair of Sixes



PokerStars Hand #244408467572: Tournament #3607623464, $0.92+$0.08 USD Hold'em No Limit - Level II (15/30) - 2023/06/22 19:32:42 CET [2023/06/22 13:32:42 ET]
Table '3607623464 1' 3-max Seat #2 is the button
Seat 1: Mahu2021 (770 in chips) 
Seat 2: Markustas (730 in chips) 
Markustas: posts small blind 15
Mahu2021: posts big blind 30
*** HOLE CARDS ***
Dealt to Mahu2021 [Qh Ts]
Markustas: raises 30 to 60
Mahu2021: calls 30
*** FLOP *** [5s 8h Jh]
Mahu2021: checks 
Markustas: bets 60
Mahu2021: calls 60
*** TURN *** [5s 8h Jh] [8s]
Mahu2021: checks 
Markustas: checks 
*** RIVER *** [5s 8h Jh 8s] [3d]
Mahu2021: bets 120
Markustas: calls 120
*** SHOW DOWN ***
Mahu2021: shows [Qh Ts] (a pair of Eights)
Markustas: shows [4d Jd] (two pair, Jacks and Eights)
Markustas collected 480 from pot
*** SUMMARY ***
Total pot 480 | Rake 0 
Board [5s 8h Jh 8s 3d]
Seat 1: Mahu2021 (big blind) showed [Qh Ts] and lost with a pair of Eights
Seat 2: Markustas (button) (small blind) showed [4d Jd] and won (480) with two pair, Jacks and Eights



PokerStars Hand #244408471784: Tournament #3607623464, $0.92+$0.08 USD Hold'em No Limit - Level II (15/30) - 2023/06/22 19:32:58 CET [2023/06/22 13:32:58 ET]
Table '3607623464 1' 3-max Seat #1 is the button
Seat 1: Mahu2021 (530 in chips) 
Seat 2: Markustas (970 in chips) 
Mahu2021: posts small blind 15
Markustas: posts big blind 30
*** HOLE CARDS ***
Dealt to Mahu2021 [5s 7c]
Mahu2021: folds 
Uncalled bet (15) returned to Markustas
Markustas collected 30 from pot
*** SUMMARY ***
Total pot 30 | Rake 0 
Seat 1: Mahu2021 (button) (small blind) folded before Flop
Seat 2: Markustas (big blind) collected (30)



PokerStars Hand #244408473095: Tournament #3607623464, $0.92+$0.08 USD Hold'em No Limit - Level II (15/30) - 2023/06/22 19:33:02 CET [2023/06/22 13:33:02 ET]
Table '3607623464 1' 3-max Seat #2 is the button
Seat 1: Mahu2021 (515 in chips) 
Seat 2: Markustas (985 in chips) 
Markustas: posts small blind 15
Mahu2021: posts big blind 30
*** HOLE CARDS ***
Dealt to Mahu2021 [8s 4c]
Markustas: calls 15
Mahu2021: checks 
*** FLOP *** [2h 3c Ks]
Mahu2021: checks 
Markustas: checks 
*** TURN *** [2h 3c Ks] [Ts]
Mahu2021: checks 
Markustas: checks 
*** RIVER *** [2h 3c Ks Ts] [7d]
Mahu2021: checks 
Markustas: checks 
*** SHOW DOWN ***
Mahu2021: shows [8s 4c] (high card King)
Markustas: shows [6s Qh] (high card King - Queen kicker)
Markustas collected 60 from pot
*** SUMMARY ***
Total pot 60 | Rake 0 
Board [2h 3c Ks Ts 7d]
Seat 1: Mahu2021 (big blind) showed [8s 4c] and lost with high card King
Seat 2: Markustas (button) (small blind) showed [6s Qh] and won (60) with high card King



PokerStars Hand #244408476351: Tournament #3607623464, $0.92+$0.08 USD Hold'em No Limit - Level II (15/30) - 2023/06/22 19:33:14 CET [2023/06/22 13:33:14 ET]
Table '3607623464 1' 3-max Seat #1 is the button
Seat 1: Mahu2021 (485 in chips) 
Seat 2: Markustas (1015 in chips) 
Mahu2021: posts small blind 15
Markustas: posts big blind 30
*** HOLE CARDS ***
Dealt to Mahu2021 [Jh Th]
Mahu2021: raises 30 to 60
Markustas: calls 30
*** FLOP *** [8h As 9c]
Markustas: checks 
Mahu2021: bets 120
Markustas: folds 
Uncalled bet (120) returned to Mahu2021
Mahu2021 collected 120 from pot
Mahu2021: doesn't show hand 
*** SUMMARY ***
Total pot 120 | Rake 0 
Board [8h As 9c]
Seat 1: Mahu2021 (button) (small blind) collected (120)
Seat 2: Markustas (big blind) folded on the Flop



PokerStars Hand #244408479289: Tournament #3607623464, $0.92+$0.08 USD Hold'em No Limit - Level II (15/30) - 2023/06/22 19:33:25 CET [2023/06/22 13:33:25 ET]
Table '3607623464 1' 3-max Seat #2 is the button
Seat 1: Mahu2021 (545 in chips) 
Seat 2: Markustas (955 in chips) 
Markustas: posts small blind 15
Mahu2021: posts big blind 30
*** HOLE CARDS ***
Dealt to Mahu2021 [Kc Ad]
Markustas: calls 15
Mahu2021: raises 90 to 120
Markustas: folds 
Uncalled bet (90) returned to Mahu2021
Mahu2021 collected 60 from pot
Mahu2021: doesn't show hand 
*** SUMMARY ***
Total pot 60 | Rake 0 
Seat 1: Mahu2021 (big blind) collected (60)
Seat 2: Markustas (button) (small blind) folded before Flop



PokerStars Hand #244408481222: Tournament #3607623464, $0.92+$0.08 USD Hold'em No Limit - Level II (15/30) - 2023/06/22 19:33:32 CET [2023/06/22 13:33:32 ET]
Table '3607623464 1' 3-max Seat #1 is the button
Seat 1: Mahu2021 (575 in chips) 
Seat 2: Markustas (925 in chips) 
Mahu2021: posts small blind 15
Markustas: posts big blind 30
*** HOLE CARDS ***
Dealt to Mahu2021 [Js 3c]
Mahu2021: calls 15
Markustas: checks 
*** FLOP *** [4d 9s 8d]
Markustas: checks 
Mahu2021: checks 
*** TURN *** [4d 9s 8d] [3d]
Markustas: bets 30
Mahu2021: calls 30
*** RIVER *** [4d 9s 8d 3d] [3s]
Markustas: checks 
Mahu2021: bets 120
Markustas: calls 120
*** SHOW DOWN ***
Mahu2021: shows [Js 3c] (three of a kind, Threes)
Markustas: mucks hand 
Mahu2021 collected 360 from pot
*** SUMMARY ***
Total pot 360 | Rake 0 
Board [4d 9s 8d 3d 3s]
Seat 1: Mahu2021 (button) (small blind) showed [Js 3c] and won (360) with three of a kind, Threes
Seat 2: Markustas (big blind) mucked [4c Jc]



PokerStars Hand #244408486546: Tournament #3607623464, $0.92+$0.08 USD Hold'em No Limit - Level II (15/30) - 2023/06/22 19:33:52 CET [2023/06/22 13:33:52 ET]
Table '3607623464 1' 3-max Seat #2 is the button
Seat 1: Mahu2021 (755 in chips) 
Seat 2: Markustas (745 in chips) 
Markustas: posts small blind 15
Mahu2021: posts big blind 30
*** HOLE CARDS ***
Dealt to Mahu2021 [Kh 3c]
Markustas: raises 30 to 60
Mahu2021: calls 30
*** FLOP *** [Ks 5s Jh]
Mahu2021: bets 30
Markustas: calls 30
*** TURN *** [Ks 5s Jh] [5d]
Mahu2021: bets 30
Markustas: folds 
Uncalled bet (30) returned to Mahu2021
Mahu2021 collected 180 from pot
Mahu2021: doesn't show hand 
*** SUMMARY ***
Total pot 180 | Rake 0 
Board [Ks 5s Jh 5d]
Seat 1: Mahu2021 (big blind) collected (180)
Seat 2: Markustas (button) (small blind) folded on the Turn



PokerStars Hand #244408490958: Tournament #3607623464, $0.92+$0.08 USD Hold'em No Limit - Level III (20/40) - 2023/06/22 19:34:08 CET [2023/06/22 13:34:08 ET]
Table '3607623464 1' 3-max Seat #1 is the button
Seat 1: Mahu2021 (845 in chips) 
Seat 2: Markustas (655 in chips) 
Mahu2021: posts small blind 20
Markustas: posts big blind 40
*** HOLE CARDS ***
Dealt to Mahu2021 [4h 6c]
Mahu2021: calls 20
Markustas: raises 615 to 655 and is all-in
Mahu2021: folds 
Uncalled bet (615) returned to Markustas
Markustas collected 80 from pot
*** SUMMARY ***
Total pot 80 | Rake 0 
Seat 1: Mahu2021 (button) (small blind) folded before Flop
Seat 2: Markustas (big blind) collected (80)



PokerStars Hand #244408492982: Tournament #3607623464, $0.92+$0.08 USD Hold'em No Limit - Level III (20/40) - 2023/06/22 19:34:16 CET [2023/06/22 13:34:16 ET]
Table '3607623464 1' 3-max Seat #2 is the button
Seat 1: Mahu2021 (805 in chips) 
Seat 2: Markustas (695 in chips) 
Markustas: posts small blind 20
Mahu2021: posts big blind 40
*** HOLE CARDS ***
Dealt to Mahu2021 [6h 5h]
Markustas: calls 20
Mahu2021: checks 
*** FLOP *** [7d 2d 8h]
Mahu2021: bets 40
Markustas: folds 
Uncalled bet (40) returned to Mahu2021
Mahu2021 collected 80 from pot
Mahu2021: doesn't show hand 
*** SUMMARY ***
Total pot 80 | Rake 0 
Board [7d 2d 8h]
Seat 1: Mahu2021 (big blind) collected (80)
Seat 2: Markustas (button) (small blind) folded on the Flop



PokerStars Hand #244408495596: Tournament #3607623464, $0.92+$0.08 USD Hold'em No Limit - Level III (20/40) - 2023/06/22 19:34:25 CET [2023/06/22 13:34:25 ET]
Table '3607623464 1' 3-max Seat #1 is the button
Seat 1: Mahu2021 (845 in chips) 
Seat 2: Markustas (655 in chips) 
Mahu2021: posts small blind 20
Markustas: posts big blind 40
*** HOLE CARDS ***
Dealt to Mahu2021 [As Jd]
Mahu2021: raises 40 to 80
Markustas: folds 
Uncalled bet (40) returned to Mahu2021
Mahu2021 collected 80 from pot
Mahu2021: doesn't show hand 
*** SUMMARY ***
Total pot 80 | Rake 0 
Seat 1: Mahu2021 (button) (small blind) collected (80)
Seat 2: Markustas (big blind) folded before Flop



PokerStars Hand #244408497188: Tournament #3607623464, $0.92+$0.08 USD Hold'em No Limit - Level III (20/40) - 2023/06/22 19:34:31 CET [2023/06/22 13:34:31 ET]
Table '3607623464 1' 3-max Seat #2 is the button
Seat 1: Mahu2021 (885 in chips) 
Seat 2: Markustas (615 in chips) 
Markustas: posts small blind 20
Mahu2021: posts big blind 40
*** HOLE CARDS ***
Dealt to Mahu2021 [3s 2d]
Markustas: raises 40 to 80
Mahu2021: calls 40
*** FLOP *** [Td Js Qs]
Mahu2021: checks 
Markustas: bets 40
Mahu2021: folds 
Uncalled bet (40) returned to Markustas
Markustas collected 160 from pot
*** SUMMARY ***
Total pot 160 | Rake 0 
Board [Td Js Qs]
Seat 1: Mahu2021 (big blind) folded on the Flop
Seat 2: Markustas (button) (small blind) collected (160)



PokerStars Hand #244408499904: Tournament #3607623464, $0.92+$0.08 USD Hold'em No Limit - Level III (20/40) - 2023/06/22 19:34:41 CET [2023/06/22 13:34:41 ET]
Table '3607623464 1' 3-max Seat #1 is the button
Seat 1: Mahu2021 (805 in chips) 
Seat 2: Markustas (695 in chips) 
Mahu2021: posts small blind 20
Markustas: posts big blind 40
*** HOLE CARDS ***
Dealt to Mahu2021 [9c 5c]
Mahu2021: calls 20
Markustas: raises 40 to 80
Mahu2021: calls 40
*** FLOP *** [Qh Ac Kd]
Markustas: bets 615 and is all-in
Mahu2021: folds 
Uncalled bet (615) returned to Markustas
Markustas collected 160 from pot
*** SUMMARY ***
Total pot 160 | Rake 0 
Board [Qh Ac Kd]
Seat 1: Mahu2021 (button) (small blind) folded on the Flop
Seat 2: Markustas (big blind) collected (160)



PokerStars Hand #244408502874: Tournament #3607623464, $0.92+$0.08 USD Hold'em No Limit - Level III (20/40) - 2023/06/22 19:34:52 CET [2023/06/22 13:34:52 ET]
Table '3607623464 1' 3-max Seat #2 is the button
Seat 1: Mahu2021 (725 in chips) 
Seat 2: Markustas (775 in chips) 
Markustas: posts small blind 20
Mahu2021: posts big blind 40
*** HOLE CARDS ***
Dealt to Mahu2021 [Js Ad]
Markustas: raises 40 to 80
Mahu2021: raises 645 to 725 and is all-in
Markustas: folds 
Uncalled bet (645) returned to Mahu2021
Mahu2021 collected 160 from pot
Mahu2021: doesn't show hand 
*** SUMMARY ***
Total pot 160 | Rake 0 
Seat 1: Mahu2021 (big blind) collected (160)
Seat 2: Markustas (button) (small blind) folded before Flop



PokerStars Hand #244408505318: Tournament #3607623464, $0.92+$0.08 USD Hold'em No Limit - Level III (20/40) - 2023/06/22 19:35:00 CET [2023/06/22 13:35:00 ET]
Table '3607623464 1' 3-max Seat #1 is the button
Seat 1: Mahu2021 (805 in chips) 
Seat 2: Markustas (695 in chips) 
Mahu2021: posts small blind 20
Markustas: posts big blind 40
*** HOLE CARDS ***
Dealt to Mahu2021 [9s 9h]
Mahu2021: raises 40 to 80
Markustas: calls 40
*** FLOP *** [7d 7c Kd]
Markustas: checks 
Mahu2021: bets 725 and is all-in
Markustas: folds 
Uncalled bet (725) returned to Mahu2021
Mahu2021 collected 160 from pot
Mahu2021: doesn't show hand 
*** SUMMARY ***
Total pot 160 | Rake 0 
Board [7d 7c Kd]
Seat 1: Mahu2021 (button) (small blind) collected (160)
Seat 2: Markustas (big blind) folded on the Flop



PokerStars Hand #244408508607: Tournament #3607623464, $0.92+$0.08 USD Hold'em No Limit - Level III (20/40) - 2023/06/22 19:35:12 CET [2023/06/22 13:35:12 ET]
Table '3607623464 1' 3-max Seat #2 is the button
Seat 1: Mahu2021 (885 in chips) 
Seat 2: Markustas (615 in chips) 
Markustas: posts small blind 20
Mahu2021: posts big blind 40
*** HOLE CARDS ***
Dealt to Mahu2021 [Td 4h]
Markustas: folds 
Uncalled bet (20) returned to Mahu2021
Mahu2021 collected 40 from pot
Mahu2021: doesn't show hand 
*** SUMMARY ***
Total pot 40 | Rake 0 
Seat 1: Mahu2021 (big blind) collected (40)
Seat 2: Markustas (button) (small blind) folded before Flop



PokerStars Hand #244408509704: Tournament #3607623464, $0.92+$0.08 USD Hold'em No Limit - Level III (20/40) - 2023/06/22 19:35:16 CET [2023/06/22 13:35:16 ET]
Table '3607623464 1' 3-max Seat #1 is the button
Seat 1: Mahu2021 (905 in chips) 
Seat 2: Markustas (595 in chips) 
Mahu2021: posts small blind 20
Markustas: posts big blind 40
*** HOLE CARDS ***
Dealt to Mahu2021 [Jh Qc]
Mahu2021: calls 20
Markustas: raises 555 to 595 and is all-in
Mahu2021: folds 
Uncalled bet (555) returned to Markustas
Markustas collected 80 from pot
*** SUMMARY ***
Total pot 80 | Rake 0 
Seat 1: Mahu2021 (button) (small blind) folded before Flop
Seat 2: Markustas (big blind) collected (80)



PokerStars Hand #244408511842: Tournament #3607623464, $0.92+$0.08 USD Hold'em No Limit - Level III (20/40) - 2023/06/22 19:35:24 CET [2023/06/22 13:35:24 ET]
Table '3607623464 1' 3-max Seat #2 is the button
Seat 1: Mahu2021 (865 in chips) 
Seat 2: Markustas (635 in chips) 
Markustas: posts small blind 20
Mahu2021: posts big blind 40
*** HOLE CARDS ***
Dealt to Mahu2021 [3d 4d]
Markustas: raises 595 to 635 and is all-in
Mahu2021: folds 
Uncalled bet (595) returned to Markustas
Markustas collected 80 from pot
*** SUMMARY ***
Total pot 80 | Rake 0 
Seat 1: Mahu2021 (big blind) folded before Flop
Seat 2: Markustas (button) (small blind) collected (80)



PokerStars Hand #244408513420: Tournament #3607623464, $0.92+$0.08 USD Hold'em No Limit - Level III (20/40) - 2023/06/22 19:35:30 CET [2023/06/22 13:35:30 ET]
Table '3607623464 1' 3-max Seat #1 is the button
Seat 1: Mahu2021 (825 in chips) 
Seat 2: Markustas (675 in chips) 
Mahu2021: posts small blind 20
Markustas: posts big blind 40
*** HOLE CARDS ***
Dealt to Mahu2021 [8s 3c]
Mahu2021: folds 
Uncalled bet (20) returned to Markustas
Markustas collected 40 from pot
*** SUMMARY ***
Total pot 40 | Rake 0 
Seat 1: Mahu2021 (button) (small blind) folded before Flop
Seat 2: Markustas (big blind) collected (40)



PokerStars Hand #244408514663: Tournament #3607623464, $0.92+$0.08 USD Hold'em No Limit - Level III (20/40) - 2023/06/22 19:35:35 CET [2023/06/22 13:35:35 ET]
Table '3607623464 1' 3-max Seat #2 is the button
Seat 1: Mahu2021 (805 in chips) 
Seat 2: Markustas (695 in chips) 
Markustas: posts small blind 20
Mahu2021: posts big blind 40
*** HOLE CARDS ***
Dealt to Mahu2021 [4c 5h]
Markustas: raises 40 to 80
Mahu2021: calls 40
*** FLOP *** [7h 6d Kd]
Mahu2021: checks 
Markustas: checks 
*** TURN *** [7h 6d Kd] [Tc]
Mahu2021: checks 
Markustas: checks 
*** RIVER *** [7h 6d Kd Tc] [4s]
Mahu2021: bets 160
Markustas: calls 160
*** SHOW DOWN ***
Mahu2021: shows [4c 5h] (a pair of Fours)
Markustas: shows [6h Qd] (a pair of Sixes)
Markustas collected 480 from pot
*** SUMMARY ***
Total pot 480 | Rake 0 
Board [7h 6d Kd Tc 4s]
Seat 1: Mahu2021 (big blind) showed [4c 5h] and lost with a pair of Fours
Seat 2: Markustas (button) (small blind) showed [6h Qd] and won (480) with a pair of Sixes



PokerStars Hand #244408518105: Tournament #3607623464, $0.92+$0.08 USD Hold'em No Limit - Level III (20/40) - 2023/06/22 19:35:47 CET [2023/06/22 13:35:47 ET]
Table '3607623464 1' 3-max Seat #1 is the button
Seat 1: Mahu2021 (565 in chips) 
Seat 2: Markustas (935 in chips) 
Mahu2021: posts small blind 20
Markustas: posts big blind 40
*** HOLE CARDS ***
Dealt to Mahu2021 [6d 7h]
Mahu2021: calls 20
Markustas: checks 
*** FLOP *** [Qd As Kh]
Markustas: checks 
Mahu2021: bets 40
Markustas: folds 
Uncalled bet (40) returned to Mahu2021
Mahu2021 collected 80 from pot
Mahu2021: doesn't show hand 
*** SUMMARY ***
Total pot 80 | Rake 0 
Board [Qd As Kh]
Seat 1: Mahu2021 (button) (small blind) collected (80)
Seat 2: Markustas (big blind) folded on the Flop



PokerStars Hand #244408520714: Tournament #3607623464, $0.92+$0.08 USD Hold'em No Limit - Level III (20/40) - 2023/06/22 19:35:57 CET [2023/06/22 13:35:57 ET]
Table '3607623464 1' 3-max Seat #2 is the button
Seat 1: Mahu2021 (605 in chips) 
Seat 2: Markustas (895 in chips) 
Markustas: posts small blind 20
Mahu2021: posts big blind 40
*** HOLE CARDS ***
Dealt to Mahu2021 [Ad Kd]
Markustas: calls 20
Mahu2021: raises 120 to 160
Markustas: folds 
Uncalled bet (120) returned to Mahu2021
Mahu2021 collected 80 from pot
Mahu2021: doesn't show hand 
*** SUMMARY ***
Total pot 80 | Rake 0 
Seat 1: Mahu2021 (big blind) collected (80)
Seat 2: Markustas (button) (small blind) folded before Flop



PokerStars Hand #244408523734: Tournament #3607623464, $0.92+$0.08 USD Hold'em No Limit - Level IV (30/60) - 2023/06/22 19:36:08 CET [2023/06/22 13:36:08 ET]
Table '3607623464 1' 3-max Seat #1 is the button
Seat 1: Mahu2021 (645 in chips) 
Seat 2: Markustas (855 in chips) 
Mahu2021: posts small blind 30
Markustas: posts big blind 60
*** HOLE CARDS ***
Dealt to Mahu2021 [2d Qs]
Mahu2021: calls 30
Markustas: checks 
*** FLOP *** [5h 2h Kh]
Markustas: bets 60
Mahu2021: folds 
Uncalled bet (60) returned to Markustas
Markustas collected 120 from pot
*** SUMMARY ***
Total pot 120 | Rake 0 
Board [5h 2h Kh]
Seat 1: Mahu2021 (button) (small blind) folded on the Flop
Seat 2: Markustas (big blind) collected (120)



PokerStars Hand #244408526942: Tournament #3607623464, $0.92+$0.08 USD Hold'em No Limit - Level IV (30/60) - 2023/06/22 19:36:20 CET [2023/06/22 13:36:20 ET]
Table '3607623464 1' 3-max Seat #2 is the button
Seat 1: Mahu2021 (585 in chips) 
Seat 2: Markustas (915 in chips) 
Markustas: posts small blind 30
Mahu2021: posts big blind 60
*** HOLE CARDS ***
Dealt to Mahu2021 [Td Qd]
Markustas: calls 30
Mahu2021: raises 180 to 240
Markustas: folds 
Uncalled bet (180) returned to Mahu2021
Mahu2021 collected 120 from pot
Mahu2021: doesn't show hand 
*** SUMMARY ***
Total pot 120 | Rake 0 
Seat 1: Mahu2021 (big blind) collected (120)
Seat 2: Markustas (button) (small blind) folded before Flop



PokerStars Hand #244408529315: Tournament #3607623464, $0.92+$0.08 USD Hold'em No Limit - Level IV (30/60) - 2023/06/22 19:36:28 CET [2023/06/22 13:36:28 ET]
Table '3607623464 1' 3-max Seat #1 is the button
Seat 1: Mahu2021 (645 in chips) 
Seat 2: Markustas (855 in chips) 
Mahu2021: posts small blind 30
Markustas: posts big blind 60
*** HOLE CARDS ***
Dealt to Mahu2021 [9s 6d]
Mahu2021: folds 
Uncalled bet (30) returned to Markustas
Markustas collected 60 from pot
*** SUMMARY ***
Total pot 60 | Rake 0 
Seat 1: Mahu2021 (button) (small blind) folded before Flop
Seat 2: Markustas (big blind) collected (60)



PokerStars Hand #244408530600: Tournament #3607623464, $0.92+$0.08 USD Hold'em No Limit - Level IV (30/60) - 2023/06/22 19:36:33 CET [2023/06/22 13:36:33 ET]
Table '3607623464 1' 3-max Seat #2 is the button
Seat 1: Mahu2021 (615 in chips) 
Seat 2: Markustas (885 in chips) 
Markustas: posts small blind 30
Mahu2021: posts big blind 60
*** HOLE CARDS ***
Dealt to Mahu2021 [6s 7d]
Markustas: calls 30
Mahu2021: checks 
*** FLOP *** [Ah 3d 9d]
Mahu2021: checks 
Markustas: bets 60
Mahu2021: folds 
Uncalled bet (60) returned to Markustas
Markustas collected 120 from pot
*** SUMMARY ***
Total pot 120 | Rake 0 
Board [Ah 3d 9d]
Seat 1: Mahu2021 (big blind) folded on the Flop
Seat 2: Markustas (button) (small blind) collected (120)



PokerStars Hand #244408533608: Tournament #3607623464, $0.92+$0.08 USD Hold'em No Limit - Level IV (30/60) - 2023/06/22 19:36:44 CET [2023/06/22 13:36:44 ET]
Table '3607623464 1' 3-max Seat #1 is the button
Seat 1: Mahu2021 (555 in chips) 
Seat 2: Markustas (945 in chips) 
Mahu2021: posts small blind 30
Markustas: posts big blind 60
*** HOLE CARDS ***
Dealt to Mahu2021 [2s Jc]
Mahu2021: folds 
Uncalled bet (30) returned to Markustas
Markustas collected 60 from pot
*** SUMMARY ***
Total pot 60 | Rake 0 
Seat 1: Mahu2021 (button) (small blind) folded before Flop
Seat 2: Markustas (big blind) collected (60)



PokerStars Hand #244408534946: Tournament #3607623464, $0.92+$0.08 USD Hold'em No Limit - Level IV (30/60) - 2023/06/22 19:36:49 CET [2023/06/22 13:36:49 ET]
Table '3607623464 1' 3-max Seat #2 is the button
Seat 1: Mahu2021 (525 in chips) 
Seat 2: Markustas (975 in chips) 
Markustas: posts small blind 30
Mahu2021: posts big blind 60
*** HOLE CARDS ***
Dealt to Mahu2021 [8d 8s]
Markustas: folds 
Uncalled bet (30) returned to Mahu2021
Mahu2021 collected 60 from pot
Mahu2021: doesn't show hand 
*** SUMMARY ***
Total pot 60 | Rake 0 
Seat 1: Mahu2021 (big blind) collected (60)
Seat 2: Markustas (button) (small blind) folded before Flop



PokerStars Hand #244408536087: Tournament #3607623464, $0.92+$0.08 USD Hold'em No Limit - Level IV (30/60) - 2023/06/22 19:36:53 CET [2023/06/22 13:36:53 ET]
Table '3607623464 1' 3-max Seat #1 is the button
Seat 1: Mahu2021 (555 in chips) 
Seat 2: Markustas (945 in chips) 
Mahu2021: posts small blind 30
Markustas: posts big blind 60
*** HOLE CARDS ***
Dealt to Mahu2021 [Kc Ad]
Mahu2021: raises 120 to 180
Markustas: raises 765 to 945 and is all-in
Mahu2021: calls 375 and is all-in
Uncalled bet (390) returned to Markustas
*** FLOP *** [2h 6h 3c]
*** TURN *** [2h 6h 3c] [8h]
*** RIVER *** [2h 6h 3c 8h] [Jh]
*** SHOW DOWN ***
Markustas: shows [3h As] (a flush, Jack high)
Mahu2021: shows [Kc Ad] (high card Ace)
Markustas collected 1110 from pot
Mahu2021 finished the tournament in 2nd place
Markustas wins the tournament and receives $2.00 - congratulations!
*** SUMMARY ***
Total pot 1110 | Rake 0 
Board [2h 6h 3c 8h Jh]
Seat 1: Mahu2021 (button) (small blind) showed [Kc Ad] and lost with high card Ace
Seat 2: Markustas (big blind) showed [3h As] and won (1110) with a flush, Jack high



