PokerStars Hand #253804621542: Tournament #3832830756, $1.84+$0.16 USD Hold'em No Limit - Level I (10/20) - 2024/12/11 14:56:52 CET [2024/12/11 8:56:52 ET]
Table '3832830756 1' 3-max Seat #1 is the button
Seat 1: edfrech (500 in chips) 
Seat 2: Fromearth (500 in chips) 
Seat 3: Mahu2021 (500 in chips) 
Fromearth: posts small blind 10
Mahu2021: posts big blind 20
*** HOLE CARDS ***
Dealt to Mahu2021 [As 3d]
edfrech: folds 
Fromearth: folds 
Uncalled bet (10) returned to Mahu2021
Mahu2021 collected 20 from pot
Mahu2021: doesn't show hand 
*** SUMMARY ***
Total pot 20 | Rake 0 
Seat 1: edfrech (button) folded before Flop (didn't bet)
Seat 2: Fromearth (small blind) folded before Flop
Seat 3: Mahu2021 (big blind) collected (20)



PokerStars Hand #253804622457: Tournament #3832830756, $1.84+$0.16 USD Hold'em No Limit - Level I (10/20) - 2024/12/11 14:56:59 CET [2024/12/11 8:56:59 ET]
Table '3832830756 1' 3-max Seat #2 is the button
Seat 1: edfrech (500 in chips) 
Seat 2: Fromearth (490 in chips) 
Seat 3: Mahu2021 (510 in chips) 
Mahu2021: posts small blind 10
edfrech: posts big blind 20
*** HOLE CARDS ***
Dealt to Mahu2021 [Jd Qd]
Fromearth: raises 20 to 40
Mahu2021: calls 30
edfrech: folds 
*** FLOP *** [Ts 5h 4s]
Mahu2021: checks 
Fromearth: bets 25
Mahu2021: calls 25
*** TURN *** [Ts 5h 4s] [Td]
Mahu2021: checks 
Fromearth: bets 38
Mahu2021: calls 38
*** RIVER *** [Ts 5h 4s Td] [9s]
Mahu2021: bets 80
Fromearth: folds 
Uncalled bet (80) returned to Mahu2021
Mahu2021 collected 226 from pot
Mahu2021: doesn't show hand 
*** SUMMARY ***
Total pot 226 | Rake 0 
Board [Ts 5h 4s Td 9s]
Seat 1: edfrech (big blind) folded before Flop
Seat 2: Fromearth (button) folded on the River
Seat 3: Mahu2021 (small blind) collected (226)



PokerStars Hand #253804627295: Tournament #3832830756, $1.84+$0.16 USD Hold'em No Limit - Level I (10/20) - 2024/12/11 14:57:38 CET [2024/12/11 8:57:38 ET]
Table '3832830756 1' 3-max Seat #3 is the button
Seat 1: edfrech (480 in chips) 
Seat 2: Fromearth (387 in chips) 
Seat 3: Mahu2021 (633 in chips) 
edfrech: posts small blind 10
Fromearth: posts big blind 20
*** HOLE CARDS ***
Dealt to Mahu2021 [9c 2h]
Mahu2021: folds 
edfrech: folds 
Uncalled bet (10) returned to Fromearth
Fromearth collected 20 from pot
Fromearth: doesn't show hand 
*** SUMMARY ***
Total pot 20 | Rake 0 
Seat 1: edfrech (small blind) folded before Flop
Seat 2: Fromearth (big blind) collected (20)
Seat 3: Mahu2021 (button) folded before Flop (didn't bet)



PokerStars Hand #253804629834: Tournament #3832830756, $1.84+$0.16 USD Hold'em No Limit - Level I (10/20) - 2024/12/11 14:57:58 CET [2024/12/11 8:57:58 ET]
Table '3832830756 1' 3-max Seat #1 is the button
Seat 1: edfrech (470 in chips) 
Seat 2: Fromearth (397 in chips) 
Seat 3: Mahu2021 (633 in chips) 
Fromearth: posts small blind 10
Mahu2021: posts big blind 20
*** HOLE CARDS ***
Dealt to Mahu2021 [6d 4c]
edfrech: folds 
Fromearth: raises 20 to 40
Mahu2021: folds 
Uncalled bet (20) returned to Fromearth
Fromearth collected 40 from pot
Fromearth: doesn't show hand 
*** SUMMARY ***
Total pot 40 | Rake 0 
Seat 1: edfrech (button) folded before Flop (didn't bet)
Seat 2: Fromearth (small blind) collected (40)
Seat 3: Mahu2021 (big blind) folded before Flop



PokerStars Hand #253804631440: Tournament #3832830756, $1.84+$0.16 USD Hold'em No Limit - Level I (10/20) - 2024/12/11 14:58:10 CET [2024/12/11 8:58:10 ET]
Table '3832830756 1' 3-max Seat #2 is the button
Seat 1: edfrech (470 in chips) 
Seat 2: Fromearth (417 in chips) 
Seat 3: Mahu2021 (613 in chips) 
Mahu2021: posts small blind 10
edfrech: posts big blind 20
*** HOLE CARDS ***
Dealt to Mahu2021 [2c Js]
Fromearth: raises 20 to 40
Mahu2021: folds 
edfrech: calls 20
*** FLOP *** [2h Qh 7h]
edfrech: checks 
Fromearth: bets 23
edfrech: folds 
Uncalled bet (23) returned to Fromearth
Fromearth collected 90 from pot
Fromearth: doesn't show hand 
*** SUMMARY ***
Total pot 90 | Rake 0 
Board [2h Qh 7h]
Seat 1: edfrech (big blind) folded on the Flop
Seat 2: Fromearth (button) collected (90)
Seat 3: Mahu2021 (small blind) folded before Flop



PokerStars Hand #253804634699: Tournament #3832830756, $1.84+$0.16 USD Hold'em No Limit - Level I (10/20) - 2024/12/11 14:58:36 CET [2024/12/11 8:58:36 ET]
Table '3832830756 1' 3-max Seat #3 is the button
Seat 1: edfrech (430 in chips) 
Seat 2: Fromearth (467 in chips) 
Seat 3: Mahu2021 (603 in chips) 
edfrech: posts small blind 10
Fromearth: posts big blind 20
*** HOLE CARDS ***
Dealt to Mahu2021 [Jc 7d]
Mahu2021: folds 
edfrech: raises 20 to 40
Fromearth: calls 20
*** FLOP *** [Qh 7h Kh]
edfrech: checks 
Fromearth: checks 
*** TURN *** [Qh 7h Kh] [Kc]
edfrech: checks 
Fromearth: checks 
*** RIVER *** [Qh 7h Kh Kc] [8d]
edfrech: bets 44
Fromearth: folds 
Uncalled bet (44) returned to edfrech
edfrech collected 80 from pot
edfrech: doesn't show hand 
*** SUMMARY ***
Total pot 80 | Rake 0 
Board [Qh 7h Kh Kc 8d]
Seat 1: edfrech (small blind) collected (80)
Seat 2: Fromearth (big blind) folded on the River
Seat 3: Mahu2021 (button) folded before Flop (didn't bet)



PokerStars Hand #253804642526: Tournament #3832830756, $1.84+$0.16 USD Hold'em No Limit - Level II (15/30) - 2024/12/11 14:59:36 CET [2024/12/11 8:59:36 ET]
Table '3832830756 1' 3-max Seat #1 is the button
Seat 1: edfrech (470 in chips) 
Seat 2: Fromearth (427 in chips) 
Seat 3: Mahu2021 (603 in chips) 
Fromearth: posts small blind 15
Mahu2021: posts big blind 30
*** HOLE CARDS ***
Dealt to Mahu2021 [2d 4s]
edfrech: folds 
Fromearth: folds 
Uncalled bet (15) returned to Mahu2021
Mahu2021 collected 30 from pot
Mahu2021: doesn't show hand 
*** SUMMARY ***
Total pot 30 | Rake 0 
Seat 1: edfrech (button) folded before Flop (didn't bet)
Seat 2: Fromearth (small blind) folded before Flop
Seat 3: Mahu2021 (big blind) collected (30)



PokerStars Hand #253804643860: Tournament #3832830756, $1.84+$0.16 USD Hold'em No Limit - Level II (15/30) - 2024/12/11 14:59:46 CET [2024/12/11 8:59:46 ET]
Table '3832830756 1' 3-max Seat #2 is the button
Seat 1: edfrech (470 in chips) 
Seat 2: Fromearth (412 in chips) 
Seat 3: Mahu2021 (618 in chips) 
Mahu2021: posts small blind 15
edfrech: posts big blind 30
*** HOLE CARDS ***
Dealt to Mahu2021 [6h 4s]
Fromearth: folds 
Mahu2021: folds 
Uncalled bet (15) returned to edfrech
edfrech collected 30 from pot
edfrech: doesn't show hand 
*** SUMMARY ***
Total pot 30 | Rake 0 
Seat 1: edfrech (big blind) collected (30)
Seat 2: Fromearth (button) folded before Flop (didn't bet)
Seat 3: Mahu2021 (small blind) folded before Flop



PokerStars Hand #253804644468: Tournament #3832830756, $1.84+$0.16 USD Hold'em No Limit - Level II (15/30) - 2024/12/11 14:59:51 CET [2024/12/11 8:59:51 ET]
Table '3832830756 1' 3-max Seat #3 is the button
Seat 1: edfrech (485 in chips) 
Seat 2: Fromearth (412 in chips) 
Seat 3: Mahu2021 (603 in chips) 
edfrech: posts small blind 15
Fromearth: posts big blind 30
*** HOLE CARDS ***
Dealt to Mahu2021 [As Ad]
Mahu2021: raises 573 to 603 and is all-in
edfrech: folds 
Fromearth: folds 
Uncalled bet (573) returned to Mahu2021
Mahu2021 collected 75 from pot
Mahu2021: doesn't show hand 
*** SUMMARY ***
Total pot 75 | Rake 0 
Seat 1: edfrech (small blind) folded before Flop
Seat 2: Fromearth (big blind) folded before Flop
Seat 3: Mahu2021 (button) collected (75)



PokerStars Hand #253804646591: Tournament #3832830756, $1.84+$0.16 USD Hold'em No Limit - Level II (15/30) - 2024/12/11 15:00:07 CET [2024/12/11 9:00:07 ET]
Table '3832830756 1' 3-max Seat #1 is the button
Seat 1: edfrech (470 in chips) 
Seat 2: Fromearth (382 in chips) 
Seat 3: Mahu2021 (648 in chips) 
Fromearth: posts small blind 15
Mahu2021: posts big blind 30
*** HOLE CARDS ***
Dealt to Mahu2021 [9h 6c]
edfrech: folds 
Fromearth: folds 
Uncalled bet (15) returned to Mahu2021
Mahu2021 collected 30 from pot
Mahu2021: doesn't show hand 
*** SUMMARY ***
Total pot 30 | Rake 0 
Seat 1: edfrech (button) folded before Flop (didn't bet)
Seat 2: Fromearth (small blind) folded before Flop
Seat 3: Mahu2021 (big blind) collected (30)



PokerStars Hand #253804648399: Tournament #3832830756, $1.84+$0.16 USD Hold'em No Limit - Level II (15/30) - 2024/12/11 15:00:20 CET [2024/12/11 9:00:20 ET]
Table '3832830756 1' 3-max Seat #2 is the button
Seat 1: edfrech (470 in chips) 
Seat 2: Fromearth (367 in chips) 
Seat 3: Mahu2021 (663 in chips) 
Mahu2021: posts small blind 15
edfrech: posts big blind 30
*** HOLE CARDS ***
Dealt to Mahu2021 [Kc Tc]
Fromearth: folds 
Mahu2021: raises 60 to 90
edfrech: folds 
Uncalled bet (60) returned to Mahu2021
Mahu2021 collected 60 from pot
Mahu2021: doesn't show hand 
*** SUMMARY ***
Total pot 60 | Rake 0 
Seat 1: edfrech (big blind) folded before Flop
Seat 2: Fromearth (button) folded before Flop (didn't bet)
Seat 3: Mahu2021 (small blind) collected (60)



PokerStars Hand #253804650724: Tournament #3832830756, $1.84+$0.16 USD Hold'em No Limit - Level II (15/30) - 2024/12/11 15:00:37 CET [2024/12/11 9:00:37 ET]
Table '3832830756 1' 3-max Seat #3 is the button
Seat 1: edfrech (440 in chips) 
Seat 2: Fromearth (367 in chips) 
Seat 3: Mahu2021 (693 in chips) 
edfrech: posts small blind 15
Fromearth: posts big blind 30
*** HOLE CARDS ***
Dealt to Mahu2021 [3c Qc]
Mahu2021: folds 
edfrech: raises 410 to 440 and is all-in
Fromearth: folds 
Uncalled bet (410) returned to edfrech
edfrech collected 60 from pot
edfrech: doesn't show hand 
*** SUMMARY ***
Total pot 60 | Rake 0 
Seat 1: edfrech (small blind) collected (60)
Seat 2: Fromearth (big blind) folded before Flop
Seat 3: Mahu2021 (button) folded before Flop (didn't bet)



PokerStars Hand #253804653505: Tournament #3832830756, $1.84+$0.16 USD Hold'em No Limit - Level III (20/40) - 2024/12/11 15:00:57 CET [2024/12/11 9:00:57 ET]
Table '3832830756 1' 3-max Seat #1 is the button
Seat 1: edfrech (470 in chips) 
Seat 2: Fromearth (337 in chips) 
Seat 3: Mahu2021 (693 in chips) 
Fromearth: posts small blind 20
Mahu2021: posts big blind 40
*** HOLE CARDS ***
Dealt to Mahu2021 [6d Ac]
edfrech: raises 430 to 470 and is all-in
Fromearth: folds 
Mahu2021: folds 
Uncalled bet (430) returned to edfrech
edfrech collected 100 from pot
edfrech: doesn't show hand 
*** SUMMARY ***
Total pot 100 | Rake 0 
Seat 1: edfrech (button) collected (100)
Seat 2: Fromearth (small blind) folded before Flop
Seat 3: Mahu2021 (big blind) folded before Flop



PokerStars Hand #253804655155: Tournament #3832830756, $1.84+$0.16 USD Hold'em No Limit - Level III (20/40) - 2024/12/11 15:01:07 CET [2024/12/11 9:01:07 ET]
Table '3832830756 1' 3-max Seat #2 is the button
Seat 1: edfrech (530 in chips) 
Seat 2: Fromearth (317 in chips) 
Seat 3: Mahu2021 (653 in chips) 
Mahu2021: posts small blind 20
edfrech: posts big blind 40
*** HOLE CARDS ***
Dealt to Mahu2021 [6h 3c]
Fromearth: raises 277 to 317 and is all-in
Mahu2021: folds 
edfrech: folds 
Uncalled bet (277) returned to Fromearth
Fromearth collected 100 from pot
Fromearth: doesn't show hand 
*** SUMMARY ***
Total pot 100 | Rake 0 
Seat 1: edfrech (big blind) folded before Flop
Seat 2: Fromearth (button) collected (100)
Seat 3: Mahu2021 (small blind) folded before Flop



PokerStars Hand #253804657888: Tournament #3832830756, $1.84+$0.16 USD Hold'em No Limit - Level III (20/40) - 2024/12/11 15:01:24 CET [2024/12/11 9:01:24 ET]
Table '3832830756 1' 3-max Seat #3 is the button
Seat 1: edfrech (490 in chips) 
Seat 2: Fromearth (377 in chips) 
Seat 3: Mahu2021 (633 in chips) 
edfrech: posts small blind 20
Fromearth: posts big blind 40
*** HOLE CARDS ***
Dealt to Mahu2021 [Ts 6h]
Mahu2021: folds 
edfrech: folds 
Uncalled bet (20) returned to Fromearth
Fromearth collected 40 from pot
Fromearth: doesn't show hand 
*** SUMMARY ***
Total pot 40 | Rake 0 
Seat 1: edfrech (small blind) folded before Flop
Seat 2: Fromearth (big blind) collected (40)
Seat 3: Mahu2021 (button) folded before Flop (didn't bet)



PokerStars Hand #253804659171: Tournament #3832830756, $1.84+$0.16 USD Hold'em No Limit - Level III (20/40) - 2024/12/11 15:01:32 CET [2024/12/11 9:01:32 ET]
Table '3832830756 1' 3-max Seat #1 is the button
Seat 1: edfrech (470 in chips) 
Seat 2: Fromearth (397 in chips) 
Seat 3: Mahu2021 (633 in chips) 
Fromearth: posts small blind 20
Mahu2021: posts big blind 40
*** HOLE CARDS ***
Dealt to Mahu2021 [5d 4d]
edfrech: folds 
Fromearth: raises 357 to 397 and is all-in
Mahu2021: folds 
Uncalled bet (357) returned to Fromearth
Fromearth collected 80 from pot
Fromearth: doesn't show hand 
*** SUMMARY ***
Total pot 80 | Rake 0 
Seat 1: edfrech (button) folded before Flop (didn't bet)
Seat 2: Fromearth (small blind) collected (80)
Seat 3: Mahu2021 (big blind) folded before Flop



PokerStars Hand #253804660402: Tournament #3832830756, $1.84+$0.16 USD Hold'em No Limit - Level III (20/40) - 2024/12/11 15:01:40 CET [2024/12/11 9:01:40 ET]
Table '3832830756 1' 3-max Seat #2 is the button
Seat 1: edfrech (470 in chips) 
Seat 2: Fromearth (437 in chips) 
Seat 3: Mahu2021 (593 in chips) 
Mahu2021: posts small blind 20
edfrech: posts big blind 40
*** HOLE CARDS ***
Dealt to Mahu2021 [3s Ah]
Fromearth: raises 397 to 437 and is all-in
Mahu2021: folds 
edfrech: folds 
Uncalled bet (397) returned to Fromearth
Fromearth collected 100 from pot
Fromearth: doesn't show hand 
*** SUMMARY ***
Total pot 100 | Rake 0 
Seat 1: edfrech (big blind) folded before Flop
Seat 2: Fromearth (button) collected (100)
Seat 3: Mahu2021 (small blind) folded before Flop



PokerStars Hand #253804663185: Tournament #3832830756, $1.84+$0.16 USD Hold'em No Limit - Level III (20/40) - 2024/12/11 15:01:58 CET [2024/12/11 9:01:58 ET]
Table '3832830756 1' 3-max Seat #3 is the button
Seat 1: edfrech (430 in chips) 
Seat 2: Fromearth (497 in chips) 
Seat 3: Mahu2021 (573 in chips) 
edfrech: posts small blind 20
Fromearth: posts big blind 40
*** HOLE CARDS ***
Dealt to Mahu2021 [7h Ac]
Mahu2021: raises 40 to 80
edfrech: folds 
Fromearth: folds 
Uncalled bet (40) returned to Mahu2021
Mahu2021 collected 100 from pot
Mahu2021: doesn't show hand 
*** SUMMARY ***
Total pot 100 | Rake 0 
Seat 1: edfrech (small blind) folded before Flop
Seat 2: Fromearth (big blind) folded before Flop
Seat 3: Mahu2021 (button) collected (100)



PokerStars Hand #253804665907: Tournament #3832830756, $1.84+$0.16 USD Hold'em No Limit - Level III (20/40) - 2024/12/11 15:02:16 CET [2024/12/11 9:02:16 ET]
Table '3832830756 1' 3-max Seat #1 is the button
Seat 1: edfrech (410 in chips) 
Seat 2: Fromearth (457 in chips) 
Seat 3: Mahu2021 (633 in chips) 
Fromearth: posts small blind 20
Mahu2021: posts big blind 40
*** HOLE CARDS ***
Dealt to Mahu2021 [2c 8h]
edfrech: folds 
Fromearth: raises 417 to 457 and is all-in
Mahu2021: folds 
Uncalled bet (417) returned to Fromearth
Fromearth collected 80 from pot
Fromearth: doesn't show hand 
*** SUMMARY ***
Total pot 80 | Rake 0 
Seat 1: edfrech (button) folded before Flop (didn't bet)
Seat 2: Fromearth (small blind) collected (80)
Seat 3: Mahu2021 (big blind) folded before Flop



PokerStars Hand #253804667258: Tournament #3832830756, $1.84+$0.16 USD Hold'em No Limit - Level III (20/40) - 2024/12/11 15:02:25 CET [2024/12/11 9:02:25 ET]
Table '3832830756 1' 3-max Seat #2 is the button
Seat 1: edfrech (410 in chips) 
Seat 2: Fromearth (497 in chips) 
Seat 3: Mahu2021 (593 in chips) 
Mahu2021: posts small blind 20
edfrech: posts big blind 40
*** HOLE CARDS ***
Dealt to Mahu2021 [4c Ks]
Fromearth: raises 457 to 497 and is all-in
Mahu2021: folds 
edfrech: folds 
Uncalled bet (457) returned to Fromearth
Fromearth collected 100 from pot
Fromearth: doesn't show hand 
*** SUMMARY ***
Total pot 100 | Rake 0 
Seat 1: edfrech (big blind) folded before Flop
Seat 2: Fromearth (button) collected (100)
Seat 3: Mahu2021 (small blind) folded before Flop



PokerStars Hand #253804669205: Tournament #3832830756, $1.84+$0.16 USD Hold'em No Limit - Level III (20/40) - 2024/12/11 15:02:37 CET [2024/12/11 9:02:37 ET]
Table '3832830756 1' 3-max Seat #3 is the button
Seat 1: edfrech (370 in chips) 
Seat 2: Fromearth (557 in chips) 
Seat 3: Mahu2021 (573 in chips) 
edfrech: posts small blind 20
Fromearth: posts big blind 40
*** HOLE CARDS ***
Dealt to Mahu2021 [9s 3s]
Mahu2021: folds 
edfrech: folds 
Uncalled bet (20) returned to Fromearth
Fromearth collected 40 from pot
Fromearth: doesn't show hand 
*** SUMMARY ***
Total pot 40 | Rake 0 
Seat 1: edfrech (small blind) folded before Flop
Seat 2: Fromearth (big blind) collected (40)
Seat 3: Mahu2021 (button) folded before Flop (didn't bet)



PokerStars Hand #253804671207: Tournament #3832830756, $1.84+$0.16 USD Hold'em No Limit - Level III (20/40) - 2024/12/11 15:02:50 CET [2024/12/11 9:02:50 ET]
Table '3832830756 1' 3-max Seat #1 is the button
Seat 1: edfrech (350 in chips) 
Seat 2: Fromearth (577 in chips) 
Seat 3: Mahu2021 (573 in chips) 
Fromearth: posts small blind 20
Mahu2021: posts big blind 40
*** HOLE CARDS ***
Dealt to Mahu2021 [8s 8c]
edfrech: folds 
Fromearth: folds 
Uncalled bet (20) returned to Mahu2021
Mahu2021 collected 40 from pot
Mahu2021: doesn't show hand 
*** SUMMARY ***
Total pot 40 | Rake 0 
Seat 1: edfrech (button) folded before Flop (didn't bet)
Seat 2: Fromearth (small blind) folded before Flop
Seat 3: Mahu2021 (big blind) collected (40)



PokerStars Hand #253804672858: Tournament #3832830756, $1.84+$0.16 USD Hold'em No Limit - Level IV (30/60) - 2024/12/11 15:03:00 CET [2024/12/11 9:03:00 ET]
Table '3832830756 1' 3-max Seat #2 is the button
Seat 1: edfrech (350 in chips) 
Seat 2: Fromearth (557 in chips) 
Seat 3: Mahu2021 (593 in chips) 
Mahu2021: posts small blind 30
edfrech: posts big blind 60
*** HOLE CARDS ***
Dealt to Mahu2021 [2s Ad]
Fromearth: raises 497 to 557 and is all-in
Mahu2021: folds 
edfrech: folds 
Uncalled bet (497) returned to Fromearth
Fromearth collected 150 from pot
Fromearth: doesn't show hand 
*** SUMMARY ***
Total pot 150 | Rake 0 
Seat 1: edfrech (big blind) folded before Flop
Seat 2: Fromearth (button) collected (150)
Seat 3: Mahu2021 (small blind) folded before Flop



PokerStars Hand #253804674087: Tournament #3832830756, $1.84+$0.16 USD Hold'em No Limit - Level IV (30/60) - 2024/12/11 15:03:08 CET [2024/12/11 9:03:08 ET]
Table '3832830756 1' 3-max Seat #3 is the button
Seat 1: edfrech (290 in chips) 
Seat 2: Fromearth (647 in chips) 
Seat 3: Mahu2021 (563 in chips) 
edfrech: posts small blind 30
Fromearth: posts big blind 60
*** HOLE CARDS ***
Dealt to Mahu2021 [3c 5s]
Mahu2021: folds 
edfrech: folds 
Uncalled bet (30) returned to Fromearth
Fromearth collected 60 from pot
Fromearth: doesn't show hand 
*** SUMMARY ***
Total pot 60 | Rake 0 
Seat 1: edfrech (small blind) folded before Flop
Seat 2: Fromearth (big blind) collected (60)
Seat 3: Mahu2021 (button) folded before Flop (didn't bet)



PokerStars Hand #253804675432: Tournament #3832830756, $1.84+$0.16 USD Hold'em No Limit - Level IV (30/60) - 2024/12/11 15:03:16 CET [2024/12/11 9:03:16 ET]
Table '3832830756 1' 3-max Seat #1 is the button
Seat 1: edfrech (260 in chips) 
Seat 2: Fromearth (677 in chips) 
Seat 3: Mahu2021 (563 in chips) 
Fromearth: posts small blind 30
Mahu2021: posts big blind 60
*** HOLE CARDS ***
Dealt to Mahu2021 [Td 4s]
edfrech: raises 200 to 260 and is all-in
Fromearth: raises 417 to 677 and is all-in
Mahu2021: folds 
Uncalled bet (417) returned to Fromearth
*** FLOP *** [Js Kh 2c]
*** TURN *** [Js Kh 2c] [9d]
*** RIVER *** [Js Kh 2c 9d] [Qd]
*** SHOW DOWN ***
Fromearth: shows [Ac Th] (a straight, Ten to Ace)
edfrech: shows [6c Ks] (a pair of Kings)
Fromearth collected 580 from pot
edfrech finished the tournament in 3rd place
*** SUMMARY ***
Total pot 580 | Rake 0 
Board [Js Kh 2c 9d Qd]
Seat 1: edfrech (button) showed [6c Ks] and lost with a pair of Kings
Seat 2: Fromearth (small blind) showed [Ac Th] and won (580) with a straight, Ten to Ace
Seat 3: Mahu2021 (big blind) folded before Flop



PokerStars Hand #253804679130: Tournament #3832830756, $1.84+$0.16 USD Hold'em No Limit - Level IV (30/60) - 2024/12/11 15:03:40 CET [2024/12/11 9:03:40 ET]
Table '3832830756 1' 3-max Seat #3 is the button
Seat 2: Fromearth (997 in chips) 
Seat 3: Mahu2021 (503 in chips) 
Mahu2021: posts small blind 30
Fromearth: posts big blind 60
*** HOLE CARDS ***
Dealt to Mahu2021 [7c 2s]
Mahu2021: folds 
Uncalled bet (30) returned to Fromearth
Fromearth collected 60 from pot
Fromearth: doesn't show hand 
*** SUMMARY ***
Total pot 60 | Rake 0 
Seat 2: Fromearth (big blind) collected (60)
Seat 3: Mahu2021 (button) (small blind) folded before Flop



PokerStars Hand #253804679842: Tournament #3832830756, $1.84+$0.16 USD Hold'em No Limit - Level IV (30/60) - 2024/12/11 15:03:44 CET [2024/12/11 9:03:44 ET]
Table '3832830756 1' 3-max Seat #2 is the button
Seat 2: Fromearth (1027 in chips) 
Seat 3: Mahu2021 (473 in chips) 
Fromearth: posts small blind 30
Mahu2021: posts big blind 60
*** HOLE CARDS ***
Dealt to Mahu2021 [6c 7s]
Fromearth: calls 30
Mahu2021: checks 
*** FLOP *** [Jd Ks Ad]
Mahu2021: checks 
Fromearth: bets 60
Mahu2021: folds 
Uncalled bet (60) returned to Fromearth
Fromearth collected 120 from pot
Fromearth: doesn't show hand 
*** SUMMARY ***
Total pot 120 | Rake 0 
Board [Jd Ks Ad]
Seat 2: Fromearth (button) (small blind) collected (120)
Seat 3: Mahu2021 (big blind) folded on the Flop



PokerStars Hand #253804682254: Tournament #3832830756, $1.84+$0.16 USD Hold'em No Limit - Level IV (30/60) - 2024/12/11 15:04:00 CET [2024/12/11 9:04:00 ET]
Table '3832830756 1' 3-max Seat #3 is the button
Seat 2: Fromearth (1087 in chips) 
Seat 3: Mahu2021 (413 in chips) 
Mahu2021: posts small blind 30
Fromearth: posts big blind 60
*** HOLE CARDS ***
Dealt to Mahu2021 [7h 4s]
Mahu2021: folds 
Uncalled bet (30) returned to Fromearth
Fromearth collected 60 from pot
Fromearth: doesn't show hand 
*** SUMMARY ***
Total pot 60 | Rake 0 
Seat 2: Fromearth (big blind) collected (60)
Seat 3: Mahu2021 (button) (small blind) folded before Flop



PokerStars Hand #253804682962: Tournament #3832830756, $1.84+$0.16 USD Hold'em No Limit - Level IV (30/60) - 2024/12/11 15:04:04 CET [2024/12/11 9:04:04 ET]
Table '3832830756 1' 3-max Seat #2 is the button
Seat 2: Fromearth (1117 in chips) 
Seat 3: Mahu2021 (383 in chips) 
Fromearth: posts small blind 30
Mahu2021: posts big blind 60
*** HOLE CARDS ***
Dealt to Mahu2021 [6c 2s]
Fromearth: raises 1057 to 1117 and is all-in
Mahu2021: folds 
Uncalled bet (1057) returned to Fromearth
Fromearth collected 120 from pot
Fromearth: doesn't show hand 
*** SUMMARY ***
Total pot 120 | Rake 0 
Seat 2: Fromearth (button) (small blind) collected (120)
Seat 3: Mahu2021 (big blind) folded before Flop



PokerStars Hand #253804683772: Tournament #3832830756, $1.84+$0.16 USD Hold'em No Limit - Level IV (30/60) - 2024/12/11 15:04:09 CET [2024/12/11 9:04:09 ET]
Table '3832830756 1' 3-max Seat #3 is the button
Seat 2: Fromearth (1177 in chips) 
Seat 3: Mahu2021 (323 in chips) 
Mahu2021: posts small blind 30
Fromearth: posts big blind 60
*** HOLE CARDS ***
Dealt to Mahu2021 [Kc Kd]
Mahu2021: raises 60 to 120
Fromearth: folds 
Uncalled bet (60) returned to Mahu2021
Mahu2021 collected 120 from pot
Mahu2021: doesn't show hand 
*** SUMMARY ***
Total pot 120 | Rake 0 
Seat 2: Fromearth (big blind) folded before Flop
Seat 3: Mahu2021 (button) (small blind) collected (120)



PokerStars Hand #253804685061: Tournament #3832830756, $1.84+$0.16 USD Hold'em No Limit - Level IV (30/60) - 2024/12/11 15:04:17 CET [2024/12/11 9:04:17 ET]
Table '3832830756 1' 3-max Seat #2 is the button
Seat 2: Fromearth (1117 in chips) 
Seat 3: Mahu2021 (383 in chips) 
Fromearth: posts small blind 30
Mahu2021: posts big blind 60
*** HOLE CARDS ***
Dealt to Mahu2021 [6h Kc]
Fromearth: calls 30
Mahu2021: raises 323 to 383 and is all-in
Fromearth: calls 323
*** FLOP *** [Ts Qc 6s]
*** TURN *** [Ts Qc 6s] [5d]
*** RIVER *** [Ts Qc 6s 5d] [5s]
*** SHOW DOWN ***
Mahu2021: shows [6h Kc] (two pair, Sixes and Fives)
Fromearth: shows [Ks Kd] (two pair, Kings and Fives)
Fromearth collected 766 from pot
Mahu2021 finished the tournament in 2nd place
Fromearth wins the tournament and receives $4.00 - congratulations!
*** SUMMARY ***
Total pot 766 | Rake 0 
Board [Ts Qc 6s 5d 5s]
Seat 2: Fromearth (button) (small blind) showed [Ks Kd] and won (766) with two pair, Kings and Fives
Seat 3: Mahu2021 (big blind) showed [6h Kc] and lost with two pair, Sixes and Fives



