PokerStars Hand #252896896030: Tournament #3811263664, $1.84+$0.16 USD Hold'em No Limit - Level I (10/20) - 2024/10/12 23:33:58 CET [2024/10/12 17:33:58 ET]
Table '3811263664 1' 3-max Seat #1 is the button
Seat 1: ArmanKarapet (500 in chips) 
Seat 2: Mahu2021 (500 in chips) 
Seat 3: Hqwell123 (500 in chips) 
Mahu2021: posts small blind 10
Hqwell123: posts big blind 20
*** HOLE CARDS ***
Dealt to Mahu2021 [As 5s]
ArmanKarapet: raises 20 to 40
Mahu2021: calls 30
Hqwell123: folds 
*** FLOP *** [5d Ts Js]
Mahu2021: checks 
ArmanKarapet: bets 60
Mahu2021: calls 60
*** TURN *** [5d Ts Js] [9h]
Mahu2021: checks 
ArmanKarapet: checks 
*** RIVER *** [5d Ts Js 9h] [2s]
Mahu2021: bets 220
ArmanKarapet: folds 
Uncalled bet (220) returned to Mahu2021
Mahu2021 collected 220 from pot
Mahu2021: doesn't show hand 
*** SUMMARY ***
Total pot 220 | Rake 0 
Board [5d Ts Js 9h 2s]
Seat 1: ArmanKarapet (button) folded on the River
Seat 2: Mahu2021 (small blind) collected (220)
Seat 3: Hqwell123 (big blind) folded before Flop



PokerStars Hand #252896901639: Tournament #3811263664, $1.84+$0.16 USD Hold'em No Limit - Level I (10/20) - 2024/10/12 23:34:18 CET [2024/10/12 17:34:18 ET]
Table '3811263664 1' 3-max Seat #2 is the button
Seat 1: ArmanKarapet (400 in chips) 
Seat 2: Mahu2021 (620 in chips) 
Seat 3: Hqwell123 (480 in chips) 
Hqwell123: posts small blind 10
ArmanKarapet: posts big blind 20
*** HOLE CARDS ***
Dealt to Mahu2021 [3d Kh]
Mahu2021: folds 
Hqwell123: calls 10
ArmanKarapet: raises 40 to 60
Hqwell123: folds 
Uncalled bet (40) returned to ArmanKarapet
ArmanKarapet collected 40 from pot
*** SUMMARY ***
Total pot 40 | Rake 0 
Seat 1: ArmanKarapet (big blind) collected (40)
Seat 2: Mahu2021 (button) folded before Flop (didn't bet)
Seat 3: Hqwell123 (small blind) folded before Flop



PokerStars Hand #252896904925: Tournament #3811263664, $1.84+$0.16 USD Hold'em No Limit - Level I (10/20) - 2024/10/12 23:34:29 CET [2024/10/12 17:34:29 ET]
Table '3811263664 1' 3-max Seat #3 is the button
Seat 1: ArmanKarapet (420 in chips) 
Seat 2: Mahu2021 (620 in chips) 
Seat 3: Hqwell123 (460 in chips) 
ArmanKarapet: posts small blind 10
Mahu2021: posts big blind 20
*** HOLE CARDS ***
Dealt to Mahu2021 [6d 7h]
Hqwell123: calls 20
ArmanKarapet: calls 10
Mahu2021: checks 
*** FLOP *** [Td 2s Ad]
ArmanKarapet: checks 
Mahu2021: checks 
Hqwell123: bets 20
ArmanKarapet: folds 
Mahu2021: folds 
Uncalled bet (20) returned to Hqwell123
Hqwell123 collected 60 from pot
*** SUMMARY ***
Total pot 60 | Rake 0 
Board [Td 2s Ad]
Seat 1: ArmanKarapet (small blind) folded on the Flop
Seat 2: Mahu2021 (big blind) folded on the Flop
Seat 3: Hqwell123 (button) collected (60)



PokerStars Hand #252896908889: Tournament #3811263664, $1.84+$0.16 USD Hold'em No Limit - Level I (10/20) - 2024/10/12 23:34:43 CET [2024/10/12 17:34:43 ET]
Table '3811263664 1' 3-max Seat #1 is the button
Seat 1: ArmanKarapet (400 in chips) 
Seat 2: Mahu2021 (600 in chips) 
Seat 3: Hqwell123 (500 in chips) 
Mahu2021: posts small blind 10
Hqwell123: posts big blind 20
*** HOLE CARDS ***
Dealt to Mahu2021 [2c Ks]
ArmanKarapet: raises 40 to 60
Mahu2021: folds 
Hqwell123: folds 
Uncalled bet (40) returned to ArmanKarapet
ArmanKarapet collected 50 from pot
*** SUMMARY ***
Total pot 50 | Rake 0 
Seat 1: ArmanKarapet (button) collected (50)
Seat 2: Mahu2021 (small blind) folded before Flop
Seat 3: Hqwell123 (big blind) folded before Flop



PokerStars Hand #252896911052: Tournament #3811263664, $1.84+$0.16 USD Hold'em No Limit - Level I (10/20) - 2024/10/12 23:34:50 CET [2024/10/12 17:34:50 ET]
Table '3811263664 1' 3-max Seat #2 is the button
Seat 1: ArmanKarapet (430 in chips) 
Seat 2: Mahu2021 (590 in chips) 
Seat 3: Hqwell123 (480 in chips) 
Hqwell123: posts small blind 10
ArmanKarapet: posts big blind 20
*** HOLE CARDS ***
Dealt to Mahu2021 [6d Js]
Mahu2021: folds 
Hqwell123: calls 10
ArmanKarapet: checks 
*** FLOP *** [2h Jd Qc]
Hqwell123: bets 20
ArmanKarapet: calls 20
*** TURN *** [2h Jd Qc] [5c]
Hqwell123: checks 
ArmanKarapet: bets 40
Hqwell123: folds 
Uncalled bet (40) returned to ArmanKarapet
ArmanKarapet collected 80 from pot
*** SUMMARY ***
Total pot 80 | Rake 0 
Board [2h Jd Qc 5c]
Seat 1: ArmanKarapet (big blind) collected (80)
Seat 2: Mahu2021 (button) folded before Flop (didn't bet)
Seat 3: Hqwell123 (small blind) folded on the Turn



PokerStars Hand #252896915388: Tournament #3811263664, $1.84+$0.16 USD Hold'em No Limit - Level I (10/20) - 2024/10/12 23:35:05 CET [2024/10/12 17:35:05 ET]
Table '3811263664 1' 3-max Seat #3 is the button
Seat 1: ArmanKarapet (470 in chips) 
Seat 2: Mahu2021 (590 in chips) 
Seat 3: Hqwell123 (440 in chips) 
ArmanKarapet: posts small blind 10
Mahu2021: posts big blind 20
*** HOLE CARDS ***
Dealt to Mahu2021 [4s 6h]
Hqwell123: calls 20
ArmanKarapet: calls 10
Mahu2021: checks 
*** FLOP *** [7c 2d 2h]
ArmanKarapet: checks 
Mahu2021: checks 
Hqwell123: checks 
*** TURN *** [7c 2d 2h] [8c]
ArmanKarapet: checks 
Mahu2021: checks 
Hqwell123: bets 20
ArmanKarapet: calls 20
Mahu2021: folds 
*** RIVER *** [7c 2d 2h 8c] [7d]
ArmanKarapet: checks 
Hqwell123: bets 20
ArmanKarapet: folds 
Uncalled bet (20) returned to Hqwell123
Hqwell123 collected 100 from pot
*** SUMMARY ***
Total pot 100 | Rake 0 
Board [7c 2d 2h 8c 7d]
Seat 1: ArmanKarapet (small blind) folded on the River
Seat 2: Mahu2021 (big blind) folded on the Turn
Seat 3: Hqwell123 (button) collected (100)



PokerStars Hand #252896921171: Tournament #3811263664, $1.84+$0.16 USD Hold'em No Limit - Level I (10/20) - 2024/10/12 23:35:26 CET [2024/10/12 17:35:26 ET]
Table '3811263664 1' 3-max Seat #1 is the button
Seat 1: ArmanKarapet (430 in chips) 
Seat 2: Mahu2021 (570 in chips) 
Seat 3: Hqwell123 (500 in chips) 
Mahu2021: posts small blind 10
Hqwell123: posts big blind 20
*** HOLE CARDS ***
Dealt to Mahu2021 [6h 3c]
ArmanKarapet: raises 20 to 40
Mahu2021: folds 
Hqwell123: calls 20
*** FLOP *** [Ks Js Kh]
Hqwell123: bets 20
ArmanKarapet: calls 20
*** TURN *** [Ks Js Kh] [Ah]
Hqwell123: checks 
ArmanKarapet: bets 40
Hqwell123: folds 
Uncalled bet (40) returned to ArmanKarapet
ArmanKarapet collected 130 from pot
*** SUMMARY ***
Total pot 130 | Rake 0 
Board [Ks Js Kh Ah]
Seat 1: ArmanKarapet (button) collected (130)
Seat 2: Mahu2021 (small blind) folded before Flop
Seat 3: Hqwell123 (big blind) folded on the Turn



PokerStars Hand #252896925882: Tournament #3811263664, $1.84+$0.16 USD Hold'em No Limit - Level I (10/20) - 2024/10/12 23:35:43 CET [2024/10/12 17:35:43 ET]
Table '3811263664 1' 3-max Seat #2 is the button
Seat 1: ArmanKarapet (500 in chips) 
Seat 2: Mahu2021 (560 in chips) 
Seat 3: Hqwell123 (440 in chips) 
Hqwell123: posts small blind 10
ArmanKarapet: posts big blind 20
*** HOLE CARDS ***
Dealt to Mahu2021 [4s 2d]
Mahu2021: folds 
Hqwell123: calls 10
ArmanKarapet: checks 
*** FLOP *** [7s 3c 6h]
Hqwell123: bets 20
ArmanKarapet: calls 20
*** TURN *** [7s 3c 6h] [7c]
Hqwell123: bets 40
ArmanKarapet: calls 40
*** RIVER *** [7s 3c 6h 7c] [Jd]
Hqwell123: checks 
ArmanKarapet: bets 160
Hqwell123: calls 160
*** SHOW DOWN ***
ArmanKarapet: shows [3s 7d] (a full house, Sevens full of Threes)
Hqwell123: mucks hand 
ArmanKarapet collected 480 from pot
*** SUMMARY ***
Total pot 480 | Rake 0 
Board [7s 3c 6h 7c Jd]
Seat 1: ArmanKarapet (big blind) showed [3s 7d] and won (480) with a full house, Sevens full of Threes
Seat 2: Mahu2021 (button) folded before Flop (didn't bet)
Seat 3: Hqwell123 (small blind) mucked [6c Qd]



PokerStars Hand #252896931946: Tournament #3811263664, $1.84+$0.16 USD Hold'em No Limit - Level I (10/20) - 2024/10/12 23:36:04 CET [2024/10/12 17:36:04 ET]
Table '3811263664 1' 3-max Seat #3 is the button
Seat 1: ArmanKarapet (740 in chips) 
Seat 2: Mahu2021 (560 in chips) 
Seat 3: Hqwell123 (200 in chips) 
ArmanKarapet: posts small blind 10
Mahu2021: posts big blind 20
*** HOLE CARDS ***
Dealt to Mahu2021 [Kc Tc]
Hqwell123: calls 20
ArmanKarapet: calls 10
Mahu2021: checks 
*** FLOP *** [4c 7s 3h]
ArmanKarapet: checks 
Mahu2021: checks 
Hqwell123: checks 
*** TURN *** [4c 7s 3h] [2c]
ArmanKarapet: checks 
Mahu2021: bets 40
Hqwell123: raises 40 to 80
ArmanKarapet: folds 
Mahu2021: calls 40
*** RIVER *** [4c 7s 3h 2c] [9s]
Mahu2021: checks 
Hqwell123: bets 100 and is all-in
Mahu2021: folds 
Uncalled bet (100) returned to Hqwell123
Hqwell123 collected 220 from pot
*** SUMMARY ***
Total pot 220 | Rake 0 
Board [4c 7s 3h 2c 9s]
Seat 1: ArmanKarapet (small blind) folded on the Turn
Seat 2: Mahu2021 (big blind) folded on the River
Seat 3: Hqwell123 (button) collected (220)



PokerStars Hand #252896938757: Tournament #3811263664, $1.84+$0.16 USD Hold'em No Limit - Level I (10/20) - 2024/10/12 23:36:28 CET [2024/10/12 17:36:28 ET]
Table '3811263664 1' 3-max Seat #1 is the button
Seat 1: ArmanKarapet (720 in chips) 
Seat 2: Mahu2021 (460 in chips) 
Seat 3: Hqwell123 (320 in chips) 
Mahu2021: posts small blind 10
Hqwell123: posts big blind 20
*** HOLE CARDS ***
Dealt to Mahu2021 [Jd Qd]
ArmanKarapet: raises 20 to 40
Mahu2021: calls 30
Hqwell123: calls 20
*** FLOP *** [8d 6d 3d]
Mahu2021: checks 
Hqwell123: bets 20
ArmanKarapet: calls 20
Mahu2021: calls 20
*** TURN *** [8d 6d 3d] [9h]
Mahu2021: checks 
Hqwell123: checks 
ArmanKarapet: checks 
*** RIVER *** [8d 6d 3d 9h] [8c]
Mahu2021: checks 
Hqwell123: bets 90
ArmanKarapet: folds 
Mahu2021: raises 310 to 400 and is all-in
Hqwell123: folds 
Uncalled bet (310) returned to Mahu2021
Mahu2021 collected 360 from pot
Mahu2021: doesn't show hand 
*** SUMMARY ***
Total pot 360 | Rake 0 
Board [8d 6d 3d 9h 8c]
Seat 1: ArmanKarapet (button) folded on the River
Seat 2: Mahu2021 (small blind) collected (360)
Seat 3: Hqwell123 (big blind) folded on the River



PokerStars Hand #252896946436: Tournament #3811263664, $1.84+$0.16 USD Hold'em No Limit - Level I (10/20) - 2024/10/12 23:36:56 CET [2024/10/12 17:36:56 ET]
Table '3811263664 1' 3-max Seat #2 is the button
Seat 1: ArmanKarapet (660 in chips) 
Seat 2: Mahu2021 (670 in chips) 
Seat 3: Hqwell123 (170 in chips) 
Hqwell123: posts small blind 10
ArmanKarapet: posts big blind 20
*** HOLE CARDS ***
Dealt to Mahu2021 [Ah 8d]
Mahu2021: calls 20
Hqwell123: calls 10
ArmanKarapet: checks 
*** FLOP *** [5h 7h 3s]
Hqwell123: bets 20
ArmanKarapet: calls 20
Mahu2021: folds 
*** TURN *** [5h 7h 3s] [2s]
Hqwell123: bets 50
ArmanKarapet: folds 
Uncalled bet (50) returned to Hqwell123
Hqwell123 collected 100 from pot
*** SUMMARY ***
Total pot 100 | Rake 0 
Board [5h 7h 3s 2s]
Seat 1: ArmanKarapet (big blind) folded on the Turn
Seat 2: Mahu2021 (button) folded on the Flop
Seat 3: Hqwell123 (small blind) collected (100)



PokerStars Hand #252896951673: Tournament #3811263664, $1.84+$0.16 USD Hold'em No Limit - Level II (15/30) - 2024/10/12 23:37:14 CET [2024/10/12 17:37:14 ET]
Table '3811263664 1' 3-max Seat #3 is the button
Seat 1: ArmanKarapet (620 in chips) 
Seat 2: Mahu2021 (650 in chips) 
Seat 3: Hqwell123 (230 in chips) 
ArmanKarapet: posts small blind 15
Mahu2021: posts big blind 30
*** HOLE CARDS ***
Dealt to Mahu2021 [2s 8h]
Hqwell123: calls 30
ArmanKarapet: calls 15
Mahu2021: checks 
*** FLOP *** [Th Js Ac]
ArmanKarapet: checks 
Mahu2021: checks 
Hqwell123: bets 45
ArmanKarapet: folds 
Mahu2021: folds 
Uncalled bet (45) returned to Hqwell123
Hqwell123 collected 90 from pot
*** SUMMARY ***
Total pot 90 | Rake 0 
Board [Th Js Ac]
Seat 1: ArmanKarapet (small blind) folded on the Flop
Seat 2: Mahu2021 (big blind) folded on the Flop
Seat 3: Hqwell123 (button) collected (90)



PokerStars Hand #252896956208: Tournament #3811263664, $1.84+$0.16 USD Hold'em No Limit - Level II (15/30) - 2024/10/12 23:37:31 CET [2024/10/12 17:37:31 ET]
Table '3811263664 1' 3-max Seat #1 is the button
Seat 1: ArmanKarapet (590 in chips) 
Seat 2: Mahu2021 (620 in chips) 
Seat 3: Hqwell123 (290 in chips) 
Mahu2021: posts small blind 15
Hqwell123: posts big blind 30
*** HOLE CARDS ***
Dealt to Mahu2021 [6h 8h]
ArmanKarapet: raises 30 to 60
Mahu2021: calls 45
Hqwell123: raises 230 to 290 and is all-in
ArmanKarapet: folds 
Mahu2021: folds 
Uncalled bet (230) returned to Hqwell123
Hqwell123 collected 180 from pot
*** SUMMARY ***
Total pot 180 | Rake 0 
Seat 1: ArmanKarapet (button) folded before Flop
Seat 2: Mahu2021 (small blind) folded before Flop
Seat 3: Hqwell123 (big blind) collected (180)



PokerStars Hand #252896958920: Tournament #3811263664, $1.84+$0.16 USD Hold'em No Limit - Level II (15/30) - 2024/10/12 23:37:41 CET [2024/10/12 17:37:41 ET]
Table '3811263664 1' 3-max Seat #2 is the button
Seat 1: ArmanKarapet (530 in chips) 
Seat 2: Mahu2021 (560 in chips) 
Seat 3: Hqwell123 (410 in chips) 
Hqwell123: posts small blind 15
ArmanKarapet: posts big blind 30
*** HOLE CARDS ***
Dealt to Mahu2021 [9c 8d]
Mahu2021: folds 
Hqwell123: folds 
Uncalled bet (15) returned to ArmanKarapet
ArmanKarapet collected 30 from pot
*** SUMMARY ***
Total pot 30 | Rake 0 
Seat 1: ArmanKarapet (big blind) collected (30)
Seat 2: Mahu2021 (button) folded before Flop (didn't bet)
Seat 3: Hqwell123 (small blind) folded before Flop



PokerStars Hand #252896960941: Tournament #3811263664, $1.84+$0.16 USD Hold'em No Limit - Level II (15/30) - 2024/10/12 23:37:48 CET [2024/10/12 17:37:48 ET]
Table '3811263664 1' 3-max Seat #3 is the button
Seat 1: ArmanKarapet (545 in chips) 
Seat 2: Mahu2021 (560 in chips) 
Seat 3: Hqwell123 (395 in chips) 
ArmanKarapet: posts small blind 15
Mahu2021: posts big blind 30
*** HOLE CARDS ***
Dealt to Mahu2021 [Jh 4h]
Hqwell123: calls 30
ArmanKarapet: raises 60 to 90
Mahu2021: folds 
Hqwell123: folds 
Uncalled bet (60) returned to ArmanKarapet
ArmanKarapet collected 90 from pot
*** SUMMARY ***
Total pot 90 | Rake 0 
Seat 1: ArmanKarapet (small blind) collected (90)
Seat 2: Mahu2021 (big blind) folded before Flop
Seat 3: Hqwell123 (button) folded before Flop



PokerStars Hand #252896963269: Tournament #3811263664, $1.84+$0.16 USD Hold'em No Limit - Level II (15/30) - 2024/10/12 23:37:57 CET [2024/10/12 17:37:57 ET]
Table '3811263664 1' 3-max Seat #1 is the button
Seat 1: ArmanKarapet (605 in chips) 
Seat 2: Mahu2021 (530 in chips) 
Seat 3: Hqwell123 (365 in chips) 
Mahu2021: posts small blind 15
Hqwell123: posts big blind 30
*** HOLE CARDS ***
Dealt to Mahu2021 [9d Qs]
ArmanKarapet: raises 30 to 60
Mahu2021: calls 45
Hqwell123: calls 30
*** FLOP *** [Kd Tc 4s]
Mahu2021: checks 
Hqwell123: checks 
ArmanKarapet: checks 
*** TURN *** [Kd Tc 4s] [Qh]
Mahu2021: checks 
Hqwell123: bets 30
ArmanKarapet: calls 30
Mahu2021: calls 30
*** RIVER *** [Kd Tc 4s Qh] [3c]
Mahu2021: checks 
Hqwell123: bets 135
ArmanKarapet: raises 135 to 270
Mahu2021: folds 
Hqwell123: calls 135
*** SHOW DOWN ***
ArmanKarapet: shows [Jc Ah] (a straight, Ten to Ace)
Hqwell123: mucks hand 
ArmanKarapet collected 810 from pot
*** SUMMARY ***
Total pot 810 | Rake 0 
Board [Kd Tc 4s Qh 3c]
Seat 1: ArmanKarapet (button) showed [Jc Ah] and won (810) with a straight, Ten to Ace
Seat 2: Mahu2021 (small blind) folded on the River
Seat 3: Hqwell123 (big blind) mucked [6d Qd]



PokerStars Hand #252896971368: Tournament #3811263664, $1.84+$0.16 USD Hold'em No Limit - Level II (15/30) - 2024/10/12 23:38:26 CET [2024/10/12 17:38:26 ET]
Table '3811263664 1' 3-max Seat #2 is the button
Seat 1: ArmanKarapet (1055 in chips) 
Seat 2: Mahu2021 (440 in chips) 
Seat 3: Hqwell123 (5 in chips) 
Hqwell123: posts small blind 5 and is all-in
ArmanKarapet: posts big blind 30
*** HOLE CARDS ***
Dealt to Mahu2021 [Kc Qc]
Mahu2021: calls 30
ArmanKarapet: checks 
*** FLOP *** [8d 7s Ah]
ArmanKarapet: checks 
Mahu2021: checks 
*** TURN *** [8d 7s Ah] [Qs]
ArmanKarapet: bets 60
Mahu2021: calls 60
*** RIVER *** [8d 7s Ah Qs] [8s]
ArmanKarapet: checks 
Mahu2021: checks 
*** SHOW DOWN ***
ArmanKarapet: shows [As 7h] (two pair, Aces and Eights)
Mahu2021: mucks hand 
ArmanKarapet collected 170 from side pot
Hqwell123: shows [8c 7d] (a full house, Eights full of Sevens)
Hqwell123 collected 15 from main pot
Hqwell123 is sitting out
*** SUMMARY ***
Total pot 185 Main pot 15. Side pot 170. | Rake 0 
Board [8d 7s Ah Qs 8s]
Seat 1: ArmanKarapet (big blind) showed [As 7h] and won (170) with two pair, Aces and Eights
Seat 2: Mahu2021 (button) mucked [Kc Qc]
Seat 3: Hqwell123 (small blind) showed [8c 7d] and won (15) with a full house, Eights full of Sevens



PokerStars Hand #252896976088: Tournament #3811263664, $1.84+$0.16 USD Hold'em No Limit - Level II (15/30) - 2024/10/12 23:38:43 CET [2024/10/12 17:38:43 ET]
Table '3811263664 1' 3-max Seat #3 is the button
Seat 1: ArmanKarapet (1135 in chips) 
Seat 2: Mahu2021 (350 in chips) 
Seat 3: Hqwell123 (15 in chips) is sitting out
ArmanKarapet: posts small blind 15
Mahu2021: posts big blind 30
*** HOLE CARDS ***
Dealt to Mahu2021 [2c 8s]
Hqwell123: folds 
ArmanKarapet: calls 15
Mahu2021: checks 
*** FLOP *** [7c 4s Th]
ArmanKarapet: bets 30
Mahu2021: folds 
Uncalled bet (30) returned to ArmanKarapet
ArmanKarapet collected 60 from pot
*** SUMMARY ***
Total pot 60 | Rake 0 
Board [7c 4s Th]
Seat 1: ArmanKarapet (small blind) collected (60)
Seat 2: Mahu2021 (big blind) folded on the Flop
Seat 3: Hqwell123 (button) folded before Flop (didn't bet)



PokerStars Hand #252896978742: Tournament #3811263664, $1.84+$0.16 USD Hold'em No Limit - Level II (15/30) - 2024/10/12 23:38:53 CET [2024/10/12 17:38:53 ET]
Table '3811263664 1' 3-max Seat #1 is the button
Seat 1: ArmanKarapet (1165 in chips) 
Seat 2: Mahu2021 (320 in chips) 
Seat 3: Hqwell123 (15 in chips) is sitting out
Mahu2021: posts small blind 15
Hqwell123: posts big blind 15 and is all-in
*** HOLE CARDS ***
Dealt to Mahu2021 [Qc 8h]
ArmanKarapet: calls 30
Mahu2021: calls 15
Hqwell123: folds 
*** FLOP *** [Th 3h 4d]
Mahu2021: checks 
ArmanKarapet: checks 
*** TURN *** [Th 3h 4d] [9h]
Mahu2021: checks 
ArmanKarapet: checks 
*** RIVER *** [Th 3h 4d 9h] [3c]
Mahu2021: checks 
ArmanKarapet: checks 
*** SHOW DOWN ***
Mahu2021: shows [Qc 8h] (a pair of Threes)
ArmanKarapet: mucks hand 
Mahu2021 collected 75 from pot
Hqwell123 finished the tournament in 3rd place
*** SUMMARY ***
Total pot 75 | Rake 0 
Board [Th 3h 4d 9h 3c]
Seat 1: ArmanKarapet (button) mucked [Jh 7c]
Seat 2: Mahu2021 (small blind) showed [Qc 8h] and won (75) with a pair of Threes
Seat 3: Hqwell123 (big blind) folded before Flop



PokerStars Hand #252896983893: Tournament #3811263664, $1.84+$0.16 USD Hold'em No Limit - Level II (15/30) - 2024/10/12 23:39:11 CET [2024/10/12 17:39:11 ET]
Table '3811263664 1' 3-max Seat #2 is the button
Seat 1: ArmanKarapet (1135 in chips) 
Seat 2: Mahu2021 (365 in chips) 
Mahu2021: posts small blind 15
ArmanKarapet: posts big blind 30
*** HOLE CARDS ***
Dealt to Mahu2021 [2h Kc]
Mahu2021: calls 15
ArmanKarapet: checks 
*** FLOP *** [8s Ts 6s]
ArmanKarapet: checks 
Mahu2021: checks 
*** TURN *** [8s Ts 6s] [Tc]
ArmanKarapet: checks 
Mahu2021: checks 
*** RIVER *** [8s Ts 6s Tc] [Qs]
ArmanKarapet: checks 
Mahu2021: checks 
*** SHOW DOWN ***
ArmanKarapet: shows [Qc 7d] (two pair, Queens and Tens)
Mahu2021: mucks hand 
ArmanKarapet collected 60 from pot
*** SUMMARY ***
Total pot 60 | Rake 0 
Board [8s Ts 6s Tc Qs]
Seat 1: ArmanKarapet (big blind) showed [Qc 7d] and won (60) with two pair, Queens and Tens
Seat 2: Mahu2021 (button) (small blind) mucked [2h Kc]



PokerStars Hand #252896987396: Tournament #3811263664, $1.84+$0.16 USD Hold'em No Limit - Level II (15/30) - 2024/10/12 23:39:24 CET [2024/10/12 17:39:24 ET]
Table '3811263664 1' 3-max Seat #1 is the button
Seat 1: ArmanKarapet (1165 in chips) 
Seat 2: Mahu2021 (335 in chips) 
ArmanKarapet: posts small blind 15
Mahu2021: posts big blind 30
*** HOLE CARDS ***
Dealt to Mahu2021 [7s 8s]
ArmanKarapet: calls 15
Mahu2021: checks 
*** FLOP *** [Jc Qc 5h]
Mahu2021: checks 
ArmanKarapet: bets 30
Mahu2021: folds 
Uncalled bet (30) returned to ArmanKarapet
ArmanKarapet collected 60 from pot
*** SUMMARY ***
Total pot 60 | Rake 0 
Board [Jc Qc 5h]
Seat 1: ArmanKarapet (button) (small blind) collected (60)
Seat 2: Mahu2021 (big blind) folded on the Flop



PokerStars Hand #252896990426: Tournament #3811263664, $1.84+$0.16 USD Hold'em No Limit - Level II (15/30) - 2024/10/12 23:39:35 CET [2024/10/12 17:39:35 ET]
Table '3811263664 1' 3-max Seat #2 is the button
Seat 1: ArmanKarapet (1195 in chips) 
Seat 2: Mahu2021 (305 in chips) 
Mahu2021: posts small blind 15
ArmanKarapet: posts big blind 30
*** HOLE CARDS ***
Dealt to Mahu2021 [2c Qs]
Mahu2021: folds 
Uncalled bet (15) returned to ArmanKarapet
ArmanKarapet collected 30 from pot
*** SUMMARY ***
Total pot 30 | Rake 0 
Seat 1: ArmanKarapet (big blind) collected (30)
Seat 2: Mahu2021 (button) (small blind) folded before Flop



PokerStars Hand #252896991746: Tournament #3811263664, $1.84+$0.16 USD Hold'em No Limit - Level II (15/30) - 2024/10/12 23:39:39 CET [2024/10/12 17:39:39 ET]
Table '3811263664 1' 3-max Seat #1 is the button
Seat 1: ArmanKarapet (1210 in chips) 
Seat 2: Mahu2021 (290 in chips) 
ArmanKarapet: posts small blind 15
Mahu2021: posts big blind 30
*** HOLE CARDS ***
Dealt to Mahu2021 [3d Jd]
ArmanKarapet: raises 30 to 60
Mahu2021: calls 30
*** FLOP *** [Tc 2s Ac]
Mahu2021: checks 
ArmanKarapet: bets 30
Mahu2021: folds 
Uncalled bet (30) returned to ArmanKarapet
ArmanKarapet collected 120 from pot
*** SUMMARY ***
Total pot 120 | Rake 0 
Board [Tc 2s Ac]
Seat 1: ArmanKarapet (button) (small blind) collected (120)
Seat 2: Mahu2021 (big blind) folded on the Flop



PokerStars Hand #252896995304: Tournament #3811263664, $1.84+$0.16 USD Hold'em No Limit - Level II (15/30) - 2024/10/12 23:39:52 CET [2024/10/12 17:39:52 ET]
Table '3811263664 1' 3-max Seat #2 is the button
Seat 1: ArmanKarapet (1270 in chips) 
Seat 2: Mahu2021 (230 in chips) 
Mahu2021: posts small blind 15
ArmanKarapet: posts big blind 30
*** HOLE CARDS ***
Dealt to Mahu2021 [As 8d]
Mahu2021: raises 60 to 90
ArmanKarapet: calls 60
*** FLOP *** [9h 8s Ks]
ArmanKarapet: checks 
Mahu2021: bets 140 and is all-in
ArmanKarapet: calls 140
*** TURN *** [9h 8s Ks] [4s]
*** RIVER *** [9h 8s Ks 4s] [7h]
*** SHOW DOWN ***
ArmanKarapet: shows [5s 7s] (a flush, King high)
Mahu2021: shows [As 8d] (a pair of Eights)
ArmanKarapet collected 460 from pot
Mahu2021 finished the tournament in 2nd place
ArmanKarapet wins the tournament and receives $8.00 - congratulations!
*** SUMMARY ***
Total pot 460 | Rake 0 
Board [9h 8s Ks 4s 7h]
Seat 1: ArmanKarapet (big blind) showed [5s 7s] and won (460) with a flush, King high
Seat 2: Mahu2021 (button) (small blind) showed [As 8d] and lost with a pair of Eights



