PokerStars Hand #245746504993: Tournament #3639871694, $0.92+$0.08 USD Hold'em No Limit - Level I (10/20) - 2023/09/03 13:20:26 CET [2023/09/03 7:20:26 ET]
Table '3639871694 1' 3-max Seat #1 is the button
Seat 1: Bucistar6 (500 in chips) 
Seat 2: Mahu2021 (500 in chips) 
Seat 3: MaFerreiraa (500 in chips) 
Mahu2021: posts small blind 10
MaFerreiraa: posts big blind 20
*** HOLE CARDS ***
Dealt to Mahu2021 [Td 7c]
Bucistar6: calls 20
Mahu2021: folds 
MaFerreiraa: raises 50 to 70
Bucistar6: calls 50
*** FLOP *** [Jc 3h Kd]
MaFerreiraa: checks 
Bucistar6: checks 
*** TURN *** [Jc 3h Kd] [2d]
MaFerreiraa: checks 
Bucistar6: checks 
*** RIVER *** [Jc 3h Kd 2d] [2c]
MaFerreiraa: checks 
Bucistar6: checks 
*** SHOW DOWN ***
MaFerreiraa: shows [Ad 8s] (a pair of Deuces)
Bucistar6: mucks hand 
MaFerreiraa collected 150 from pot
*** SUMMARY ***
Total pot 150 | Rake 0 
Board [Jc 3h Kd 2d 2c]
Seat 1: Bucistar6 (button) mucked [Qc 6c]
Seat 2: Mahu2021 (small blind) folded before Flop
Seat 3: MaFerreiraa (big blind) showed [Ad 8s] and won (150) with a pair of Deuces



PokerStars Hand #245746508939: Tournament #3639871694, $0.92+$0.08 USD Hold'em No Limit - Level I (10/20) - 2023/09/03 13:20:49 CET [2023/09/03 7:20:49 ET]
Table '3639871694 1' 3-max Seat #2 is the button
Seat 1: Bucistar6 (430 in chips) 
Seat 2: Mahu2021 (490 in chips) 
Seat 3: MaFerreiraa (580 in chips) 
MaFerreiraa: posts small blind 10
Bucistar6: posts big blind 20
*** HOLE CARDS ***
Dealt to Mahu2021 [Kc 5h]
Mahu2021: folds 
MaFerreiraa: folds 
Uncalled bet (10) returned to Bucistar6
Bucistar6 collected 20 from pot
Bucistar6: doesn't show hand 
*** SUMMARY ***
Total pot 20 | Rake 0 
Seat 1: Bucistar6 (big blind) collected (20)
Seat 2: Mahu2021 (button) folded before Flop (didn't bet)
Seat 3: MaFerreiraa (small blind) folded before Flop



PokerStars Hand #245746509809: Tournament #3639871694, $0.92+$0.08 USD Hold'em No Limit - Level I (10/20) - 2023/09/03 13:20:54 CET [2023/09/03 7:20:54 ET]
Table '3639871694 1' 3-max Seat #3 is the button
Seat 1: Bucistar6 (440 in chips) 
Seat 2: Mahu2021 (490 in chips) 
Seat 3: MaFerreiraa (570 in chips) 
Bucistar6: posts small blind 10
Mahu2021: posts big blind 20
*** HOLE CARDS ***
Dealt to Mahu2021 [9d Kh]
MaFerreiraa: folds 
Bucistar6: calls 10
Mahu2021: checks 
*** FLOP *** [Ts 4s 6d]
Bucistar6: bets 20
Mahu2021: calls 20
*** TURN *** [Ts 4s 6d] [5c]
Bucistar6: bets 20
Mahu2021: calls 20
*** RIVER *** [Ts 4s 6d 5c] [2d]
Bucistar6: bets 20
Mahu2021: calls 20
*** SHOW DOWN ***
Bucistar6: shows [6h 7h] (a pair of Sixes)
Mahu2021: mucks hand 
Bucistar6 collected 160 from pot
*** SUMMARY ***
Total pot 160 | Rake 0 
Board [Ts 4s 6d 5c 2d]
Seat 1: Bucistar6 (small blind) showed [6h 7h] and won (160) with a pair of Sixes
Seat 2: Mahu2021 (big blind) mucked [9d Kh]
Seat 3: MaFerreiraa (button) folded before Flop (didn't bet)



PokerStars Hand #245746513273: Tournament #3639871694, $0.92+$0.08 USD Hold'em No Limit - Level I (10/20) - 2023/09/03 13:21:13 CET [2023/09/03 7:21:13 ET]
Table '3639871694 1' 3-max Seat #1 is the button
Seat 1: Bucistar6 (520 in chips) 
Seat 2: Mahu2021 (410 in chips) 
Seat 3: MaFerreiraa (570 in chips) 
Mahu2021: posts small blind 10
MaFerreiraa: posts big blind 20
*** HOLE CARDS ***
Dealt to Mahu2021 [Qc 7d]
Bucistar6: calls 20
Mahu2021: folds 
MaFerreiraa: checks 
*** FLOP *** [8h Ks 4c]
MaFerreiraa: checks 
Bucistar6: bets 20
MaFerreiraa: folds 
Uncalled bet (20) returned to Bucistar6
Bucistar6 collected 50 from pot
Bucistar6: doesn't show hand 
*** SUMMARY ***
Total pot 50 | Rake 0 
Board [8h Ks 4c]
Seat 1: Bucistar6 (button) collected (50)
Seat 2: Mahu2021 (small blind) folded before Flop
Seat 3: MaFerreiraa (big blind) folded on the Flop



PokerStars Hand #245746515218: Tournament #3639871694, $0.92+$0.08 USD Hold'em No Limit - Level I (10/20) - 2023/09/03 13:21:25 CET [2023/09/03 7:21:25 ET]
Table '3639871694 1' 3-max Seat #2 is the button
Seat 1: Bucistar6 (550 in chips) 
Seat 2: Mahu2021 (400 in chips) 
Seat 3: MaFerreiraa (550 in chips) 
MaFerreiraa: posts small blind 10
Bucistar6: posts big blind 20
*** HOLE CARDS ***
Dealt to Mahu2021 [8h Ad]
Mahu2021: raises 20 to 40
MaFerreiraa: folds 
Bucistar6: calls 20
*** FLOP *** [Tc 2d 9c]
Bucistar6: checks 
Mahu2021: checks 
*** TURN *** [Tc 2d 9c] [3h]
Bucistar6: checks 
Mahu2021: checks 
*** RIVER *** [Tc 2d 9c 3h] [8d]
Bucistar6: bets 20
Mahu2021: calls 20
*** SHOW DOWN ***
Bucistar6: shows [Jc 8s] (a pair of Eights)
Mahu2021: shows [8h Ad] (a pair of Eights - Ace kicker)
Mahu2021 collected 130 from pot
*** SUMMARY ***
Total pot 130 | Rake 0 
Board [Tc 2d 9c 3h 8d]
Seat 1: Bucistar6 (big blind) showed [Jc 8s] and lost with a pair of Eights
Seat 2: Mahu2021 (button) showed [8h Ad] and won (130) with a pair of Eights
Seat 3: MaFerreiraa (small blind) folded before Flop



PokerStars Hand #245746518181: Tournament #3639871694, $0.92+$0.08 USD Hold'em No Limit - Level I (10/20) - 2023/09/03 13:21:42 CET [2023/09/03 7:21:42 ET]
Table '3639871694 1' 3-max Seat #3 is the button
Seat 1: Bucistar6 (490 in chips) 
Seat 2: Mahu2021 (470 in chips) 
Seat 3: MaFerreiraa (540 in chips) 
Bucistar6: posts small blind 10
Mahu2021: posts big blind 20
*** HOLE CARDS ***
Dealt to Mahu2021 [2d Js]
MaFerreiraa: folds 
Bucistar6: calls 10
Mahu2021: checks 
*** FLOP *** [8h Jh 2h]
Bucistar6: checks 
Mahu2021: bets 20
Bucistar6: folds 
Uncalled bet (20) returned to Mahu2021
Mahu2021 collected 40 from pot
Mahu2021: doesn't show hand 
*** SUMMARY ***
Total pot 40 | Rake 0 
Board [8h Jh 2h]
Seat 1: Bucistar6 (small blind) folded on the Flop
Seat 2: Mahu2021 (big blind) collected (40)
Seat 3: MaFerreiraa (button) folded before Flop (didn't bet)



PokerStars Hand #245746520746: Tournament #3639871694, $0.92+$0.08 USD Hold'em No Limit - Level I (10/20) - 2023/09/03 13:21:56 CET [2023/09/03 7:21:56 ET]
Table '3639871694 1' 3-max Seat #1 is the button
Seat 1: Bucistar6 (470 in chips) 
Seat 2: Mahu2021 (490 in chips) 
Seat 3: MaFerreiraa (540 in chips) 
Mahu2021: posts small blind 10
MaFerreiraa: posts big blind 20
*** HOLE CARDS ***
Dealt to Mahu2021 [2s Qh]
Bucistar6: raises 20 to 40
Mahu2021: folds 
MaFerreiraa: raises 90 to 130
Bucistar6: calls 90
*** FLOP *** [6s 2c 6d]
MaFerreiraa: bets 410 and is all-in
Bucistar6: folds 
Uncalled bet (410) returned to MaFerreiraa
MaFerreiraa collected 270 from pot
*** SUMMARY ***
Total pot 270 | Rake 0 
Board [6s 2c 6d]
Seat 1: Bucistar6 (button) folded on the Flop
Seat 2: Mahu2021 (small blind) folded before Flop
Seat 3: MaFerreiraa (big blind) collected (270)



PokerStars Hand #245746524454: Tournament #3639871694, $0.92+$0.08 USD Hold'em No Limit - Level I (10/20) - 2023/09/03 13:22:17 CET [2023/09/03 7:22:17 ET]
Table '3639871694 1' 3-max Seat #2 is the button
Seat 1: Bucistar6 (340 in chips) 
Seat 2: Mahu2021 (480 in chips) 
Seat 3: MaFerreiraa (680 in chips) 
MaFerreiraa: posts small blind 10
Bucistar6: posts big blind 20
*** HOLE CARDS ***
Dealt to Mahu2021 [2c 4s]
Mahu2021: folds 
MaFerreiraa: folds 
Uncalled bet (10) returned to Bucistar6
Bucistar6 collected 20 from pot
Bucistar6: doesn't show hand 
*** SUMMARY ***
Total pot 20 | Rake 0 
Seat 1: Bucistar6 (big blind) collected (20)
Seat 2: Mahu2021 (button) folded before Flop (didn't bet)
Seat 3: MaFerreiraa (small blind) folded before Flop



PokerStars Hand #245746526280: Tournament #3639871694, $0.92+$0.08 USD Hold'em No Limit - Level I (10/20) - 2023/09/03 13:22:27 CET [2023/09/03 7:22:27 ET]
Table '3639871694 1' 3-max Seat #3 is the button
Seat 1: Bucistar6 (350 in chips) 
Seat 2: Mahu2021 (480 in chips) 
Seat 3: MaFerreiraa (670 in chips) 
Bucistar6: posts small blind 10
Mahu2021: posts big blind 20
*** HOLE CARDS ***
Dealt to Mahu2021 [Th Ks]
MaFerreiraa: folds 
Bucistar6: calls 10
Mahu2021: raises 40 to 60
Bucistar6: folds 
Uncalled bet (40) returned to Mahu2021
Mahu2021 collected 40 from pot
Mahu2021: doesn't show hand 
*** SUMMARY ***
Total pot 40 | Rake 0 
Seat 1: Bucistar6 (small blind) folded before Flop
Seat 2: Mahu2021 (big blind) collected (40)
Seat 3: MaFerreiraa (button) folded before Flop (didn't bet)



PokerStars Hand #245746528253: Tournament #3639871694, $0.92+$0.08 USD Hold'em No Limit - Level I (10/20) - 2023/09/03 13:22:38 CET [2023/09/03 7:22:38 ET]
Table '3639871694 1' 3-max Seat #1 is the button
Seat 1: Bucistar6 (330 in chips) 
Seat 2: Mahu2021 (500 in chips) 
Seat 3: MaFerreiraa (670 in chips) 
Mahu2021: posts small blind 10
MaFerreiraa: posts big blind 20
*** HOLE CARDS ***
Dealt to Mahu2021 [9c 4h]
Bucistar6: calls 20
Mahu2021: folds 
MaFerreiraa: checks 
*** FLOP *** [Js 3d Jh]
MaFerreiraa: checks 
Bucistar6: checks 
*** TURN *** [Js 3d Jh] [7h]
MaFerreiraa: checks 
Bucistar6: checks 
*** RIVER *** [Js 3d Jh 7h] [6d]
MaFerreiraa: checks 
Bucistar6: checks 
*** SHOW DOWN ***
MaFerreiraa: shows [Ts 5d] (a pair of Jacks)
Bucistar6: shows [Tc 2c] (a pair of Jacks)
MaFerreiraa collected 25 from pot
Bucistar6 collected 25 from pot
*** SUMMARY ***
Total pot 50 | Rake 0 
Board [Js 3d Jh 7h 6d]
Seat 1: Bucistar6 (button) showed [Tc 2c] and won (25) with a pair of Jacks
Seat 2: Mahu2021 (small blind) folded before Flop
Seat 3: MaFerreiraa (big blind) showed [Ts 5d] and won (25) with a pair of Jacks



PokerStars Hand #245746532333: Tournament #3639871694, $0.92+$0.08 USD Hold'em No Limit - Level I (10/20) - 2023/09/03 13:23:01 CET [2023/09/03 7:23:01 ET]
Table '3639871694 1' 3-max Seat #2 is the button
Seat 1: Bucistar6 (335 in chips) 
Seat 2: Mahu2021 (490 in chips) 
Seat 3: MaFerreiraa (675 in chips) 
MaFerreiraa: posts small blind 10
Bucistar6: posts big blind 20
*** HOLE CARDS ***
Dealt to Mahu2021 [2s Kh]
Mahu2021: folds 
MaFerreiraa: folds 
Uncalled bet (10) returned to Bucistar6
Bucistar6 collected 20 from pot
Bucistar6: doesn't show hand 
*** SUMMARY ***
Total pot 20 | Rake 0 
Seat 1: Bucistar6 (big blind) collected (20)
Seat 2: Mahu2021 (button) folded before Flop (didn't bet)
Seat 3: MaFerreiraa (small blind) folded before Flop



PokerStars Hand #245746535255: Tournament #3639871694, $0.92+$0.08 USD Hold'em No Limit - Level I (10/20) - 2023/09/03 13:23:17 CET [2023/09/03 7:23:17 ET]
Table '3639871694 1' 3-max Seat #3 is the button
Seat 1: Bucistar6 (345 in chips) 
Seat 2: Mahu2021 (490 in chips) 
Seat 3: MaFerreiraa (665 in chips) 
Bucistar6: posts small blind 10
Mahu2021: posts big blind 20
*** HOLE CARDS ***
Dealt to Mahu2021 [Ac 3s]
MaFerreiraa: folds 
Bucistar6: calls 10
Mahu2021: checks 
*** FLOP *** [2h Qd 7c]
Bucistar6: bets 20
Mahu2021: folds 
Uncalled bet (20) returned to Bucistar6
Bucistar6 collected 40 from pot
Bucistar6: doesn't show hand 
*** SUMMARY ***
Total pot 40 | Rake 0 
Board [2h Qd 7c]
Seat 1: Bucistar6 (small blind) collected (40)
Seat 2: Mahu2021 (big blind) folded on the Flop
Seat 3: MaFerreiraa (button) folded before Flop (didn't bet)



PokerStars Hand #245746538020: Tournament #3639871694, $0.92+$0.08 USD Hold'em No Limit - Level II (15/30) - 2023/09/03 13:23:33 CET [2023/09/03 7:23:33 ET]
Table '3639871694 1' 3-max Seat #1 is the button
Seat 1: Bucistar6 (365 in chips) 
Seat 2: Mahu2021 (470 in chips) 
Seat 3: MaFerreiraa (665 in chips) 
Mahu2021: posts small blind 15
MaFerreiraa: posts big blind 30
*** HOLE CARDS ***
Dealt to Mahu2021 [3s 2d]
Bucistar6: calls 30
Mahu2021: calls 15
MaFerreiraa has timed out
MaFerreiraa: checks 
*** FLOP *** [2h Td Jh]
Mahu2021: checks 
MaFerreiraa: checks 
Bucistar6: bets 30
Mahu2021: calls 30
MaFerreiraa: folds 
*** TURN *** [2h Td Jh] [3h]
Mahu2021: checks 
Bucistar6: bets 30
Mahu2021: calls 30
*** RIVER *** [2h Td Jh 3h] [7h]
Mahu2021: checks 
Bucistar6: checks 
*** SHOW DOWN ***
Mahu2021: shows [3s 2d] (two pair, Threes and Deuces)
Bucistar6: mucks hand 
Mahu2021 collected 210 from pot
*** SUMMARY ***
Total pot 210 | Rake 0 
Board [2h Td Jh 3h 7h]
Seat 1: Bucistar6 (button) mucked [Js 4c]
Seat 2: Mahu2021 (small blind) showed [3s 2d] and won (210) with two pair, Threes and Deuces
Seat 3: MaFerreiraa (big blind) folded on the Flop



PokerStars Hand #245746548165: Tournament #3639871694, $0.92+$0.08 USD Hold'em No Limit - Level II (15/30) - 2023/09/03 13:24:29 CET [2023/09/03 7:24:29 ET]
Table '3639871694 1' 3-max Seat #2 is the button
Seat 1: Bucistar6 (275 in chips) 
Seat 2: Mahu2021 (590 in chips) 
Seat 3: MaFerreiraa (635 in chips) 
MaFerreiraa: posts small blind 15
Bucistar6: posts big blind 30
*** HOLE CARDS ***
Dealt to Mahu2021 [4h 2s]
Mahu2021: folds 
MaFerreiraa: calls 15
Bucistar6: checks 
*** FLOP *** [5c Jh Jd]
MaFerreiraa: checks 
Bucistar6: checks 
*** TURN *** [5c Jh Jd] [4s]
MaFerreiraa: checks 
Bucistar6: checks 
*** RIVER *** [5c Jh Jd 4s] [Qd]
MaFerreiraa: checks 
Bucistar6: checks 
*** SHOW DOWN ***
MaFerreiraa: shows [Ks 9c] (a pair of Jacks)
Bucistar6: mucks hand 
MaFerreiraa collected 60 from pot
*** SUMMARY ***
Total pot 60 | Rake 0 
Board [5c Jh Jd 4s Qd]
Seat 1: Bucistar6 (big blind) mucked [7c 2h]
Seat 2: Mahu2021 (button) folded before Flop (didn't bet)
Seat 3: MaFerreiraa (small blind) showed [Ks 9c] and won (60) with a pair of Jacks



PokerStars Hand #245746551658: Tournament #3639871694, $0.92+$0.08 USD Hold'em No Limit - Level II (15/30) - 2023/09/03 13:24:48 CET [2023/09/03 7:24:48 ET]
Table '3639871694 1' 3-max Seat #3 is the button
Seat 1: Bucistar6 (245 in chips) 
Seat 2: Mahu2021 (590 in chips) 
Seat 3: MaFerreiraa (665 in chips) 
Bucistar6: posts small blind 15
Mahu2021: posts big blind 30
*** HOLE CARDS ***
Dealt to Mahu2021 [Qd Ac]
MaFerreiraa: folds 
Bucistar6: calls 15
Mahu2021: raises 60 to 90
Bucistar6: calls 60
*** FLOP *** [5h 6d 5s]
Bucistar6: checks 
Mahu2021: checks 
*** TURN *** [5h 6d 5s] [2d]
Bucistar6: checks 
Mahu2021: checks 
*** RIVER *** [5h 6d 5s 2d] [7d]
Bucistar6: checks 
Mahu2021: checks 
*** SHOW DOWN ***
Bucistar6: shows [9c Qs] (a pair of Fives)
Mahu2021: shows [Qd Ac] (a pair of Fives - Ace kicker)
Mahu2021 collected 180 from pot
*** SUMMARY ***
Total pot 180 | Rake 0 
Board [5h 6d 5s 2d 7d]
Seat 1: Bucistar6 (small blind) showed [9c Qs] and lost with a pair of Fives
Seat 2: Mahu2021 (big blind) showed [Qd Ac] and won (180) with a pair of Fives
Seat 3: MaFerreiraa (button) folded before Flop (didn't bet)



PokerStars Hand #245746555484: Tournament #3639871694, $0.92+$0.08 USD Hold'em No Limit - Level II (15/30) - 2023/09/03 13:25:09 CET [2023/09/03 7:25:09 ET]
Table '3639871694 1' 3-max Seat #1 is the button
Seat 1: Bucistar6 (155 in chips) 
Seat 2: Mahu2021 (680 in chips) 
Seat 3: MaFerreiraa (665 in chips) 
Mahu2021: posts small blind 15
MaFerreiraa: posts big blind 30
*** HOLE CARDS ***
Dealt to Mahu2021 [2h 6c]
Bucistar6: raises 125 to 155 and is all-in
Mahu2021: folds 
MaFerreiraa: folds 
Uncalled bet (125) returned to Bucistar6
Bucistar6 collected 75 from pot
Bucistar6: doesn't show hand 
*** SUMMARY ***
Total pot 75 | Rake 0 
Seat 1: Bucistar6 (button) collected (75)
Seat 2: Mahu2021 (small blind) folded before Flop
Seat 3: MaFerreiraa (big blind) folded before Flop



PokerStars Hand #245746557307: Tournament #3639871694, $0.92+$0.08 USD Hold'em No Limit - Level II (15/30) - 2023/09/03 13:25:19 CET [2023/09/03 7:25:19 ET]
Table '3639871694 1' 3-max Seat #2 is the button
Seat 1: Bucistar6 (200 in chips) 
Seat 2: Mahu2021 (665 in chips) 
Seat 3: MaFerreiraa (635 in chips) 
MaFerreiraa: posts small blind 15
Bucistar6: posts big blind 30
*** HOLE CARDS ***
Dealt to Mahu2021 [3h 4h]
Mahu2021: calls 30
MaFerreiraa: folds 
Bucistar6: raises 170 to 200 and is all-in
Mahu2021: folds 
Uncalled bet (170) returned to Bucistar6
Bucistar6 collected 75 from pot
Bucistar6: doesn't show hand 
*** SUMMARY ***
Total pot 75 | Rake 0 
Seat 1: Bucistar6 (big blind) collected (75)
Seat 2: Mahu2021 (button) folded before Flop
Seat 3: MaFerreiraa (small blind) folded before Flop



PokerStars Hand #245746560285: Tournament #3639871694, $0.92+$0.08 USD Hold'em No Limit - Level II (15/30) - 2023/09/03 13:25:36 CET [2023/09/03 7:25:36 ET]
Table '3639871694 1' 3-max Seat #3 is the button
Seat 1: Bucistar6 (245 in chips) 
Seat 2: Mahu2021 (635 in chips) 
Seat 3: MaFerreiraa (620 in chips) 
Bucistar6: posts small blind 15
Mahu2021: posts big blind 30
*** HOLE CARDS ***
Dealt to Mahu2021 [Jd Tc]
MaFerreiraa: raises 60 to 90
Bucistar6: folds 
Mahu2021: calls 60
*** FLOP *** [9c Ah 7d]
Mahu2021: checks 
MaFerreiraa: bets 98
Mahu2021: calls 98
*** TURN *** [9c Ah 7d] [Ac]
Mahu2021: checks 
MaFerreiraa: checks 
*** RIVER *** [9c Ah 7d Ac] [8c]
Mahu2021: bets 391
MaFerreiraa: folds 
Uncalled bet (391) returned to Mahu2021
Mahu2021 collected 391 from pot
Mahu2021: doesn't show hand 
*** SUMMARY ***
Total pot 391 | Rake 0 
Board [9c Ah 7d Ac 8c]
Seat 1: Bucistar6 (small blind) folded before Flop
Seat 2: Mahu2021 (big blind) collected (391)
Seat 3: MaFerreiraa (button) folded on the River



PokerStars Hand #245746565229: Tournament #3639871694, $0.92+$0.08 USD Hold'em No Limit - Level II (15/30) - 2023/09/03 13:26:03 CET [2023/09/03 7:26:03 ET]
Table '3639871694 1' 3-max Seat #1 is the button
Seat 1: Bucistar6 (230 in chips) 
Seat 2: Mahu2021 (838 in chips) 
Seat 3: MaFerreiraa (432 in chips) 
Mahu2021: posts small blind 15
MaFerreiraa: posts big blind 30
*** HOLE CARDS ***
Dealt to Mahu2021 [2d 3d]
Bucistar6: raises 200 to 230 and is all-in
Mahu2021: folds 
MaFerreiraa: folds 
Uncalled bet (200) returned to Bucistar6
Bucistar6 collected 75 from pot
Bucistar6: doesn't show hand 
*** SUMMARY ***
Total pot 75 | Rake 0 
Seat 1: Bucistar6 (button) collected (75)
Seat 2: Mahu2021 (small blind) folded before Flop
Seat 3: MaFerreiraa (big blind) folded before Flop



PokerStars Hand #245746566824: Tournament #3639871694, $0.92+$0.08 USD Hold'em No Limit - Level II (15/30) - 2023/09/03 13:26:13 CET [2023/09/03 7:26:13 ET]
Table '3639871694 1' 3-max Seat #2 is the button
Seat 1: Bucistar6 (275 in chips) 
Seat 2: Mahu2021 (823 in chips) 
Seat 3: MaFerreiraa (402 in chips) 
MaFerreiraa: posts small blind 15
Bucistar6: posts big blind 30
*** HOLE CARDS ***
Dealt to Mahu2021 [Th 8c]
Mahu2021: folds 
MaFerreiraa: folds 
Uncalled bet (15) returned to Bucistar6
Bucistar6 collected 30 from pot
Bucistar6: doesn't show hand 
*** SUMMARY ***
Total pot 30 | Rake 0 
Seat 1: Bucistar6 (big blind) collected (30)
Seat 2: Mahu2021 (button) folded before Flop (didn't bet)
Seat 3: MaFerreiraa (small blind) folded before Flop



PokerStars Hand #245746567972: Tournament #3639871694, $0.92+$0.08 USD Hold'em No Limit - Level II (15/30) - 2023/09/03 13:26:19 CET [2023/09/03 7:26:19 ET]
Table '3639871694 1' 3-max Seat #3 is the button
Seat 1: Bucistar6 (290 in chips) 
Seat 2: Mahu2021 (823 in chips) 
Seat 3: MaFerreiraa (387 in chips) 
Bucistar6: posts small blind 15
Mahu2021: posts big blind 30
*** HOLE CARDS ***
Dealt to Mahu2021 [2d 6h]
MaFerreiraa: raises 75 to 105
Bucistar6: raises 185 to 290 and is all-in
Mahu2021: folds 
MaFerreiraa: calls 185
*** FLOP *** [6s Jc Qc]
*** TURN *** [6s Jc Qc] [8s]
*** RIVER *** [6s Jc Qc 8s] [5d]
*** SHOW DOWN ***
Bucistar6: shows [Jd Td] (a pair of Jacks)
MaFerreiraa: shows [4h Ad] (high card Ace)
Bucistar6 collected 610 from pot
*** SUMMARY ***
Total pot 610 | Rake 0 
Board [6s Jc Qc 8s 5d]
Seat 1: Bucistar6 (small blind) showed [Jd Td] and won (610) with a pair of Jacks
Seat 2: Mahu2021 (big blind) folded before Flop
Seat 3: MaFerreiraa (button) showed [4h Ad] and lost with high card Ace



PokerStars Hand #245746573333: Tournament #3639871694, $0.92+$0.08 USD Hold'em No Limit - Level III (20/40) - 2023/09/03 13:26:49 CET [2023/09/03 7:26:49 ET]
Table '3639871694 1' 3-max Seat #1 is the button
Seat 1: Bucistar6 (610 in chips) 
Seat 2: Mahu2021 (793 in chips) 
Seat 3: MaFerreiraa (97 in chips) 
Mahu2021: posts small blind 20
MaFerreiraa: posts big blind 40
*** HOLE CARDS ***
Dealt to Mahu2021 [Kh 5d]
Bucistar6: calls 40
Mahu2021: folds 
MaFerreiraa: raises 57 to 97 and is all-in
Bucistar6: folds 
Uncalled bet (57) returned to MaFerreiraa
MaFerreiraa collected 100 from pot
*** SUMMARY ***
Total pot 100 | Rake 0 
Seat 1: Bucistar6 (button) folded before Flop
Seat 2: Mahu2021 (small blind) folded before Flop
Seat 3: MaFerreiraa (big blind) collected (100)



PokerStars Hand #245746575287: Tournament #3639871694, $0.92+$0.08 USD Hold'em No Limit - Level III (20/40) - 2023/09/03 13:27:00 CET [2023/09/03 7:27:00 ET]
Table '3639871694 1' 3-max Seat #2 is the button
Seat 1: Bucistar6 (570 in chips) 
Seat 2: Mahu2021 (773 in chips) 
Seat 3: MaFerreiraa (157 in chips) 
MaFerreiraa: posts small blind 20
Bucistar6: posts big blind 40
*** HOLE CARDS ***
Dealt to Mahu2021 [4d 9h]
Mahu2021: folds 
MaFerreiraa: folds 
Uncalled bet (20) returned to Bucistar6
Bucistar6 collected 40 from pot
Bucistar6: doesn't show hand 
*** SUMMARY ***
Total pot 40 | Rake 0 
Seat 1: Bucistar6 (big blind) collected (40)
Seat 2: Mahu2021 (button) folded before Flop (didn't bet)
Seat 3: MaFerreiraa (small blind) folded before Flop



PokerStars Hand #245746576375: Tournament #3639871694, $0.92+$0.08 USD Hold'em No Limit - Level III (20/40) - 2023/09/03 13:27:06 CET [2023/09/03 7:27:06 ET]
Table '3639871694 1' 3-max Seat #3 is the button
Seat 1: Bucistar6 (590 in chips) 
Seat 2: Mahu2021 (773 in chips) 
Seat 3: MaFerreiraa (137 in chips) 
Bucistar6: posts small blind 20
Mahu2021: posts big blind 40
*** HOLE CARDS ***
Dealt to Mahu2021 [2d 2h]
MaFerreiraa: raises 97 to 137 and is all-in
Bucistar6: calls 117
Mahu2021: folds 
*** FLOP *** [6s 4c 9d]
*** TURN *** [6s 4c 9d] [5h]
*** RIVER *** [6s 4c 9d 5h] [Jh]
*** SHOW DOWN ***
Bucistar6: shows [Js Tc] (a pair of Jacks)
MaFerreiraa: shows [Td Qd] (high card Queen)
Bucistar6 collected 314 from pot
MaFerreiraa finished the tournament in 3rd place
*** SUMMARY ***
Total pot 314 | Rake 0 
Board [6s 4c 9d 5h Jh]
Seat 1: Bucistar6 (small blind) showed [Js Tc] and won (314) with a pair of Jacks
Seat 2: Mahu2021 (big blind) folded before Flop
Seat 3: MaFerreiraa (button) showed [Td Qd] and lost with high card Queen



PokerStars Hand #245746579911: Tournament #3639871694, $0.92+$0.08 USD Hold'em No Limit - Level III (20/40) - 2023/09/03 13:27:25 CET [2023/09/03 7:27:25 ET]
Table '3639871694 1' 3-max Seat #2 is the button
Seat 1: Bucistar6 (767 in chips) 
Seat 2: Mahu2021 (733 in chips) 
Mahu2021: posts small blind 20
Bucistar6: posts big blind 40
*** HOLE CARDS ***
Dealt to Mahu2021 [8d Kc]
Mahu2021: calls 20
Bucistar6: raises 40 to 80
Mahu2021: calls 40
*** FLOP *** [6h Th 2s]
Bucistar6: checks 
Mahu2021: checks 
*** TURN *** [6h Th 2s] [Jd]
Bucistar6: checks 
Mahu2021: bets 40
Bucistar6: calls 40
*** RIVER *** [6h Th 2s Jd] [Tc]
Bucistar6: checks 
Mahu2021: checks 
*** SHOW DOWN ***
Bucistar6: shows [Ac Kd] (a pair of Tens)
Mahu2021: mucks hand 
Bucistar6 collected 240 from pot
*** SUMMARY ***
Total pot 240 | Rake 0 
Board [6h Th 2s Jd Tc]
Seat 1: Bucistar6 (big blind) showed [Ac Kd] and won (240) with a pair of Tens
Seat 2: Mahu2021 (button) (small blind) mucked [8d Kc]



PokerStars Hand #245746583903: Tournament #3639871694, $0.92+$0.08 USD Hold'em No Limit - Level III (20/40) - 2023/09/03 13:27:48 CET [2023/09/03 7:27:48 ET]
Table '3639871694 1' 3-max Seat #1 is the button
Seat 1: Bucistar6 (887 in chips) 
Seat 2: Mahu2021 (613 in chips) 
Bucistar6: posts small blind 20
Mahu2021: posts big blind 40
*** HOLE CARDS ***
Dealt to Mahu2021 [As 3s]
Bucistar6: calls 20
Mahu2021: raises 80 to 120
Bucistar6: folds 
Uncalled bet (80) returned to Mahu2021
Mahu2021 collected 80 from pot
Mahu2021: doesn't show hand 
*** SUMMARY ***
Total pot 80 | Rake 0 
Seat 1: Bucistar6 (button) (small blind) folded before Flop
Seat 2: Mahu2021 (big blind) collected (80)



PokerStars Hand #245746585440: Tournament #3639871694, $0.92+$0.08 USD Hold'em No Limit - Level III (20/40) - 2023/09/03 13:27:56 CET [2023/09/03 7:27:56 ET]
Table '3639871694 1' 3-max Seat #2 is the button
Seat 1: Bucistar6 (847 in chips) 
Seat 2: Mahu2021 (653 in chips) 
Mahu2021: posts small blind 20
Bucistar6: posts big blind 40
*** HOLE CARDS ***
Dealt to Mahu2021 [4h 6h]
Mahu2021: calls 20
Bucistar6: checks 
*** FLOP *** [Qs 3d Th]
Bucistar6: bets 40
Mahu2021: folds 
Uncalled bet (40) returned to Bucistar6
Bucistar6 collected 80 from pot
Bucistar6: doesn't show hand 
*** SUMMARY ***
Total pot 80 | Rake 0 
Board [Qs 3d Th]
Seat 1: Bucistar6 (big blind) collected (80)
Seat 2: Mahu2021 (button) (small blind) folded on the Flop



PokerStars Hand #245746587058: Tournament #3639871694, $0.92+$0.08 USD Hold'em No Limit - Level III (20/40) - 2023/09/03 13:28:06 CET [2023/09/03 7:28:06 ET]
Table '3639871694 1' 3-max Seat #1 is the button
Seat 1: Bucistar6 (887 in chips) 
Seat 2: Mahu2021 (613 in chips) 
Bucistar6: posts small blind 20
Mahu2021: posts big blind 40
*** HOLE CARDS ***
Dealt to Mahu2021 [9d Tc]
Bucistar6: calls 20
Mahu2021: checks 
*** FLOP *** [Kc 4s 5h]
Mahu2021: checks 
Bucistar6: checks 
*** TURN *** [Kc 4s 5h] [Jc]
Mahu2021: bets 40
Bucistar6: calls 40
*** RIVER *** [Kc 4s 5h Jc] [3c]
Mahu2021: checks 
Bucistar6: checks 
*** SHOW DOWN ***
Mahu2021: shows [9d Tc] (high card King)
Bucistar6: shows [8s 4d] (a pair of Fours)
Bucistar6 collected 160 from pot
*** SUMMARY ***
Total pot 160 | Rake 0 
Board [Kc 4s 5h Jc 3c]
Seat 1: Bucistar6 (button) (small blind) showed [8s 4d] and won (160) with a pair of Fours
Seat 2: Mahu2021 (big blind) showed [9d Tc] and lost with high card King



PokerStars Hand #245746590011: Tournament #3639871694, $0.92+$0.08 USD Hold'em No Limit - Level III (20/40) - 2023/09/03 13:28:22 CET [2023/09/03 7:28:22 ET]
Table '3639871694 1' 3-max Seat #2 is the button
Seat 1: Bucistar6 (967 in chips) 
Seat 2: Mahu2021 (533 in chips) 
Mahu2021: posts small blind 20
Bucistar6: posts big blind 40
*** HOLE CARDS ***
Dealt to Mahu2021 [Ah 8d]
Mahu2021: raises 80 to 120
Bucistar6: folds 
Uncalled bet (80) returned to Mahu2021
Mahu2021 collected 80 from pot
Mahu2021: doesn't show hand 
*** SUMMARY ***
Total pot 80 | Rake 0 
Seat 1: Bucistar6 (big blind) folded before Flop
Seat 2: Mahu2021 (button) (small blind) collected (80)



PokerStars Hand #245746591351: Tournament #3639871694, $0.92+$0.08 USD Hold'em No Limit - Level III (20/40) - 2023/09/03 13:28:30 CET [2023/09/03 7:28:30 ET]
Table '3639871694 1' 3-max Seat #1 is the button
Seat 1: Bucistar6 (927 in chips) 
Seat 2: Mahu2021 (573 in chips) 
Bucistar6: posts small blind 20
Mahu2021: posts big blind 40
*** HOLE CARDS ***
Dealt to Mahu2021 [2s Kc]
Bucistar6: calls 20
Mahu2021: checks 
*** FLOP *** [2c 3c Ah]
Mahu2021: checks 
Bucistar6: checks 
*** TURN *** [2c 3c Ah] [7c]
Mahu2021: bets 40
Bucistar6: calls 40
*** RIVER *** [2c 3c Ah 7c] [9c]
Mahu2021: bets 160
Bucistar6: calls 160
*** SHOW DOWN ***
Mahu2021: shows [2s Kc] (a flush, King high)
Bucistar6: mucks hand 
Mahu2021 collected 480 from pot
*** SUMMARY ***
Total pot 480 | Rake 0 
Board [2c 3c Ah 7c 9c]
Seat 1: Bucistar6 (button) (small blind) mucked [7d 6c]
Seat 2: Mahu2021 (big blind) showed [2s Kc] and won (480) with a flush, King high



PokerStars Hand #245746594283: Tournament #3639871694, $0.92+$0.08 USD Hold'em No Limit - Level III (20/40) - 2023/09/03 13:28:46 CET [2023/09/03 7:28:46 ET]
Table '3639871694 1' 3-max Seat #2 is the button
Seat 1: Bucistar6 (687 in chips) 
Seat 2: Mahu2021 (813 in chips) 
Mahu2021: posts small blind 20
Bucistar6: posts big blind 40
*** HOLE CARDS ***
Dealt to Mahu2021 [Ts Kd]
Mahu2021: calls 20
Bucistar6: checks 
*** FLOP *** [Ks 3d 7h]
Bucistar6: bets 40
Mahu2021: calls 40
*** TURN *** [Ks 3d 7h] [9d]
Bucistar6: bets 40
Mahu2021: calls 40
*** RIVER *** [Ks 3d 7h 9d] [Qd]
Bucistar6: bets 80
Mahu2021: raises 80 to 160
Bucistar6: calls 80
*** SHOW DOWN ***
Mahu2021: shows [Ts Kd] (a pair of Kings)
Bucistar6: mucks hand 
Mahu2021 collected 560 from pot
*** SUMMARY ***
Total pot 560 | Rake 0 
Board [Ks 3d 7h 9d Qd]
Seat 1: Bucistar6 (big blind) mucked [Kc 2c]
Seat 2: Mahu2021 (button) (small blind) showed [Ts Kd] and won (560) with a pair of Kings



PokerStars Hand #245746597812: Tournament #3639871694, $0.92+$0.08 USD Hold'em No Limit - Level III (20/40) - 2023/09/03 13:29:06 CET [2023/09/03 7:29:06 ET]
Table '3639871694 1' 3-max Seat #1 is the button
Seat 1: Bucistar6 (407 in chips) 
Seat 2: Mahu2021 (1093 in chips) 
Bucistar6: posts small blind 20
Mahu2021: posts big blind 40
*** HOLE CARDS ***
Dealt to Mahu2021 [7s 7h]
Bucistar6: calls 20
Mahu2021: raises 1053 to 1093 and is all-in
Bucistar6: calls 367 and is all-in
Uncalled bet (686) returned to Mahu2021
*** FLOP *** [Kh 9d 6h]
*** TURN *** [Kh 9d 6h] [Td]
*** RIVER *** [Kh 9d 6h Td] [Js]
*** SHOW DOWN ***
Mahu2021: shows [7s 7h] (a pair of Sevens)
Bucistar6: shows [Tc Jd] (two pair, Jacks and Tens)
Bucistar6 collected 814 from pot
*** SUMMARY ***
Total pot 814 | Rake 0 
Board [Kh 9d 6h Td Js]
Seat 1: Bucistar6 (button) (small blind) showed [Tc Jd] and won (814) with two pair, Jacks and Tens
Seat 2: Mahu2021 (big blind) showed [7s 7h] and lost with a pair of Sevens



PokerStars Hand #245746601459: Tournament #3639871694, $0.92+$0.08 USD Hold'em No Limit - Level III (20/40) - 2023/09/03 13:29:27 CET [2023/09/03 7:29:27 ET]
Table '3639871694 1' 3-max Seat #2 is the button
Seat 1: Bucistar6 (814 in chips) 
Seat 2: Mahu2021 (686 in chips) 
Mahu2021: posts small blind 20
Bucistar6: posts big blind 40
*** HOLE CARDS ***
Dealt to Mahu2021 [2c Ad]
Mahu2021: calls 20
Bucistar6: checks 
*** FLOP *** [Ts Ks 6c]
Bucistar6: checks 
Mahu2021: bets 40
Bucistar6: folds 
Uncalled bet (40) returned to Mahu2021
Mahu2021 collected 80 from pot
Mahu2021: doesn't show hand 
*** SUMMARY ***
Total pot 80 | Rake 0 
Board [Ts Ks 6c]
Seat 1: Bucistar6 (big blind) folded on the Flop
Seat 2: Mahu2021 (button) (small blind) collected (80)



PokerStars Hand #245746604216: Tournament #3639871694, $0.92+$0.08 USD Hold'em No Limit - Level IV (30/60) - 2023/09/03 13:29:42 CET [2023/09/03 7:29:42 ET]
Table '3639871694 1' 3-max Seat #1 is the button
Seat 1: Bucistar6 (774 in chips) 
Seat 2: Mahu2021 (726 in chips) 
Bucistar6: posts small blind 30
Mahu2021: posts big blind 60
*** HOLE CARDS ***
Dealt to Mahu2021 [Jd 5s]
Bucistar6: raises 60 to 120
Mahu2021: folds 
Uncalled bet (60) returned to Bucistar6
Bucistar6 collected 120 from pot
Bucistar6: doesn't show hand 
*** SUMMARY ***
Total pot 120 | Rake 0 
Seat 1: Bucistar6 (button) (small blind) collected (120)
Seat 2: Mahu2021 (big blind) folded before Flop



PokerStars Hand #245746605487: Tournament #3639871694, $0.92+$0.08 USD Hold'em No Limit - Level IV (30/60) - 2023/09/03 13:29:49 CET [2023/09/03 7:29:49 ET]
Table '3639871694 1' 3-max Seat #2 is the button
Seat 1: Bucistar6 (834 in chips) 
Seat 2: Mahu2021 (666 in chips) 
Mahu2021: posts small blind 30
Bucistar6: posts big blind 60
*** HOLE CARDS ***
Dealt to Mahu2021 [2s 6d]
Mahu2021: folds 
Uncalled bet (30) returned to Bucistar6
Bucistar6 collected 60 from pot
Bucistar6: doesn't show hand 
*** SUMMARY ***
Total pot 60 | Rake 0 
Seat 1: Bucistar6 (big blind) collected (60)
Seat 2: Mahu2021 (button) (small blind) folded before Flop



PokerStars Hand #245746606213: Tournament #3639871694, $0.92+$0.08 USD Hold'em No Limit - Level IV (30/60) - 2023/09/03 13:29:53 CET [2023/09/03 7:29:53 ET]
Table '3639871694 1' 3-max Seat #1 is the button
Seat 1: Bucistar6 (864 in chips) 
Seat 2: Mahu2021 (636 in chips) 
Bucistar6: posts small blind 30
Mahu2021: posts big blind 60
*** HOLE CARDS ***
Dealt to Mahu2021 [Ad 9c]
Bucistar6: calls 30
Mahu2021: raises 120 to 180
Bucistar6: folds 
Uncalled bet (120) returned to Mahu2021
Mahu2021 collected 120 from pot
Mahu2021: doesn't show hand 
*** SUMMARY ***
Total pot 120 | Rake 0 
Seat 1: Bucistar6 (button) (small blind) folded before Flop
Seat 2: Mahu2021 (big blind) collected (120)



PokerStars Hand #245746607549: Tournament #3639871694, $0.92+$0.08 USD Hold'em No Limit - Level IV (30/60) - 2023/09/03 13:30:01 CET [2023/09/03 7:30:01 ET]
Table '3639871694 1' 3-max Seat #2 is the button
Seat 1: Bucistar6 (804 in chips) 
Seat 2: Mahu2021 (696 in chips) 
Mahu2021: posts small blind 30
Bucistar6: posts big blind 60
*** HOLE CARDS ***
Dealt to Mahu2021 [3d Kc]
Mahu2021: calls 30
Bucistar6: checks 
*** FLOP *** [2h Ad Jh]
Bucistar6: checks 
Mahu2021: checks 
*** TURN *** [2h Ad Jh] [3c]
Bucistar6: checks 
Mahu2021: bets 60
Bucistar6: calls 60
*** RIVER *** [2h Ad Jh 3c] [Th]
Bucistar6: checks 
Mahu2021: checks 
*** SHOW DOWN ***
Bucistar6: shows [4h 4s] (a pair of Fours)
Mahu2021: mucks hand 
Bucistar6 collected 240 from pot
*** SUMMARY ***
Total pot 240 | Rake 0 
Board [2h Ad Jh 3c Th]
Seat 1: Bucistar6 (big blind) showed [4h 4s] and won (240) with a pair of Fours
Seat 2: Mahu2021 (button) (small blind) mucked [3d Kc]



PokerStars Hand #245746610890: Tournament #3639871694, $0.92+$0.08 USD Hold'em No Limit - Level IV (30/60) - 2023/09/03 13:30:19 CET [2023/09/03 7:30:19 ET]
Table '3639871694 1' 3-max Seat #1 is the button
Seat 1: Bucistar6 (924 in chips) 
Seat 2: Mahu2021 (576 in chips) 
Bucistar6: posts small blind 30
Mahu2021: posts big blind 60
*** HOLE CARDS ***
Dealt to Mahu2021 [Qd 5c]
Bucistar6: calls 30
Mahu2021: checks 
*** FLOP *** [9c Ah 3h]
Mahu2021: checks 
Bucistar6: checks 
*** TURN *** [9c Ah 3h] [4d]
Mahu2021: checks 
Bucistar6: checks 
*** RIVER *** [9c Ah 3h 4d] [3s]
Mahu2021: checks 
Bucistar6: checks 
*** SHOW DOWN ***
Mahu2021: shows [Qd 5c] (a pair of Threes)
Bucistar6: mucks hand 
Mahu2021 collected 120 from pot
*** SUMMARY ***
Total pot 120 | Rake 0 
Board [9c Ah 3h 4d 3s]
Seat 1: Bucistar6 (button) (small blind) mucked [Jh Tc]
Seat 2: Mahu2021 (big blind) showed [Qd 5c] and won (120) with a pair of Threes



PokerStars Hand #245746613532: Tournament #3639871694, $0.92+$0.08 USD Hold'em No Limit - Level IV (30/60) - 2023/09/03 13:30:34 CET [2023/09/03 7:30:34 ET]
Table '3639871694 1' 3-max Seat #2 is the button
Seat 1: Bucistar6 (864 in chips) 
Seat 2: Mahu2021 (636 in chips) 
Mahu2021: posts small blind 30
Bucistar6: posts big blind 60
*** HOLE CARDS ***
Dealt to Mahu2021 [6s 5c]
Mahu2021: calls 30
Bucistar6: checks 
*** FLOP *** [5d 3s Qd]
Bucistar6: checks 
Mahu2021: bets 60
Bucistar6: calls 60
*** TURN *** [5d 3s Qd] [2c]
Bucistar6: checks 
Mahu2021: bets 240
Bucistar6: folds 
Uncalled bet (240) returned to Mahu2021
Mahu2021 collected 240 from pot
Mahu2021: doesn't show hand 
*** SUMMARY ***
Total pot 240 | Rake 0 
Board [5d 3s Qd 2c]
Seat 1: Bucistar6 (big blind) folded on the Turn
Seat 2: Mahu2021 (button) (small blind) collected (240)



PokerStars Hand #245746616700: Tournament #3639871694, $0.92+$0.08 USD Hold'em No Limit - Level IV (30/60) - 2023/09/03 13:30:52 CET [2023/09/03 7:30:52 ET]
Table '3639871694 1' 3-max Seat #1 is the button
Seat 1: Bucistar6 (744 in chips) 
Seat 2: Mahu2021 (756 in chips) 
Bucistar6: posts small blind 30
Mahu2021: posts big blind 60
*** HOLE CARDS ***
Dealt to Mahu2021 [Ts 2h]
Bucistar6: raises 60 to 120
Mahu2021: folds 
Uncalled bet (60) returned to Bucistar6
Bucistar6 collected 120 from pot
Bucistar6: doesn't show hand 
*** SUMMARY ***
Total pot 120 | Rake 0 
Seat 1: Bucistar6 (button) (small blind) collected (120)
Seat 2: Mahu2021 (big blind) folded before Flop



PokerStars Hand #245746617581: Tournament #3639871694, $0.92+$0.08 USD Hold'em No Limit - Level IV (30/60) - 2023/09/03 13:30:57 CET [2023/09/03 7:30:57 ET]
Table '3639871694 1' 3-max Seat #2 is the button
Seat 1: Bucistar6 (804 in chips) 
Seat 2: Mahu2021 (696 in chips) 
Mahu2021: posts small blind 30
Bucistar6: posts big blind 60
*** HOLE CARDS ***
Dealt to Mahu2021 [Td 2h]
Mahu2021: folds 
Uncalled bet (30) returned to Bucistar6
Bucistar6 collected 60 from pot
Bucistar6: doesn't show hand 
*** SUMMARY ***
Total pot 60 | Rake 0 
Seat 1: Bucistar6 (big blind) collected (60)
Seat 2: Mahu2021 (button) (small blind) folded before Flop



PokerStars Hand #245746618366: Tournament #3639871694, $0.92+$0.08 USD Hold'em No Limit - Level IV (30/60) - 2023/09/03 13:31:01 CET [2023/09/03 7:31:01 ET]
Table '3639871694 1' 3-max Seat #1 is the button
Seat 1: Bucistar6 (834 in chips) 
Seat 2: Mahu2021 (666 in chips) 
Bucistar6: posts small blind 30
Mahu2021: posts big blind 60
*** HOLE CARDS ***
Dealt to Mahu2021 [4s Td]
Bucistar6: raises 60 to 120
Mahu2021: folds 
Uncalled bet (60) returned to Bucistar6
Bucistar6 collected 120 from pot
Bucistar6: doesn't show hand 
*** SUMMARY ***
Total pot 120 | Rake 0 
Seat 1: Bucistar6 (button) (small blind) collected (120)
Seat 2: Mahu2021 (big blind) folded before Flop



PokerStars Hand #245746619205: Tournament #3639871694, $0.92+$0.08 USD Hold'em No Limit - Level IV (30/60) - 2023/09/03 13:31:06 CET [2023/09/03 7:31:06 ET]
Table '3639871694 1' 3-max Seat #2 is the button
Seat 1: Bucistar6 (894 in chips) 
Seat 2: Mahu2021 (606 in chips) 
Mahu2021: posts small blind 30
Bucistar6: posts big blind 60
*** HOLE CARDS ***
Dealt to Mahu2021 [Qc 5h]
Mahu2021: calls 30
Bucistar6: checks 
*** FLOP *** [8h 9s 4d]
Bucistar6: bets 60
Mahu2021: folds 
Uncalled bet (60) returned to Bucistar6
Bucistar6 collected 120 from pot
Bucistar6: doesn't show hand 
*** SUMMARY ***
Total pot 120 | Rake 0 
Board [8h 9s 4d]
Seat 1: Bucistar6 (big blind) collected (120)
Seat 2: Mahu2021 (button) (small blind) folded on the Flop



PokerStars Hand #245746620957: Tournament #3639871694, $0.92+$0.08 USD Hold'em No Limit - Level IV (30/60) - 2023/09/03 13:31:15 CET [2023/09/03 7:31:15 ET]
Table '3639871694 1' 3-max Seat #1 is the button
Seat 1: Bucistar6 (954 in chips) 
Seat 2: Mahu2021 (546 in chips) 
Bucistar6: posts small blind 30
Mahu2021: posts big blind 60
*** HOLE CARDS ***
Dealt to Mahu2021 [4s 6d]
Bucistar6: raises 60 to 120
Mahu2021: calls 60
*** FLOP *** [Ks 3d 3h]
Mahu2021: checks 
Bucistar6: checks 
*** TURN *** [Ks 3d 3h] [Kh]
Mahu2021: bets 426 and is all-in
Bucistar6: calls 426
*** RIVER *** [Ks 3d 3h Kh] [Qs]
*** SHOW DOWN ***
Mahu2021: shows [4s 6d] (two pair, Kings and Threes)
Bucistar6: shows [6h Th] (two pair, Kings and Threes)
Mahu2021 collected 546 from pot
Bucistar6 collected 546 from pot
*** SUMMARY ***
Total pot 1092 | Rake 0 
Board [Ks 3d 3h Kh Qs]
Seat 1: Bucistar6 (button) (small blind) showed [6h Th] and won (546) with two pair, Kings and Threes
Seat 2: Mahu2021 (big blind) showed [4s 6d] and won (546) with two pair, Kings and Threes



PokerStars Hand #245746624408: Tournament #3639871694, $0.92+$0.08 USD Hold'em No Limit - Level IV (30/60) - 2023/09/03 13:31:35 CET [2023/09/03 7:31:35 ET]
Table '3639871694 1' 3-max Seat #2 is the button
Seat 1: Bucistar6 (954 in chips) 
Seat 2: Mahu2021 (546 in chips) 
Mahu2021: posts small blind 30
Bucistar6: posts big blind 60
*** HOLE CARDS ***
Dealt to Mahu2021 [Tc 2d]
Mahu2021: folds 
Uncalled bet (30) returned to Bucistar6
Bucistar6 collected 60 from pot
Bucistar6: doesn't show hand 
*** SUMMARY ***
Total pot 60 | Rake 0 
Seat 1: Bucistar6 (big blind) collected (60)
Seat 2: Mahu2021 (button) (small blind) folded before Flop



PokerStars Hand #245746625276: Tournament #3639871694, $0.92+$0.08 USD Hold'em No Limit - Level IV (30/60) - 2023/09/03 13:31:39 CET [2023/09/03 7:31:39 ET]
Table '3639871694 1' 3-max Seat #1 is the button
Seat 1: Bucistar6 (984 in chips) 
Seat 2: Mahu2021 (516 in chips) 
Bucistar6: posts small blind 30
Mahu2021: posts big blind 60
*** HOLE CARDS ***
Dealt to Mahu2021 [Th Qc]
Bucistar6: raises 60 to 120
Mahu2021: raises 396 to 516 and is all-in
Bucistar6: calls 396
*** FLOP *** [9s 2s 4h]
*** TURN *** [9s 2s 4h] [3d]
*** RIVER *** [9s 2s 4h 3d] [Qh]
*** SHOW DOWN ***
Mahu2021: shows [Th Qc] (a pair of Queens)
Bucistar6: shows [Ad 7s] (high card Ace)
Mahu2021 collected 1032 from pot
*** SUMMARY ***
Total pot 1032 | Rake 0 
Board [9s 2s 4h 3d Qh]
Seat 1: Bucistar6 (button) (small blind) showed [Ad 7s] and lost with high card Ace
Seat 2: Mahu2021 (big blind) showed [Th Qc] and won (1032) with a pair of Queens



PokerStars Hand #245746628088: Tournament #3639871694, $0.92+$0.08 USD Hold'em No Limit - Level IV (30/60) - 2023/09/03 13:31:55 CET [2023/09/03 7:31:55 ET]
Table '3639871694 1' 3-max Seat #2 is the button
Seat 1: Bucistar6 (468 in chips) 
Seat 2: Mahu2021 (1032 in chips) 
Mahu2021: posts small blind 30
Bucistar6: posts big blind 60
*** HOLE CARDS ***
Dealt to Mahu2021 [6c 2d]
Mahu2021: folds 
Uncalled bet (30) returned to Bucistar6
Bucistar6 collected 60 from pot
Bucistar6: doesn't show hand 
*** SUMMARY ***
Total pot 60 | Rake 0 
Seat 1: Bucistar6 (big blind) collected (60)
Seat 2: Mahu2021 (button) (small blind) folded before Flop



PokerStars Hand #245746628866: Tournament #3639871694, $0.92+$0.08 USD Hold'em No Limit - Level IV (30/60) - 2023/09/03 13:31:59 CET [2023/09/03 7:31:59 ET]
Table '3639871694 1' 3-max Seat #1 is the button
Seat 1: Bucistar6 (498 in chips) 
Seat 2: Mahu2021 (1002 in chips) 
Bucistar6: posts small blind 30
Mahu2021: posts big blind 60
*** HOLE CARDS ***
Dealt to Mahu2021 [Kc 2s]
Bucistar6: raises 438 to 498 and is all-in
Mahu2021: folds 
Uncalled bet (438) returned to Bucistar6
Bucistar6 collected 120 from pot
Bucistar6: doesn't show hand 
*** SUMMARY ***
Total pot 120 | Rake 0 
Seat 1: Bucistar6 (button) (small blind) collected (120)
Seat 2: Mahu2021 (big blind) folded before Flop



PokerStars Hand #245746630410: Tournament #3639871694, $0.92+$0.08 USD Hold'em No Limit - Level IV (30/60) - 2023/09/03 13:32:08 CET [2023/09/03 7:32:08 ET]
Table '3639871694 1' 3-max Seat #2 is the button
Seat 1: Bucistar6 (558 in chips) 
Seat 2: Mahu2021 (942 in chips) 
Mahu2021: posts small blind 30
Bucistar6: posts big blind 60
*** HOLE CARDS ***
Dealt to Mahu2021 [5h Qd]
Mahu2021: calls 30
Bucistar6: checks 
*** FLOP *** [Jd 4h 8d]
Bucistar6: bets 60
Mahu2021: folds 
Uncalled bet (60) returned to Bucistar6
Bucistar6 collected 120 from pot
Bucistar6: doesn't show hand 
*** SUMMARY ***
Total pot 120 | Rake 0 
Board [Jd 4h 8d]
Seat 1: Bucistar6 (big blind) collected (120)
Seat 2: Mahu2021 (button) (small blind) folded on the Flop



PokerStars Hand #245746632265: Tournament #3639871694, $0.92+$0.08 USD Hold'em No Limit - Level IV (30/60) - 2023/09/03 13:32:18 CET [2023/09/03 7:32:18 ET]
Table '3639871694 1' 3-max Seat #1 is the button
Seat 1: Bucistar6 (618 in chips) 
Seat 2: Mahu2021 (882 in chips) 
Bucistar6: posts small blind 30
Mahu2021: posts big blind 60
*** HOLE CARDS ***
Dealt to Mahu2021 [5s Qd]
Bucistar6: folds 
Uncalled bet (30) returned to Mahu2021
Mahu2021 collected 60 from pot
Mahu2021: doesn't show hand 
*** SUMMARY ***
Total pot 60 | Rake 0 
Seat 1: Bucistar6 (button) (small blind) folded before Flop
Seat 2: Mahu2021 (big blind) collected (60)



PokerStars Hand #245746633148: Tournament #3639871694, $0.92+$0.08 USD Hold'em No Limit - Level IV (30/60) - 2023/09/03 13:32:23 CET [2023/09/03 7:32:23 ET]
Table '3639871694 1' 3-max Seat #2 is the button
Seat 1: Bucistar6 (588 in chips) 
Seat 2: Mahu2021 (912 in chips) 
Mahu2021: posts small blind 30
Bucistar6: posts big blind 60
*** HOLE CARDS ***
Dealt to Mahu2021 [9s 7c]
Mahu2021: calls 30
Bucistar6: raises 60 to 120
Mahu2021: calls 60
*** FLOP *** [Jh 9d 5c]
Bucistar6: bets 180
Mahu2021: raises 612 to 792 and is all-in
Bucistar6: calls 288 and is all-in
Uncalled bet (324) returned to Mahu2021
*** TURN *** [Jh 9d 5c] [Kh]
*** RIVER *** [Jh 9d 5c Kh] [2h]
*** SHOW DOWN ***
Bucistar6: shows [8d 8h] (a pair of Eights)
Mahu2021: shows [9s 7c] (a pair of Nines)
Mahu2021 collected 1176 from pot
Bucistar6 finished the tournament in 2nd place
Mahu2021 wins the tournament and receives $3.00 - congratulations!
*** SUMMARY ***
Total pot 1176 | Rake 0 
Board [Jh 9d 5c Kh 2h]
Seat 1: Bucistar6 (big blind) showed [8d 8h] and lost with a pair of Eights
Seat 2: Mahu2021 (button) (small blind) showed [9s 7c] and won (1176) with a pair of Nines



