PokerStars Hand #242979241346: Tournament #3574938511, $0.92+$0.08 USD Hold'em No Limit - Level I (10/20) - 2023/04/09 9:25:29 CET [2023/04/09 3:25:29 ET]
Table '3574938511 1' 3-max Seat #1 is the button
Seat 1: Mahu2021 (500 in chips) 
Seat 2: Kingo0815 (500 in chips) 
Seat 3: CYP1973 (500 in chips) 
Kingo0815: posts small blind 10
CYP1973: posts big blind 20
*** HOLE CARDS ***
Dealt to Mahu2021 [7h 9c]
Mahu2021: folds 
Kingo0815: calls 10
CYP1973: checks 
*** FLOP *** [2s Kd Qc]
Kingo0815: checks 
CYP1973: bets 20
Kingo0815: folds 
Uncalled bet (20) returned to CYP1973
CYP1973 collected 40 from pot
*** SUMMARY ***
Total pot 40 | Rake 0 
Board [2s Kd Qc]
Seat 1: Mahu2021 (button) folded before Flop (didn't bet)
Seat 2: Kingo0815 (small blind) folded on the Flop
Seat 3: CYP1973 (big blind) collected (40)



PokerStars Hand #242979243110: Tournament #3574938511, $0.92+$0.08 USD Hold'em No Limit - Level I (10/20) - 2023/04/09 9:25:44 CET [2023/04/09 3:25:44 ET]
Table '3574938511 1' 3-max Seat #2 is the button
Seat 1: Mahu2021 (500 in chips) 
Seat 2: Kingo0815 (480 in chips) 
Seat 3: CYP1973 (520 in chips) 
CYP1973: posts small blind 10
Mahu2021: posts big blind 20
*** HOLE CARDS ***
Dealt to Mahu2021 [2c Ad]
Kingo0815: raises 20 to 40
CYP1973: calls 30
Mahu2021: calls 20
*** FLOP *** [Ks Qs 2s]
CYP1973: checks 
Mahu2021: checks 
Kingo0815: bets 60
CYP1973: calls 60
Mahu2021: folds 
*** TURN *** [Ks Qs 2s] [4s]
CYP1973: checks 
Kingo0815: checks 
*** RIVER *** [Ks Qs 2s 4s] [5h]
CYP1973: checks 
Kingo0815: bets 120
CYP1973: raises 120 to 240
Kingo0815: folds 
Uncalled bet (120) returned to CYP1973
CYP1973 collected 480 from pot
*** SUMMARY ***
Total pot 480 | Rake 0 
Board [Ks Qs 2s 4s 5h]
Seat 1: Mahu2021 (big blind) folded on the Flop
Seat 2: Kingo0815 (button) folded on the River
Seat 3: CYP1973 (small blind) collected (480)



PokerStars Hand #242979246826: Tournament #3574938511, $0.92+$0.08 USD Hold'em No Limit - Level I (10/20) - 2023/04/09 9:26:14 CET [2023/04/09 3:26:14 ET]
Table '3574938511 1' 3-max Seat #3 is the button
Seat 1: Mahu2021 (460 in chips) 
Seat 2: Kingo0815 (260 in chips) 
Seat 3: CYP1973 (780 in chips) 
Mahu2021: posts small blind 10
Kingo0815: posts big blind 20
*** HOLE CARDS ***
Dealt to Mahu2021 [3h Jc]
CYP1973: calls 20
Mahu2021: folds 
Kingo0815: checks 
*** FLOP *** [Kc 9h 2d]
Kingo0815: checks 
CYP1973: checks 
*** TURN *** [Kc 9h 2d] [8s]
Kingo0815: checks 
CYP1973: checks 
*** RIVER *** [Kc 9h 2d 8s] [4c]
Kingo0815: checks 
CYP1973: checks 
*** SHOW DOWN ***
Kingo0815: shows [6s 2h] (a pair of Deuces)
CYP1973: mucks hand 
Kingo0815 collected 50 from pot
*** SUMMARY ***
Total pot 50 | Rake 0 
Board [Kc 9h 2d 8s 4c]
Seat 1: Mahu2021 (small blind) folded before Flop
Seat 2: Kingo0815 (big blind) showed [6s 2h] and won (50) with a pair of Deuces
Seat 3: CYP1973 (button) mucked [As 6h]



PokerStars Hand #242979249069: Tournament #3574938511, $0.92+$0.08 USD Hold'em No Limit - Level I (10/20) - 2023/04/09 9:26:32 CET [2023/04/09 3:26:32 ET]
Table '3574938511 1' 3-max Seat #1 is the button
Seat 1: Mahu2021 (450 in chips) 
Seat 2: Kingo0815 (290 in chips) 
Seat 3: CYP1973 (760 in chips) 
Kingo0815: posts small blind 10
CYP1973: posts big blind 20
*** HOLE CARDS ***
Dealt to Mahu2021 [5s As]
Mahu2021: raises 20 to 40
Kingo0815: calls 30
CYP1973: calls 20
*** FLOP *** [Kd 7d Qs]
Kingo0815: checks 
CYP1973: checks 
Mahu2021: checks 
*** TURN *** [Kd 7d Qs] [6s]
Kingo0815: checks 
CYP1973: checks 
Mahu2021: bets 120
Kingo0815: folds 
CYP1973: folds 
Uncalled bet (120) returned to Mahu2021
Mahu2021 collected 120 from pot
Mahu2021: doesn't show hand 
*** SUMMARY ***
Total pot 120 | Rake 0 
Board [Kd 7d Qs 6s]
Seat 1: Mahu2021 (button) collected (120)
Seat 2: Kingo0815 (small blind) folded on the Turn
Seat 3: CYP1973 (big blind) folded on the Turn



PokerStars Hand #242979252520: Tournament #3574938511, $0.92+$0.08 USD Hold'em No Limit - Level I (10/20) - 2023/04/09 9:27:00 CET [2023/04/09 3:27:00 ET]
Table '3574938511 1' 3-max Seat #2 is the button
Seat 1: Mahu2021 (530 in chips) 
Seat 2: Kingo0815 (250 in chips) 
Seat 3: CYP1973 (720 in chips) 
CYP1973: posts small blind 10
Mahu2021: posts big blind 20
*** HOLE CARDS ***
Dealt to Mahu2021 [Ac 6d]
Kingo0815: calls 20
CYP1973: calls 10
Mahu2021: checks 
*** FLOP *** [Ks 2s 9h]
CYP1973: checks 
Mahu2021: checks 
Kingo0815: bets 60
CYP1973: folds 
Mahu2021: folds 
Uncalled bet (60) returned to Kingo0815
Kingo0815 collected 60 from pot
*** SUMMARY ***
Total pot 60 | Rake 0 
Board [Ks 2s 9h]
Seat 1: Mahu2021 (big blind) folded on the Flop
Seat 2: Kingo0815 (button) collected (60)
Seat 3: CYP1973 (small blind) folded on the Flop



PokerStars Hand #242979254802: Tournament #3574938511, $0.92+$0.08 USD Hold'em No Limit - Level I (10/20) - 2023/04/09 9:27:19 CET [2023/04/09 3:27:19 ET]
Table '3574938511 1' 3-max Seat #3 is the button
Seat 1: Mahu2021 (510 in chips) 
Seat 2: Kingo0815 (290 in chips) 
Seat 3: CYP1973 (700 in chips) 
Mahu2021: posts small blind 10
Kingo0815: posts big blind 20
*** HOLE CARDS ***
Dealt to Mahu2021 [8d 7s]
CYP1973: calls 20
Mahu2021: calls 10
Kingo0815: checks 
*** FLOP *** [Kd Td 8h]
Mahu2021: checks 
Kingo0815: checks 
CYP1973: checks 
*** TURN *** [Kd Td 8h] [Ah]
Mahu2021: checks 
Kingo0815: checks 
CYP1973: checks 
*** RIVER *** [Kd Td 8h Ah] [Tc]
Mahu2021: bets 20
Kingo0815: folds 
CYP1973: folds 
Uncalled bet (20) returned to Mahu2021
Mahu2021 collected 60 from pot
Mahu2021: doesn't show hand 
*** SUMMARY ***
Total pot 60 | Rake 0 
Board [Kd Td 8h Ah Tc]
Seat 1: Mahu2021 (small blind) collected (60)
Seat 2: Kingo0815 (big blind) folded on the River
Seat 3: CYP1973 (button) folded on the River



PokerStars Hand #242979258524: Tournament #3574938511, $0.92+$0.08 USD Hold'em No Limit - Level II (15/30) - 2023/04/09 9:27:50 CET [2023/04/09 3:27:50 ET]
Table '3574938511 1' 3-max Seat #1 is the button
Seat 1: Mahu2021 (550 in chips) 
Seat 2: Kingo0815 (270 in chips) 
Seat 3: CYP1973 (680 in chips) 
Kingo0815: posts small blind 15
CYP1973: posts big blind 30
*** HOLE CARDS ***
Dealt to Mahu2021 [6h 4d]
Mahu2021: folds 
Kingo0815: calls 15
CYP1973: checks 
*** FLOP *** [Qh 9s 5c]
Kingo0815: bets 60
CYP1973: calls 60
*** TURN *** [Qh 9s 5c] [6d]
Kingo0815: bets 180 and is all-in
CYP1973: calls 180
*** RIVER *** [Qh 9s 5c 6d] [8s]
*** SHOW DOWN ***
Kingo0815: shows [Ts 5s] (a pair of Fives)
CYP1973: shows [9c 8d] (two pair, Nines and Eights)
CYP1973 collected 540 from pot
Kingo0815 finished the tournament in 3rd place
*** SUMMARY ***
Total pot 540 | Rake 0 
Board [Qh 9s 5c 6d 8s]
Seat 1: Mahu2021 (button) folded before Flop (didn't bet)
Seat 2: Kingo0815 (small blind) showed [Ts 5s] and lost with a pair of Fives
Seat 3: CYP1973 (big blind) showed [9c 8d] and won (540) with two pair, Nines and Eights



PokerStars Hand #242979261764: Tournament #3574938511, $0.92+$0.08 USD Hold'em No Limit - Level II (15/30) - 2023/04/09 9:28:16 CET [2023/04/09 3:28:16 ET]
Table '3574938511 1' 3-max Seat #3 is the button
Seat 1: Mahu2021 (550 in chips) 
Seat 3: CYP1973 (950 in chips) 
CYP1973: posts small blind 15
Mahu2021: posts big blind 30
*** HOLE CARDS ***
Dealt to Mahu2021 [9h Ad]
CYP1973: calls 15
Mahu2021: raises 60 to 90
CYP1973: calls 60
*** FLOP *** [7h 8d 3c]
Mahu2021: bets 460 and is all-in
CYP1973: folds 
Uncalled bet (460) returned to Mahu2021
Mahu2021 collected 180 from pot
Mahu2021: doesn't show hand 
*** SUMMARY ***
Total pot 180 | Rake 0 
Board [7h 8d 3c]
Seat 1: Mahu2021 (big blind) collected (180)
Seat 3: CYP1973 (button) (small blind) folded on the Flop



PokerStars Hand #242979263890: Tournament #3574938511, $0.92+$0.08 USD Hold'em No Limit - Level II (15/30) - 2023/04/09 9:28:33 CET [2023/04/09 3:28:33 ET]
Table '3574938511 1' 3-max Seat #1 is the button
Seat 1: Mahu2021 (640 in chips) 
Seat 3: CYP1973 (860 in chips) 
Mahu2021: posts small blind 15
CYP1973: posts big blind 30
*** HOLE CARDS ***
Dealt to Mahu2021 [3c 4d]
Mahu2021: calls 15
CYP1973: checks 
*** FLOP *** [Jc 5s Ad]
CYP1973: checks 
Mahu2021: checks 
*** TURN *** [Jc 5s Ad] [Tc]
CYP1973: checks 
Mahu2021: checks 
*** RIVER *** [Jc 5s Ad Tc] [6s]
CYP1973: checks 
Mahu2021: checks 
*** SHOW DOWN ***
CYP1973: shows [5d 7c] (a pair of Fives)
Mahu2021: mucks hand 
CYP1973 collected 60 from pot
*** SUMMARY ***
Total pot 60 | Rake 0 
Board [Jc 5s Ad Tc 6s]
Seat 1: Mahu2021 (button) (small blind) mucked [3c 4d]
Seat 3: CYP1973 (big blind) showed [5d 7c] and won (60) with a pair of Fives



PokerStars Hand #242979266026: Tournament #3574938511, $0.92+$0.08 USD Hold'em No Limit - Level II (15/30) - 2023/04/09 9:28:50 CET [2023/04/09 3:28:50 ET]
Table '3574938511 1' 3-max Seat #3 is the button
Seat 1: Mahu2021 (610 in chips) 
Seat 3: CYP1973 (890 in chips) 
CYP1973: posts small blind 15
Mahu2021: posts big blind 30
*** HOLE CARDS ***
Dealt to Mahu2021 [7s Qh]
CYP1973: calls 15
Mahu2021: checks 
*** FLOP *** [5c 6h Jh]
Mahu2021: checks 
CYP1973: checks 
*** TURN *** [5c 6h Jh] [8c]
Mahu2021: checks 
CYP1973: checks 
*** RIVER *** [5c 6h Jh 8c] [Ah]
Mahu2021: checks 
CYP1973: bets 30
Mahu2021: folds 
Uncalled bet (30) returned to CYP1973
CYP1973 collected 60 from pot
*** SUMMARY ***
Total pot 60 | Rake 0 
Board [5c 6h Jh 8c Ah]
Seat 1: Mahu2021 (big blind) folded on the River
Seat 3: CYP1973 (button) (small blind) collected (60)



PokerStars Hand #242979268166: Tournament #3574938511, $0.92+$0.08 USD Hold'em No Limit - Level II (15/30) - 2023/04/09 9:29:08 CET [2023/04/09 3:29:08 ET]
Table '3574938511 1' 3-max Seat #1 is the button
Seat 1: Mahu2021 (580 in chips) 
Seat 3: CYP1973 (920 in chips) 
Mahu2021: posts small blind 15
CYP1973: posts big blind 30
*** HOLE CARDS ***
Dealt to Mahu2021 [Kh 4c]
Mahu2021: calls 15
CYP1973: checks 
*** FLOP *** [6d 7h 5c]
CYP1973: bets 60
Mahu2021: calls 60
*** TURN *** [6d 7h 5c] [Jd]
CYP1973: bets 90
Mahu2021: calls 90
*** RIVER *** [6d 7h 5c Jd] [9d]
CYP1973: checks 
Mahu2021: bets 400 and is all-in
CYP1973: folds 
Uncalled bet (400) returned to Mahu2021
Mahu2021 collected 360 from pot
Mahu2021: doesn't show hand 
*** SUMMARY ***
Total pot 360 | Rake 0 
Board [6d 7h 5c Jd 9d]
Seat 1: Mahu2021 (button) (small blind) collected (360)
Seat 3: CYP1973 (big blind) folded on the River



PokerStars Hand #242979272076: Tournament #3574938511, $0.92+$0.08 USD Hold'em No Limit - Level III (20/40) - 2023/04/09 9:29:40 CET [2023/04/09 3:29:40 ET]
Table '3574938511 1' 3-max Seat #3 is the button
Seat 1: Mahu2021 (760 in chips) 
Seat 3: CYP1973 (740 in chips) 
CYP1973: posts small blind 20
Mahu2021: posts big blind 40
*** HOLE CARDS ***
Dealt to Mahu2021 [8h Ts]
CYP1973: calls 20
Mahu2021: checks 
*** FLOP *** [2c 6c 5d]
Mahu2021: checks 
CYP1973: bets 40
Mahu2021: folds 
Uncalled bet (40) returned to CYP1973
CYP1973 collected 80 from pot
*** SUMMARY ***
Total pot 80 | Rake 0 
Board [2c 6c 5d]
Seat 1: Mahu2021 (big blind) folded on the Flop
Seat 3: CYP1973 (button) (small blind) collected (80)



PokerStars Hand #242979273510: Tournament #3574938511, $0.92+$0.08 USD Hold'em No Limit - Level III (20/40) - 2023/04/09 9:29:52 CET [2023/04/09 3:29:52 ET]
Table '3574938511 1' 3-max Seat #1 is the button
Seat 1: Mahu2021 (720 in chips) 
Seat 3: CYP1973 (780 in chips) 
Mahu2021: posts small blind 20
CYP1973: posts big blind 40
*** HOLE CARDS ***
Dealt to Mahu2021 [Jd Qd]
Mahu2021: calls 20
CYP1973: checks 
*** FLOP *** [5s 6d Jh]
CYP1973: bets 40
Mahu2021: calls 40
*** TURN *** [5s 6d Jh] [2d]
CYP1973: bets 40
Mahu2021: calls 40
*** RIVER *** [5s 6d Jh 2d] [7h]
CYP1973: checks 
Mahu2021: checks 
*** SHOW DOWN ***
CYP1973: shows [6s 2c] (two pair, Sixes and Deuces)
Mahu2021: mucks hand 
CYP1973 collected 240 from pot
*** SUMMARY ***
Total pot 240 | Rake 0 
Board [5s 6d Jh 2d 7h]
Seat 1: Mahu2021 (button) (small blind) mucked [Jd Qd]
Seat 3: CYP1973 (big blind) showed [6s 2c] and won (240) with two pair, Sixes and Deuces



PokerStars Hand #242979275518: Tournament #3574938511, $0.92+$0.08 USD Hold'em No Limit - Level III (20/40) - 2023/04/09 9:30:08 CET [2023/04/09 3:30:08 ET]
Table '3574938511 1' 3-max Seat #3 is the button
Seat 1: Mahu2021 (600 in chips) 
Seat 3: CYP1973 (900 in chips) 
CYP1973: posts small blind 20
Mahu2021: posts big blind 40
*** HOLE CARDS ***
Dealt to Mahu2021 [Jc Qc]
CYP1973: calls 20
Mahu2021: raises 80 to 120
CYP1973: calls 80
*** FLOP *** [6h 8d Kd]
Mahu2021: checks 
CYP1973: checks 
*** TURN *** [6h 8d Kd] [5h]
Mahu2021: checks 
CYP1973: bets 40
Mahu2021: folds 
Uncalled bet (40) returned to CYP1973
CYP1973 collected 240 from pot
*** SUMMARY ***
Total pot 240 | Rake 0 
Board [6h 8d Kd 5h]
Seat 1: Mahu2021 (big blind) folded on the Turn
Seat 3: CYP1973 (button) (small blind) collected (240)



PokerStars Hand #242979277771: Tournament #3574938511, $0.92+$0.08 USD Hold'em No Limit - Level III (20/40) - 2023/04/09 9:30:27 CET [2023/04/09 3:30:27 ET]
Table '3574938511 1' 3-max Seat #1 is the button
Seat 1: Mahu2021 (480 in chips) 
Seat 3: CYP1973 (1020 in chips) 
Mahu2021: posts small blind 20
CYP1973: posts big blind 40
*** HOLE CARDS ***
Dealt to Mahu2021 [4d 3h]
Mahu2021: folds 
Uncalled bet (20) returned to CYP1973
CYP1973 collected 40 from pot
*** SUMMARY ***
Total pot 40 | Rake 0 
Seat 1: Mahu2021 (button) (small blind) folded before Flop
Seat 3: CYP1973 (big blind) collected (40)



PokerStars Hand #242979278324: Tournament #3574938511, $0.92+$0.08 USD Hold'em No Limit - Level III (20/40) - 2023/04/09 9:30:32 CET [2023/04/09 3:30:32 ET]
Table '3574938511 1' 3-max Seat #3 is the button
Seat 1: Mahu2021 (460 in chips) 
Seat 3: CYP1973 (1040 in chips) 
CYP1973: posts small blind 20
Mahu2021: posts big blind 40
*** HOLE CARDS ***
Dealt to Mahu2021 [3d 7s]
CYP1973: calls 20
Mahu2021: checks 
*** FLOP *** [5d Kc Qs]
Mahu2021: checks 
CYP1973: bets 40
Mahu2021: folds 
Uncalled bet (40) returned to CYP1973
CYP1973 collected 80 from pot
*** SUMMARY ***
Total pot 80 | Rake 0 
Board [5d Kc Qs]
Seat 1: Mahu2021 (big blind) folded on the Flop
Seat 3: CYP1973 (button) (small blind) collected (80)



PokerStars Hand #242979279625: Tournament #3574938511, $0.92+$0.08 USD Hold'em No Limit - Level III (20/40) - 2023/04/09 9:30:42 CET [2023/04/09 3:30:42 ET]
Table '3574938511 1' 3-max Seat #1 is the button
Seat 1: Mahu2021 (420 in chips) 
Seat 3: CYP1973 (1080 in chips) 
Mahu2021: posts small blind 20
CYP1973: posts big blind 40
*** HOLE CARDS ***
Dealt to Mahu2021 [5c 3d]
Mahu2021: folds 
Uncalled bet (20) returned to CYP1973
CYP1973 collected 40 from pot
*** SUMMARY ***
Total pot 40 | Rake 0 
Seat 1: Mahu2021 (button) (small blind) folded before Flop
Seat 3: CYP1973 (big blind) collected (40)



PokerStars Hand #242979280170: Tournament #3574938511, $0.92+$0.08 USD Hold'em No Limit - Level III (20/40) - 2023/04/09 9:30:47 CET [2023/04/09 3:30:47 ET]
Table '3574938511 1' 3-max Seat #3 is the button
Seat 1: Mahu2021 (400 in chips) 
Seat 3: CYP1973 (1100 in chips) 
CYP1973: posts small blind 20
Mahu2021: posts big blind 40
*** HOLE CARDS ***
Dealt to Mahu2021 [Ad 9s]
CYP1973: calls 20
Mahu2021: raises 360 to 400 and is all-in
CYP1973: folds 
Uncalled bet (360) returned to Mahu2021
Mahu2021 collected 80 from pot
Mahu2021: doesn't show hand 
*** SUMMARY ***
Total pot 80 | Rake 0 
Seat 1: Mahu2021 (big blind) collected (80)
Seat 3: CYP1973 (button) (small blind) folded before Flop



PokerStars Hand #242979281166: Tournament #3574938511, $0.92+$0.08 USD Hold'em No Limit - Level III (20/40) - 2023/04/09 9:30:55 CET [2023/04/09 3:30:55 ET]
Table '3574938511 1' 3-max Seat #1 is the button
Seat 1: Mahu2021 (440 in chips) 
Seat 3: CYP1973 (1060 in chips) 
Mahu2021: posts small blind 20
CYP1973: posts big blind 40
*** HOLE CARDS ***
Dealt to Mahu2021 [Kc 3d]
Mahu2021: raises 400 to 440 and is all-in
CYP1973: calls 400
*** FLOP *** [7d 2h 6h]
*** TURN *** [7d 2h 6h] [8s]
*** RIVER *** [7d 2h 6h 8s] [Qh]
*** SHOW DOWN ***
CYP1973: shows [Th Jh] (a flush, Queen high)
Mahu2021: shows [Kc 3d] (high card King)
CYP1973 collected 880 from pot
Mahu2021 finished the tournament in 2nd place
CYP1973 wins the tournament and receives $2.00 - congratulations!
*** SUMMARY ***
Total pot 880 | Rake 0 
Board [7d 2h 6h 8s Qh]
Seat 1: Mahu2021 (button) (small blind) showed [Kc 3d] and lost with high card King
Seat 3: CYP1973 (big blind) showed [Th Jh] and won (880) with a flush, Queen high



