PokerStars Hand #252330704297: Tournament #3795439053, $1.40+$0.10 USD Hold'em No Limit - Level I (50/100) - 2024/09/07 15:04:50 CET [2024/09/07 9:04:50 ET]
Table '3795439053 6' 8-max Seat #1 is the button
Seat 1: BobWagner29 (10000 in chips) 
Seat 2: markiz2006 (10000 in chips) 
Seat 3: Mahu2021 (10000 in chips) 
Seat 4: spirakos1982 (10000 in chips) 
Seat 5: Paskaaaaaal (10000 in chips) 
Seat 6: Aidy703 (10000 in chips) 
Seat 7: The_Grimshaw (10000 in chips) 
Seat 8: DNVS23 (10000 in chips) 
BobWagner29: posts the ante 10
markiz2006: posts the ante 10
Mahu2021: posts the ante 10
spirakos1982: posts the ante 10
Paskaaaaaal: posts the ante 10
Aidy703: posts the ante 10
The_Grimshaw: posts the ante 10
DNVS23: posts the ante 10
markiz2006: posts small blind 50
Mahu2021: posts big blind 100
*** HOLE CARDS ***
Dealt to Mahu2021 [3c 8h]
spirakos1982: folds 
Paskaaaaaal: calls 100
Aidy703: folds 
The_Grimshaw: raises 100 to 200
DNVS23: calls 200
BobWagner29: folds 
markiz2006: folds 
Mahu2021: folds 
Paskaaaaaal: calls 100
*** FLOP *** [8d Ac 4h]
Paskaaaaaal: bets 415
The_Grimshaw: folds 
DNVS23: folds 
Uncalled bet (415) returned to Paskaaaaaal
Paskaaaaaal collected 830 from pot
*** SUMMARY ***
Total pot 830 | Rake 0 
Board [8d Ac 4h]
Seat 1: BobWagner29 (button) folded before Flop (didn't bet)
Seat 2: markiz2006 (small blind) folded before Flop
Seat 3: Mahu2021 (big blind) folded before Flop
Seat 4: spirakos1982 folded before Flop (didn't bet)
Seat 5: Paskaaaaaal collected (830)
Seat 6: Aidy703 folded before Flop (didn't bet)
Seat 7: The_Grimshaw folded on the Flop
Seat 8: DNVS23 folded on the Flop



PokerStars Hand #252330712224: Tournament #3795439053, $1.40+$0.10 USD Hold'em No Limit - Level I (50/100) - 2024/09/07 15:05:33 CET [2024/09/07 9:05:33 ET]
Table '3795439053 6' 8-max Seat #2 is the button
Seat 1: BobWagner29 (9990 in chips) 
Seat 2: markiz2006 (9940 in chips) 
Seat 3: Mahu2021 (9890 in chips) 
Seat 5: Paskaaaaaal (10620 in chips) 
Seat 6: Aidy703 (9990 in chips) 
Seat 7: The_Grimshaw (9790 in chips) 
Seat 8: DNVS23 (9790 in chips) 
BobWagner29: posts the ante 10
markiz2006: posts the ante 10
Mahu2021: posts the ante 10
Paskaaaaaal: posts the ante 10
Aidy703: posts the ante 10
The_Grimshaw: posts the ante 10
DNVS23: posts the ante 10
Mahu2021: posts small blind 50
Paskaaaaaal: posts big blind 100
*** HOLE CARDS ***
Dealt to Mahu2021 [5s Ts]
Aidy703: folds 
The_Grimshaw: folds 
DNVS23: folds 
BobWagner29: folds 
markiz2006: folds 
Mahu2021: folds 
Uncalled bet (50) returned to Paskaaaaaal
Paskaaaaaal collected 170 from pot
*** SUMMARY ***
Total pot 170 | Rake 0 
Seat 1: BobWagner29 folded before Flop (didn't bet)
Seat 2: markiz2006 (button) folded before Flop (didn't bet)
Seat 3: Mahu2021 (small blind) folded before Flop
Seat 5: Paskaaaaaal (big blind) collected (170)
Seat 6: Aidy703 folded before Flop (didn't bet)
Seat 7: The_Grimshaw folded before Flop (didn't bet)
Seat 8: DNVS23 folded before Flop (didn't bet)



PokerStars Hand #252330715630: Tournament #3795439053, $1.40+$0.10 USD Hold'em No Limit - Level I (50/100) - 2024/09/07 15:05:52 CET [2024/09/07 9:05:52 ET]
Table '3795439053 6' 8-max Seat #3 is the button
Seat 1: BobWagner29 (9980 in chips) 
Seat 2: markiz2006 (9930 in chips) 
Seat 3: Mahu2021 (9830 in chips) 
Seat 5: Paskaaaaaal (10730 in chips) 
Seat 6: Aidy703 (9980 in chips) 
Seat 7: The_Grimshaw (9780 in chips) 
Seat 8: DNVS23 (9780 in chips) 
BobWagner29: posts the ante 10
markiz2006: posts the ante 10
Mahu2021: posts the ante 10
Paskaaaaaal: posts the ante 10
Aidy703: posts the ante 10
The_Grimshaw: posts the ante 10
DNVS23: posts the ante 10
Paskaaaaaal: posts small blind 50
Aidy703: posts big blind 100
*** HOLE CARDS ***
Dealt to Mahu2021 [5c 2h]
The_Grimshaw: folds 
DNVS23: folds 
BobWagner29: folds 
markiz2006: folds 
Mahu2021: folds 
Paskaaaaaal: calls 50
Aidy703: raises 200 to 300
Paskaaaaaal: calls 200
*** FLOP *** [Qs Qc 8s]
Paskaaaaaal: bets 335
Aidy703: calls 335
*** TURN *** [Qs Qc 8s] [2s]
Paskaaaaaal: bets 200
Aidy703: calls 200
*** RIVER *** [Qs Qc 8s 2s] [7c]
Paskaaaaaal: checks 
Aidy703: checks 
*** SHOW DOWN ***
Paskaaaaaal: shows [Ac 4d] (a pair of Queens)
Aidy703: mucks hand 
Paskaaaaaal collected 1740 from pot
*** SUMMARY ***
Total pot 1740 | Rake 0 
Board [Qs Qc 8s 2s 7c]
Seat 1: BobWagner29 folded before Flop (didn't bet)
Seat 2: markiz2006 folded before Flop (didn't bet)
Seat 3: Mahu2021 (button) folded before Flop (didn't bet)
Seat 5: Paskaaaaaal (small blind) showed [Ac 4d] and won (1740) with a pair of Queens
Seat 6: Aidy703 (big blind) mucked [Ts Jd]
Seat 7: The_Grimshaw folded before Flop (didn't bet)
Seat 8: DNVS23 folded before Flop (didn't bet)



PokerStars Hand #252330726580: Tournament #3795439053, $1.40+$0.10 USD Hold'em No Limit - Level I (50/100) - 2024/09/07 15:06:53 CET [2024/09/07 9:06:53 ET]
Table '3795439053 6' 8-max Seat #5 is the button
Seat 1: BobWagner29 (9970 in chips) 
Seat 2: markiz2006 (9920 in chips) 
Seat 3: Mahu2021 (9820 in chips) 
Seat 4: mar21k (10000 in chips) 
Seat 5: Paskaaaaaal (11625 in chips) 
Seat 6: Aidy703 (9135 in chips) 
Seat 7: The_Grimshaw (9770 in chips) 
Seat 8: DNVS23 (9770 in chips) 
BobWagner29: posts the ante 10
markiz2006: posts the ante 10
Mahu2021: posts the ante 10
mar21k: posts the ante 10
Paskaaaaaal: posts the ante 10
Aidy703: posts the ante 10
The_Grimshaw: posts the ante 10
DNVS23: posts the ante 10
Aidy703: posts small blind 50
The_Grimshaw: posts big blind 100
*** HOLE CARDS ***
Dealt to Mahu2021 [8c Qh]
DNVS23: raises 100 to 200
BobWagner29: folds 
markiz2006: folds 
Mahu2021: folds 
mar21k: calls 200
Paskaaaaaal: folds 
Aidy703: folds 
The_Grimshaw: folds 
*** FLOP *** [Jc Kd 4h]
DNVS23: bets 215
mar21k: calls 215
*** TURN *** [Jc Kd 4h] [8d]
DNVS23: bets 630
mar21k: calls 630
*** RIVER *** [Jc Kd 4h 8d] [Tc]
DNVS23: checks 
mar21k: bets 1160
DNVS23: calls 1160
*** SHOW DOWN ***
mar21k: shows [Ks 7h] (a pair of Kings)
DNVS23: mucks hand 
mar21k collected 4640 from pot
*** SUMMARY ***
Total pot 4640 | Rake 0 
Board [Jc Kd 4h 8d Tc]
Seat 1: BobWagner29 folded before Flop (didn't bet)
Seat 2: markiz2006 folded before Flop (didn't bet)
Seat 3: Mahu2021 folded before Flop (didn't bet)
Seat 4: mar21k showed [Ks 7h] and won (4640) with a pair of Kings
Seat 5: Paskaaaaaal (button) folded before Flop (didn't bet)
Seat 6: Aidy703 (small blind) folded before Flop
Seat 7: The_Grimshaw (big blind) folded before Flop
Seat 8: DNVS23 mucked [As Td]



PokerStars Hand #252330739610: Tournament #3795439053, $1.40+$0.10 USD Hold'em No Limit - Level II (75/150) - 2024/09/07 15:08:05 CET [2024/09/07 9:08:05 ET]
Table '3795439053 6' 8-max Seat #6 is the button
Seat 1: BobWagner29 (9960 in chips) 
Seat 2: markiz2006 (9910 in chips) 
Seat 3: Mahu2021 (9810 in chips) 
Seat 4: mar21k (12425 in chips) 
Seat 5: Paskaaaaaal (11615 in chips) 
Seat 6: Aidy703 (9075 in chips) 
Seat 7: The_Grimshaw (9660 in chips) 
Seat 8: DNVS23 (7555 in chips) 
BobWagner29: posts the ante 15
markiz2006: posts the ante 15
Mahu2021: posts the ante 15
mar21k: posts the ante 15
Paskaaaaaal: posts the ante 15
Aidy703: posts the ante 15
The_Grimshaw: posts the ante 15
DNVS23: posts the ante 15
The_Grimshaw: posts small blind 75
DNVS23: posts big blind 150
*** HOLE CARDS ***
Dealt to Mahu2021 [6s 4s]
BobWagner29: folds 
markiz2006: folds 
Mahu2021: folds 
mar21k: calls 150
Paskaaaaaal: folds 
Aidy703: folds 
The_Grimshaw: folds 
DNVS23: checks 
*** FLOP *** [Ac 5d As]
DNVS23: checks 
mar21k: checks 
*** TURN *** [Ac 5d As] [9c]
DNVS23: checks 
mar21k: bets 150
DNVS23: folds 
Uncalled bet (150) returned to mar21k
mar21k collected 495 from pot
*** SUMMARY ***
Total pot 495 | Rake 0 
Board [Ac 5d As 9c]
Seat 1: BobWagner29 folded before Flop (didn't bet)
Seat 2: markiz2006 folded before Flop (didn't bet)
Seat 3: Mahu2021 folded before Flop (didn't bet)
Seat 4: mar21k collected (495)
Seat 5: Paskaaaaaal folded before Flop (didn't bet)
Seat 6: Aidy703 (button) folded before Flop (didn't bet)
Seat 7: The_Grimshaw (small blind) folded before Flop
Seat 8: DNVS23 (big blind) folded on the Turn



PokerStars Hand #252330745853: Tournament #3795439053, $1.40+$0.10 USD Hold'em No Limit - Level II (75/150) - 2024/09/07 15:08:40 CET [2024/09/07 9:08:40 ET]
Table '3795439053 6' 8-max Seat #7 is the button
Seat 1: BobWagner29 (9945 in chips) 
Seat 2: markiz2006 (9895 in chips) 
Seat 3: Mahu2021 (9795 in chips) 
Seat 4: mar21k (12755 in chips) 
Seat 5: Paskaaaaaal (11600 in chips) 
Seat 6: Aidy703 (9060 in chips) 
Seat 7: The_Grimshaw (9570 in chips) 
Seat 8: DNVS23 (7390 in chips) 
BobWagner29: posts the ante 15
markiz2006: posts the ante 15
Mahu2021: posts the ante 15
mar21k: posts the ante 15
Paskaaaaaal: posts the ante 15
Aidy703: posts the ante 15
The_Grimshaw: posts the ante 15
DNVS23: posts the ante 15
DNVS23: posts small blind 75
BobWagner29: posts big blind 150
*** HOLE CARDS ***
Dealt to Mahu2021 [9c 9s]
markiz2006: folds 
Mahu2021: raises 150 to 300
mar21k: calls 300
Paskaaaaaal: folds 
Aidy703: calls 300
The_Grimshaw: folds 
DNVS23: folds 
BobWagner29: folds 
*** FLOP *** [Ad 6d 9d]
Mahu2021: bets 300
mar21k: calls 300
Aidy703: calls 300
*** TURN *** [Ad 6d 9d] [Kd]
Mahu2021: checks 
mar21k: bets 1073
Aidy703: calls 1073
Mahu2021: calls 1073
*** RIVER *** [Ad 6d 9d Kd] [Jc]
Mahu2021: checks 
mar21k: bets 2682
Aidy703: calls 2682
Mahu2021: folds 
*** SHOW DOWN ***
mar21k: shows [8s Qd] (a flush, Ace high)
Aidy703: mucks hand 
mar21k collected 10728 from pot
*** SUMMARY ***
Total pot 10728 | Rake 0 
Board [Ad 6d 9d Kd Jc]
Seat 1: BobWagner29 (big blind) folded before Flop
Seat 2: markiz2006 folded before Flop (didn't bet)
Seat 3: Mahu2021 folded on the River
Seat 4: mar21k showed [8s Qd] and won (10728) with a flush, Ace high
Seat 5: Paskaaaaaal folded before Flop (didn't bet)
Seat 6: Aidy703 mucked [3c 3d]
Seat 7: The_Grimshaw (button) folded before Flop (didn't bet)
Seat 8: DNVS23 (small blind) folded before Flop



PokerStars Hand #252330754516: Tournament #3795439053, $1.40+$0.10 USD Hold'em No Limit - Level II (75/150) - 2024/09/07 15:09:29 CET [2024/09/07 9:09:29 ET]
Table '3795439053 6' 8-max Seat #8 is the button
Seat 1: BobWagner29 (9780 in chips) 
Seat 2: markiz2006 (9880 in chips) 
Seat 3: Mahu2021 (8107 in chips) 
Seat 4: mar21k (19113 in chips) 
Seat 5: Paskaaaaaal (11585 in chips) 
Seat 6: Aidy703 (4690 in chips) 
Seat 7: The_Grimshaw (9555 in chips) 
Seat 8: DNVS23 (7300 in chips) 
BobWagner29: posts the ante 15
markiz2006: posts the ante 15
Mahu2021: posts the ante 15
mar21k: posts the ante 15
Paskaaaaaal: posts the ante 15
Aidy703: posts the ante 15
The_Grimshaw: posts the ante 15
DNVS23: posts the ante 15
BobWagner29: posts small blind 75
markiz2006: posts big blind 150
*** HOLE CARDS ***
Dealt to Mahu2021 [5d Ks]
Mahu2021: folds 
mar21k: calls 150
Paskaaaaaal: folds 
Aidy703: folds 
The_Grimshaw: folds 
DNVS23: raises 450 to 600
BobWagner29: folds 
markiz2006: folds 
mar21k: calls 450
*** FLOP *** [Ts 7c 6d]
mar21k: checks 
DNVS23: checks 
*** TURN *** [Ts 7c 6d] [2d]
mar21k: checks 
DNVS23: bets 473
mar21k: calls 473
*** RIVER *** [Ts 7c 6d 2d] [Td]
mar21k: checks 
DNVS23: checks 
*** SHOW DOWN ***
mar21k: shows [9s Qc] (a pair of Tens)
DNVS23: shows [Ad 8c] (a pair of Tens - Ace kicker)
DNVS23 collected 2491 from pot
*** SUMMARY ***
Total pot 2491 | Rake 0 
Board [Ts 7c 6d 2d Td]
Seat 1: BobWagner29 (small blind) folded before Flop
Seat 2: markiz2006 (big blind) folded before Flop
Seat 3: Mahu2021 folded before Flop (didn't bet)
Seat 4: mar21k showed [9s Qc] and lost with a pair of Tens
Seat 5: Paskaaaaaal folded before Flop (didn't bet)
Seat 6: Aidy703 folded before Flop (didn't bet)
Seat 7: The_Grimshaw folded before Flop (didn't bet)
Seat 8: DNVS23 (button) showed [Ad 8c] and won (2491) with a pair of Tens



PokerStars Hand #252330763488: Tournament #3795439053, $1.40+$0.10 USD Hold'em No Limit - Level II (75/150) - 2024/09/07 15:10:19 CET [2024/09/07 9:10:19 ET]
Table '3795439053 28' 8-max Seat #1 is the button
Seat 1: Mahu2021 (8092 in chips) 
Seat 2: Tigerfry (9790 in chips) 
Seat 3: Gustavok10 (9970 in chips) 
Seat 4: Daniel npuz (12375 in chips) 
Seat 8: normtot (10000 in chips) 
Mahu2021: posts the ante 15
Tigerfry: posts the ante 15
Gustavok10: posts the ante 15
Daniel npuz: posts the ante 15
normtot: posts the ante 15
Tigerfry: posts small blind 75
Gustavok10: posts big blind 150
*** HOLE CARDS ***
Dealt to Mahu2021 [3h 8c]
Daniel npuz is disconnected 
Daniel npuz is connected 
valua976 is disconnected 
Daniel npuz: folds 
normtot: calls 150
Mahu2021: folds 
xMarker7x is disconnected 
Tigerfry: folds 
Gustavok10 is connected 
Gustavok10: checks 
*** FLOP *** [Kh 9d 3s]
Gustavok10: checks 
normtot: bets 150
Gustavok10: calls 150
*** TURN *** [Kh 9d 3s] [4s]
Gustavok10: checks 
normtot: bets 150
Gustavok10: calls 150
*** RIVER *** [Kh 9d 3s 4s] [Th]
Gustavok10: checks 
normtot: bets 150
Gustavok10: calls 150
*** SHOW DOWN ***
normtot: shows [Qc Ah] (high card Ace)
Gustavok10: shows [9h 2h] (a pair of Nines)
Gustavok10 collected 1350 from pot
*** SUMMARY ***
Total pot 1350 | Rake 0 
Board [Kh 9d 3s 4s Th]
Seat 1: Mahu2021 (button) folded before Flop (didn't bet)
Seat 2: Tigerfry (small blind) folded before Flop
Seat 3: Gustavok10 (big blind) showed [9h 2h] and won (1350) with a pair of Nines
Seat 4: Daniel npuz folded before Flop (didn't bet)
Seat 8: normtot showed [Qc Ah] and lost with high card Ace



PokerStars Hand #252330770399: Tournament #3795439053, $1.40+$0.10 USD Hold'em No Limit - Level III (100/200) - 2024/09/07 15:10:58 CET [2024/09/07 9:10:58 ET]
Table '3795439053 28' 8-max Seat #2 is the button
Seat 1: Mahu2021 (8077 in chips) 
Seat 2: Tigerfry (9700 in chips) 
Seat 3: Gustavok10 (10705 in chips) 
Seat 4: Daniel npuz (12360 in chips) 
Seat 5: valua976 (9690 in chips) 
Seat 6: xMarker7x (10350 in chips) 
Seat 7: VakavchiewX (10000 in chips) 
Seat 8: normtot (9385 in chips) 
Mahu2021: posts the ante 20
Tigerfry: posts the ante 20
Gustavok10: posts the ante 20
Daniel npuz: posts the ante 20
valua976: posts the ante 20
xMarker7x: posts the ante 20
VakavchiewX: posts the ante 20
normtot: posts the ante 20
Gustavok10: posts small blind 100
Daniel npuz: posts big blind 200
*** HOLE CARDS ***
Dealt to Mahu2021 [Qc 8s]
valua976: folds 
xMarker7x: folds 
VakavchiewX: calls 200
normtot: calls 200
Mahu2021: folds 
Tigerfry: folds 
Gustavok10: calls 100
Daniel npuz: checks 
*** FLOP *** [Qh Ks Kc]
Gustavok10: checks 
Daniel npuz: checks 
VakavchiewX: checks 
normtot: bets 200
Gustavok10: calls 200
Daniel npuz: folds 
VakavchiewX: folds 
*** TURN *** [Qh Ks Kc] [5d]
Gustavok10: checks 
normtot: bets 200
Gustavok10: raises 400 to 600
normtot: calls 400
*** RIVER *** [Qh Ks Kc 5d] [4h]
Gustavok10: bets 2560
normtot: folds 
Uncalled bet (2560) returned to Gustavok10
Gustavok10 collected 2560 from pot
*** SUMMARY ***
Total pot 2560 | Rake 0 
Board [Qh Ks Kc 5d 4h]
Seat 1: Mahu2021 folded before Flop (didn't bet)
Seat 2: Tigerfry (button) folded before Flop (didn't bet)
Seat 3: Gustavok10 (small blind) collected (2560)
Seat 4: Daniel npuz (big blind) folded on the Flop
Seat 5: valua976 folded before Flop (didn't bet)
Seat 6: xMarker7x folded before Flop (didn't bet)
Seat 7: VakavchiewX folded on the Flop
Seat 8: normtot folded on the River



PokerStars Hand #252330784526: Tournament #3795439053, $1.40+$0.10 USD Hold'em No Limit - Level III (100/200) - 2024/09/07 15:12:16 CET [2024/09/07 9:12:16 ET]
Table '3795439053 28' 8-max Seat #3 is the button
Seat 1: Mahu2021 (8057 in chips) 
Seat 2: Tigerfry (9680 in chips) 
Seat 3: Gustavok10 (12245 in chips) 
Seat 4: Daniel npuz (12140 in chips) 
Seat 5: valua976 (9670 in chips) 
Seat 6: xMarker7x (10330 in chips) 
Seat 7: VakavchiewX (9780 in chips) 
Mahu2021: posts the ante 20
Tigerfry: posts the ante 20
Gustavok10: posts the ante 20
Daniel npuz: posts the ante 20
valua976: posts the ante 20
xMarker7x: posts the ante 20
VakavchiewX: posts the ante 20
Daniel npuz: posts small blind 100
valua976: posts big blind 200
*** HOLE CARDS ***
Dealt to Mahu2021 [Kc 8c]
xMarker7x: raises 300 to 500
VakavchiewX: raises 300 to 800
Mahu2021: folds 
Tigerfry: folds 
Gustavok10: folds 
Daniel npuz: folds 
valua976: folds 
xMarker7x: calls 300
*** FLOP *** [Qh 5d Jc]
xMarker7x: checks 
VakavchiewX: bets 8960 and is all-in
xMarker7x: folds 
Uncalled bet (8960) returned to VakavchiewX
VakavchiewX collected 2040 from pot
*** SUMMARY ***
Total pot 2040 | Rake 0 
Board [Qh 5d Jc]
Seat 1: Mahu2021 folded before Flop (didn't bet)
Seat 2: Tigerfry folded before Flop (didn't bet)
Seat 3: Gustavok10 (button) folded before Flop (didn't bet)
Seat 4: Daniel npuz (small blind) folded before Flop
Seat 5: valua976 (big blind) folded before Flop
Seat 6: xMarker7x folded on the Flop
Seat 7: VakavchiewX collected (2040)



PokerStars Hand #252330788241: Tournament #3795439053, $1.40+$0.10 USD Hold'em No Limit - Level III (100/200) - 2024/09/07 15:12:37 CET [2024/09/07 9:12:37 ET]
Table '3795439053 28' 8-max Seat #4 is the button
Seat 1: Mahu2021 (8037 in chips) 
Seat 2: Tigerfry (9660 in chips) 
Seat 3: Gustavok10 (12225 in chips) 
Seat 4: Daniel npuz (12020 in chips) 
Seat 5: valua976 (9450 in chips) 
Seat 6: xMarker7x (9510 in chips) 
Seat 7: VakavchiewX (11000 in chips) 
Mahu2021: posts the ante 20
Tigerfry: posts the ante 20
Gustavok10: posts the ante 20
Daniel npuz: posts the ante 20
valua976: posts the ante 20
xMarker7x: posts the ante 20
VakavchiewX: posts the ante 20
valua976: posts small blind 100
xMarker7x: posts big blind 200
*** HOLE CARDS ***
Dealt to Mahu2021 [2s 6d]
VakavchiewX: calls 200
Mahu2021: folds 
Tigerfry: folds 
Gustavok10: folds 
Daniel npuz: folds 
valua976: folds 
xMarker7x: checks 
*** FLOP *** [Ts Tc Ad]
knutini is disconnected 
xMarker7x: checks 
VakavchiewX: bets 200
xMarker7x: calls 200
*** TURN *** [Ts Tc Ad] [2c]
xMarker7x: checks 
VakavchiewX: checks 
*** RIVER *** [Ts Tc Ad 2c] [Td]
xMarker7x: bets 700
VakavchiewX: folds 
Uncalled bet (700) returned to xMarker7x
xMarker7x collected 1040 from pot
xMarker7x: doesn't show hand 
*** SUMMARY ***
Total pot 1040 | Rake 0 
Board [Ts Tc Ad 2c Td]
Seat 1: Mahu2021 folded before Flop (didn't bet)
Seat 2: Tigerfry folded before Flop (didn't bet)
Seat 3: Gustavok10 folded before Flop (didn't bet)
Seat 4: Daniel npuz (button) folded before Flop (didn't bet)
Seat 5: valua976 (small blind) folded before Flop
Seat 6: xMarker7x (big blind) collected (1040)
Seat 7: VakavchiewX folded on the River



PokerStars Hand #252330794219: Tournament #3795439053, $1.40+$0.10 USD Hold'em No Limit - Level III (100/200) - 2024/09/07 15:13:10 CET [2024/09/07 9:13:10 ET]
Table '3795439053 28' 8-max Seat #5 is the button
Seat 1: Mahu2021 (8017 in chips) 
Seat 2: Tigerfry (9640 in chips) 
Seat 3: Gustavok10 (12205 in chips) 
Seat 4: Daniel npuz (12000 in chips) 
Seat 5: valua976 (9330 in chips) 
Seat 6: xMarker7x (10130 in chips) 
Seat 7: VakavchiewX (10580 in chips) 
Seat 8: knutini (10000 in chips) 
Mahu2021: posts the ante 20
Tigerfry: posts the ante 20
Gustavok10: posts the ante 20
Daniel npuz: posts the ante 20
valua976: posts the ante 20
xMarker7x: posts the ante 20
VakavchiewX: posts the ante 20
knutini: posts the ante 20
xMarker7x: posts small blind 100
VakavchiewX: posts big blind 200
*** HOLE CARDS ***
Dealt to Mahu2021 [Ah Ks]
knutini: folds 
Mahu2021: raises 7797 to 7997 and is all-in
Tigerfry: folds 
Gustavok10: folds 
Daniel npuz: folds 
valua976: folds 
xMarker7x: folds 
VakavchiewX: folds 
Uncalled bet (7797) returned to Mahu2021
Mahu2021 collected 660 from pot
Mahu2021: doesn't show hand 
*** SUMMARY ***
Total pot 660 | Rake 0 
Seat 1: Mahu2021 collected (660)
Seat 2: Tigerfry folded before Flop (didn't bet)
Seat 3: Gustavok10 folded before Flop (didn't bet)
Seat 4: Daniel npuz folded before Flop (didn't bet)
Seat 5: valua976 (button) folded before Flop (didn't bet)
Seat 6: xMarker7x (small blind) folded before Flop
Seat 7: VakavchiewX (big blind) folded before Flop
Seat 8: knutini folded before Flop (didn't bet)



PokerStars Hand #252330800560: Tournament #3795439053, $1.40+$0.10 USD Hold'em No Limit - Level III (100/200) - 2024/09/07 15:13:46 CET [2024/09/07 9:13:46 ET]
Table '3795439053 28' 8-max Seat #6 is the button
Seat 1: Mahu2021 (8457 in chips) 
Seat 2: Tigerfry (9620 in chips) 
Seat 3: Gustavok10 (12185 in chips) 
Seat 4: Daniel npuz (11980 in chips) 
Seat 5: valua976 (9310 in chips) 
Seat 6: xMarker7x (10010 in chips) 
Seat 7: VakavchiewX (10360 in chips) 
Seat 8: knutini (9980 in chips) 
Mahu2021: posts the ante 20
Tigerfry: posts the ante 20
Gustavok10: posts the ante 20
Daniel npuz: posts the ante 20
valua976: posts the ante 20
xMarker7x: posts the ante 20
VakavchiewX: posts the ante 20
knutini: posts the ante 20
VakavchiewX: posts small blind 100
knutini: posts big blind 200
*** HOLE CARDS ***
Dealt to Mahu2021 [6d Qh]
Mahu2021: folds 
Tigerfry: folds 
Gustavok10: folds 
Daniel npuz: folds 
valua976: raises 200 to 400
xMarker7x: folds 
VakavchiewX: calls 300
knutini: calls 200
*** FLOP *** [2s 9h 5s]
VakavchiewX: checks 
knutini: bets 480
valua976: folds 
VakavchiewX: calls 480
*** TURN *** [2s 9h 5s] [Tc]
VakavchiewX: bets 200
knutini: calls 200
*** RIVER *** [2s 9h 5s Tc] [5h]
VakavchiewX: bets 2720
knutini: folds 
Uncalled bet (2720) returned to VakavchiewX
VakavchiewX collected 2720 from pot
*** SUMMARY ***
Total pot 2720 | Rake 0 
Board [2s 9h 5s Tc 5h]
Seat 1: Mahu2021 folded before Flop (didn't bet)
Seat 2: Tigerfry folded before Flop (didn't bet)
Seat 3: Gustavok10 folded before Flop (didn't bet)
Seat 4: Daniel npuz folded before Flop (didn't bet)
Seat 5: valua976 folded on the Flop
Seat 6: xMarker7x (button) folded before Flop (didn't bet)
Seat 7: VakavchiewX (small blind) collected (2720)
Seat 8: knutini (big blind) folded on the River



PokerStars Hand #252330809456: Tournament #3795439053, $1.40+$0.10 USD Hold'em No Limit - Level IV (150/300) - 2024/09/07 15:14:35 CET [2024/09/07 9:14:35 ET]
Table '3795439053 28' 8-max Seat #7 is the button
Seat 1: Mahu2021 (8437 in chips) 
Seat 2: Tigerfry (9600 in chips) 
Seat 3: Gustavok10 (12165 in chips) 
Seat 4: Daniel npuz (11960 in chips) 
Seat 5: valua976 (8890 in chips) 
Seat 6: xMarker7x (9990 in chips) 
Seat 7: VakavchiewX (11980 in chips) 
Seat 8: knutini (8880 in chips) 
Mahu2021: posts the ante 30
Tigerfry: posts the ante 30
Gustavok10: posts the ante 30
Daniel npuz: posts the ante 30
valua976: posts the ante 30
xMarker7x: posts the ante 30
VakavchiewX: posts the ante 30
knutini: posts the ante 30
knutini: posts small blind 150
Mahu2021: posts big blind 300
*** HOLE CARDS ***
Dealt to Mahu2021 [5c Kc]
Tigerfry: folds 
Gustavok10: calls 300
Daniel npuz: calls 300
valua976: folds 
xMarker7x: folds 
VakavchiewX: calls 300
knutini: calls 150
Mahu2021: checks 
*** FLOP *** [Kd Qs Qd]
knutini: checks 
Mahu2021: bets 1740
Gustavok10: folds 
Daniel npuz: calls 1740
VakavchiewX: folds 
knutini: folds 
*** TURN *** [Kd Qs Qd] [3c]
Mahu2021: bets 6367 and is all-in
Daniel npuz: folds [Ad 3d]
Uncalled bet (6367) returned to Mahu2021
Mahu2021 collected 5220 from pot
Mahu2021: doesn't show hand 
*** SUMMARY ***
Total pot 5220 | Rake 0 
Board [Kd Qs Qd 3c]
Seat 1: Mahu2021 (big blind) collected (5220)
Seat 2: Tigerfry folded before Flop (didn't bet)
Seat 3: Gustavok10 folded on the Flop
Seat 4: Daniel npuz folded on the Turn
Seat 5: valua976 folded before Flop (didn't bet)
Seat 6: xMarker7x folded before Flop (didn't bet)
Seat 7: VakavchiewX (button) folded on the Flop
Seat 8: knutini (small blind) folded on the Flop



PokerStars Hand #252330818795: Tournament #3795439053, $1.40+$0.10 USD Hold'em No Limit - Level IV (150/300) - 2024/09/07 15:15:25 CET [2024/09/07 9:15:25 ET]
Table '3795439053 28' 8-max Seat #8 is the button
Seat 1: Mahu2021 (11587 in chips) 
Seat 2: Tigerfry (9570 in chips) 
Seat 3: Gustavok10 (11835 in chips) 
Seat 4: Daniel npuz (9890 in chips) 
Seat 5: valua976 (8860 in chips) 
Seat 6: xMarker7x (9960 in chips) 
Seat 7: VakavchiewX (11650 in chips) 
Seat 8: knutini (8550 in chips) 
Mahu2021: posts the ante 30
Tigerfry: posts the ante 30
Gustavok10: posts the ante 30
Daniel npuz: posts the ante 30
valua976: posts the ante 30
xMarker7x: posts the ante 30
VakavchiewX: posts the ante 30
knutini: posts the ante 30
Mahu2021: posts small blind 150
Tigerfry: posts big blind 300
*** HOLE CARDS ***
Dealt to Mahu2021 [Ah 3d]
Gustavok10: folds 
Daniel npuz: raises 300 to 600
valua976: folds 
xMarker7x: folds 
VakavchiewX: raises 300 to 900
knutini: calls 900
Mahu2021: folds 
Tigerfry: folds 
Daniel npuz: raises 8960 to 9860 and is all-in
VakavchiewX: folds 
knutini: calls 7620 and is all-in
Uncalled bet (1340) returned to Daniel npuz
*** FLOP *** [4c 7s Ts]
*** TURN *** [4c 7s Ts] [Qc]
*** RIVER *** [4c 7s Ts Qc] [9s]
*** SHOW DOWN ***
Daniel npuz: shows [Ad Td] (a pair of Tens)
knutini: shows [Ks Jd] (a straight, Nine to King)
knutini collected 18630 from pot
*** SUMMARY ***
Total pot 18630 | Rake 0 
Board [4c 7s Ts Qc 9s]
Seat 1: Mahu2021 (small blind) folded before Flop
Seat 2: Tigerfry (big blind) folded before Flop
Seat 3: Gustavok10 folded before Flop (didn't bet)
Seat 4: Daniel npuz showed [Ad Td] and lost with a pair of Tens
Seat 5: valua976 folded before Flop (didn't bet)
Seat 6: xMarker7x folded before Flop (didn't bet)
Seat 7: VakavchiewX folded before Flop
Seat 8: knutini (button) showed [Ks Jd] and won (18630) with a straight, Nine to King



PokerStars Hand #252330825077: Tournament #3795439053, $1.40+$0.10 USD Hold'em No Limit - Level IV (150/300) - 2024/09/07 15:16:00 CET [2024/09/07 9:16:00 ET]
Table '3795439053 28' 8-max Seat #1 is the button
Seat 1: Mahu2021 (11407 in chips) 
Seat 2: Tigerfry (9240 in chips) 
Seat 3: Gustavok10 (11805 in chips) 
Seat 4: Daniel npuz (1340 in chips) 
Seat 5: valua976 (8830 in chips) 
Seat 6: xMarker7x (9930 in chips) 
Seat 7: VakavchiewX (10720 in chips) 
Seat 8: knutini (18630 in chips) 
Mahu2021: posts the ante 30
Tigerfry: posts the ante 30
Gustavok10: posts the ante 30
Daniel npuz: posts the ante 30
valua976: posts the ante 30
xMarker7x: posts the ante 30
VakavchiewX: posts the ante 30
knutini: posts the ante 30
Tigerfry: posts small blind 150
Gustavok10: posts big blind 300
*** HOLE CARDS ***
Dealt to Mahu2021 [4h Jc]
Daniel npuz: raises 1010 to 1310 and is all-in
valua976: folds 
xMarker7x: folds 
VakavchiewX: raises 9380 to 10690 and is all-in
knutini: folds 
Mahu2021: folds 
Tigerfry: folds 
Gustavok10: folds 
Uncalled bet (9380) returned to VakavchiewX
*** FLOP *** [3h 6h 5d]
*** TURN *** [3h 6h 5d] [4d]
*** RIVER *** [3h 6h 5d 4d] [2c]
*** SHOW DOWN ***
Daniel npuz: shows [7s Ah] (a straight, Three to Seven)
VakavchiewX: shows [Ks 8s] (a straight, Deuce to Six)
Daniel npuz collected 3310 from pot
*** SUMMARY ***
Total pot 3310 | Rake 0 
Board [3h 6h 5d 4d 2c]
Seat 1: Mahu2021 (button) folded before Flop (didn't bet)
Seat 2: Tigerfry (small blind) folded before Flop
Seat 3: Gustavok10 (big blind) folded before Flop
Seat 4: Daniel npuz showed [7s Ah] and won (3310) with a straight, Three to Seven
Seat 5: valua976 folded before Flop (didn't bet)
Seat 6: xMarker7x folded before Flop (didn't bet)
Seat 7: VakavchiewX showed [Ks 8s] and lost with a straight, Deuce to Six
Seat 8: knutini folded before Flop (didn't bet)



PokerStars Hand #252330829854: Tournament #3795439053, $1.40+$0.10 USD Hold'em No Limit - Level IV (150/300) - 2024/09/07 15:16:26 CET [2024/09/07 9:16:26 ET]
Table '3795439053 28' 8-max Seat #2 is the button
Seat 1: Mahu2021 (11377 in chips) 
Seat 2: Tigerfry (9060 in chips) 
Seat 3: Gustavok10 (11475 in chips) 
Seat 4: Daniel npuz (3310 in chips) 
Seat 5: valua976 (8800 in chips) 
Seat 6: xMarker7x (9900 in chips) 
Seat 7: VakavchiewX (9380 in chips) 
Seat 8: knutini (18600 in chips) 
Mahu2021: posts the ante 30
Tigerfry: posts the ante 30
Gustavok10: posts the ante 30
Daniel npuz: posts the ante 30
valua976: posts the ante 30
xMarker7x: posts the ante 30
VakavchiewX: posts the ante 30
knutini: posts the ante 30
Gustavok10: posts small blind 150
Daniel npuz: posts big blind 300
*** HOLE CARDS ***
Dealt to Mahu2021 [Ac Js]
valua976: folds 
xMarker7x: folds 
VakavchiewX: calls 300
knutini: calls 300
Mahu2021: raises 1200 to 1500
Tigerfry: folds 
Gustavok10: folds 
Daniel npuz: raises 1780 to 3280 and is all-in
VakavchiewX: folds 
knutini: folds 
Mahu2021: calls 1780
*** FLOP *** [7s 3s 6s]
*** TURN *** [7s 3s 6s] [3d]
*** RIVER *** [7s 3s 6s 3d] [Kh]
*** SHOW DOWN ***
Daniel npuz: shows [Qc Qd] (two pair, Queens and Threes)
Mahu2021: shows [Ac Js] (a pair of Threes)
Daniel npuz collected 7550 from pot
*** SUMMARY ***
Total pot 7550 | Rake 0 
Board [7s 3s 6s 3d Kh]
Seat 1: Mahu2021 showed [Ac Js] and lost with a pair of Threes
Seat 2: Tigerfry (button) folded before Flop (didn't bet)
Seat 3: Gustavok10 (small blind) folded before Flop
Seat 4: Daniel npuz (big blind) showed [Qc Qd] and won (7550) with two pair, Queens and Threes
Seat 5: valua976 folded before Flop (didn't bet)
Seat 6: xMarker7x folded before Flop (didn't bet)
Seat 7: VakavchiewX folded before Flop
Seat 8: knutini folded before Flop



PokerStars Hand #252330838492: Tournament #3795439053, $1.40+$0.10 USD Hold'em No Limit - Level V (200/400) - 2024/09/07 15:17:14 CET [2024/09/07 9:17:14 ET]
Table '3795439053 28' 8-max Seat #3 is the button
Seat 1: Mahu2021 (8067 in chips) 
Seat 2: Tigerfry (9030 in chips) 
Seat 3: Gustavok10 (11295 in chips) 
Seat 4: Daniel npuz (7550 in chips) 
Seat 5: valua976 (8770 in chips) 
Seat 6: xMarker7x (9870 in chips) 
Seat 7: VakavchiewX (9050 in chips) 
Seat 8: knutini (18270 in chips) 
Mahu2021: posts the ante 40
Tigerfry: posts the ante 40
Gustavok10: posts the ante 40
Daniel npuz: posts the ante 40
valua976: posts the ante 40
xMarker7x: posts the ante 40
VakavchiewX: posts the ante 40
knutini: posts the ante 40
Daniel npuz: posts small blind 200
valua976: posts big blind 400
*** HOLE CARDS ***
Dealt to Mahu2021 [Js 5d]
xMarker7x: folds 
VakavchiewX: raises 400 to 800
knutini: calls 800
Mahu2021: folds 
Tigerfry: folds 
Gustavok10: folds 
Daniel npuz: folds 
valua976: folds 
*** FLOP *** [Ah Qc 4h]
VakavchiewX: checks 
knutini: checks 
*** TURN *** [Ah Qc 4h] [4d]
VakavchiewX: checks 
knutini: checks 
*** RIVER *** [Ah Qc 4h 4d] [Ks]
VakavchiewX: bets 400
knutini: raises 800 to 1200
VakavchiewX: raises 7010 to 8210 and is all-in
knutini: calls 7010
*** SHOW DOWN ***
VakavchiewX: shows [Th As] (two pair, Aces and Fours)
knutini: shows [Jd Td] (a straight, Ten to Ace)
knutini collected 18940 from pot
VakavchiewX finished the tournament
*** SUMMARY ***
Total pot 18940 | Rake 0 
Board [Ah Qc 4h 4d Ks]
Seat 1: Mahu2021 folded before Flop (didn't bet)
Seat 2: Tigerfry folded before Flop (didn't bet)
Seat 3: Gustavok10 (button) folded before Flop (didn't bet)
Seat 4: Daniel npuz (small blind) folded before Flop
Seat 5: valua976 (big blind) folded before Flop
Seat 6: xMarker7x folded before Flop (didn't bet)
Seat 7: VakavchiewX showed [Th As] and lost with two pair, Aces and Fours
Seat 8: knutini showed [Jd Td] and won (18940) with a straight, Ten to Ace



PokerStars Hand #252330845498: Tournament #3795439053, $1.40+$0.10 USD Hold'em No Limit - Level V (200/400) - 2024/09/07 15:17:52 CET [2024/09/07 9:17:52 ET]
Table '3795439053 28' 8-max Seat #4 is the button
Seat 1: Mahu2021 (8027 in chips) 
Seat 2: Tigerfry (8990 in chips) 
Seat 3: Gustavok10 (11255 in chips) 
Seat 4: Daniel npuz (7310 in chips) 
Seat 5: valua976 (8330 in chips) 
Seat 6: xMarker7x (9830 in chips) 
Seat 8: knutini (28160 in chips) 
Mahu2021: posts the ante 40
Tigerfry: posts the ante 40
Gustavok10: posts the ante 40
Daniel npuz: posts the ante 40
valua976: posts the ante 40
xMarker7x: posts the ante 40
knutini: posts the ante 40
valua976: posts small blind 200
xMarker7x: posts big blind 400
*** HOLE CARDS ***
Dealt to Mahu2021 [8d Ah]
knutini: calls 400
Mahu2021: calls 400
Tigerfry: folds 
Gustavok10: folds 
86ofdiamonds is disconnected 
Daniel npuz: folds 
valua976: folds 
xMarker7x: checks 
*** FLOP *** [4c Qs 6c]
xMarker7x: checks 
knutini: bets 840
Mahu2021: folds 
xMarker7x: calls 840
*** TURN *** [4c Qs 6c] [Ts]
xMarker7x: checks 
knutini: bets 1680
xMarker7x: raises 2320 to 4000
knutini: folds 
Uncalled bet (2320) returned to xMarker7x
xMarker7x collected 6720 from pot
xMarker7x: doesn't show hand 
*** SUMMARY ***
Total pot 6720 | Rake 0 
Board [4c Qs 6c Ts]
Seat 1: Mahu2021 folded on the Flop
Seat 2: Tigerfry folded before Flop (didn't bet)
Seat 3: Gustavok10 folded before Flop (didn't bet)
Seat 4: Daniel npuz (button) folded before Flop (didn't bet)
Seat 5: valua976 (small blind) folded before Flop
Seat 6: xMarker7x (big blind) collected (6720)
Seat 8: knutini folded on the Turn



PokerStars Hand #252330856939: Tournament #3795439053, $1.40+$0.10 USD Hold'em No Limit - Level V (200/400) - 2024/09/07 15:18:55 CET [2024/09/07 9:18:55 ET]
Table '3795439053 28' 8-max Seat #5 is the button
Seat 1: Mahu2021 (7587 in chips) 
Seat 2: Tigerfry (8950 in chips) 
Seat 3: Gustavok10 (11215 in chips) 
Seat 4: Daniel npuz (7270 in chips) 
Seat 5: valua976 (8090 in chips) 
Seat 6: xMarker7x (13590 in chips) 
Seat 7: 86ofdiamonds (10000 in chips) 
Seat 8: knutini (25200 in chips) 
Mahu2021: posts the ante 40
Tigerfry: posts the ante 40
Gustavok10: posts the ante 40
Daniel npuz: posts the ante 40
valua976: posts the ante 40
xMarker7x: posts the ante 40
86ofdiamonds: posts the ante 40
knutini: posts the ante 40
xMarker7x: posts small blind 200
86ofdiamonds: posts big blind 400
*** HOLE CARDS ***
Dealt to Mahu2021 [As 5c]
knutini: folds 
Mahu2021: raises 400 to 800
Tigerfry: folds 
Gustavok10: folds 
Daniel npuz: raises 6430 to 7230 and is all-in
valua976: folds 
xMarker7x: folds 
86ofdiamonds: folds 
Mahu2021: folds 
Uncalled bet (6430) returned to Daniel npuz
Daniel npuz collected 2520 from pot
Daniel npuz: doesn't show hand 
*** SUMMARY ***
Total pot 2520 | Rake 0 
Seat 1: Mahu2021 folded before Flop
Seat 2: Tigerfry folded before Flop (didn't bet)
Seat 3: Gustavok10 folded before Flop (didn't bet)
Seat 4: Daniel npuz collected (2520)
Seat 5: valua976 (button) folded before Flop (didn't bet)
Seat 6: xMarker7x (small blind) folded before Flop
Seat 7: 86ofdiamonds (big blind) folded before Flop
Seat 8: knutini folded before Flop (didn't bet)



PokerStars Hand #252330862065: Tournament #3795439053, $1.40+$0.10 USD Hold'em No Limit - Level V (200/400) - 2024/09/07 15:19:23 CET [2024/09/07 9:19:23 ET]
Table '3795439053 28' 8-max Seat #6 is the button
Seat 1: Mahu2021 (6747 in chips) 
Seat 2: Tigerfry (8910 in chips) 
Seat 3: Gustavok10 (11175 in chips) 
Seat 4: Daniel npuz (8950 in chips) 
Seat 5: valua976 (8050 in chips) 
Seat 6: xMarker7x (13350 in chips) 
Seat 7: 86ofdiamonds (9560 in chips) 
Seat 8: knutini (25160 in chips) 
Mahu2021: posts the ante 40
Tigerfry: posts the ante 40
Gustavok10: posts the ante 40
Daniel npuz: posts the ante 40
valua976: posts the ante 40
xMarker7x: posts the ante 40
86ofdiamonds: posts the ante 40
knutini: posts the ante 40
86ofdiamonds: posts small blind 200
knutini: posts big blind 400
*** HOLE CARDS ***
Dealt to Mahu2021 [5h 5s]
Mahu2021: raises 6307 to 6707 and is all-in
Tigerfry: raises 2163 to 8870 and is all-in
Gustavok10: folds 
Daniel npuz: folds 
valua976: folds 
xMarker7x: folds 
86ofdiamonds: folds 
knutini: folds 
Uncalled bet (2163) returned to Tigerfry
*** FLOP *** [2h 8s 9h]
*** TURN *** [2h 8s 9h] [Th]
*** RIVER *** [2h 8s 9h Th] [3h]
*** SHOW DOWN ***
Mahu2021: shows [5h 5s] (a flush, Ten high)
Tigerfry: shows [Kh Ks] (a flush, King high)
Tigerfry collected 14334 from pot
Mahu2021 finished the tournament
*** SUMMARY ***
Total pot 14334 | Rake 0 
Board [2h 8s 9h Th 3h]
Seat 1: Mahu2021 showed [5h 5s] and lost with a flush, Ten high
Seat 2: Tigerfry showed [Kh Ks] and won (14334) with a flush, King high
Seat 3: Gustavok10 folded before Flop (didn't bet)
Seat 4: Daniel npuz folded before Flop (didn't bet)
Seat 5: valua976 folded before Flop (didn't bet)
Seat 6: xMarker7x (button) folded before Flop (didn't bet)
Seat 7: 86ofdiamonds (small blind) folded before Flop
Seat 8: knutini (big blind) folded before Flop



