PokerStars Hand #249511511547: Tournament #3730966440, $1.84+$0.16 USD Hold'em No Limit - Level I (10/20) - 2024/03/19 20:21:53 CET [2024/03/19 15:21:53 ET]
Table '3730966440 1' 3-max Seat #1 is the button
Seat 1: JimmyRay2020 (500 in chips) 
Seat 2: Mahu2021 (500 in chips) 
Seat 3: glazdovskiy (500 in chips) 
Mahu2021: posts small blind 10
glazdovskiy: posts big blind 20
*** HOLE CARDS ***
Dealt to Mahu2021 [Td 6h]
JimmyRay2020: folds 
Mahu2021: folds 
Uncalled bet (10) returned to glazdovskiy
glazdovskiy collected 20 from pot
*** SUMMARY ***
Total pot 20 | Rake 0 
Seat 1: JimmyRay2020 (button) folded before Flop (didn't bet)
Seat 2: Mahu2021 (small blind) folded before Flop
Seat 3: glazdovskiy (big blind) collected (20)



PokerStars Hand #249511513913: Tournament #3730966440, $1.84+$0.16 USD Hold'em No Limit - Level I (10/20) - 2024/03/19 20:22:00 CET [2024/03/19 15:22:00 ET]
Table '3730966440 1' 3-max Seat #2 is the button
Seat 1: JimmyRay2020 (500 in chips) 
Seat 2: Mahu2021 (490 in chips) 
Seat 3: glazdovskiy (510 in chips) 
glazdovskiy: posts small blind 10
JimmyRay2020: posts big blind 20
*** HOLE CARDS ***
Dealt to Mahu2021 [9s 2s]
Mahu2021: folds 
glazdovskiy: calls 10
JimmyRay2020: raises 480 to 500 and is all-in
glazdovskiy: folds 
Uncalled bet (480) returned to JimmyRay2020
JimmyRay2020 collected 40 from pot
JimmyRay2020: doesn't show hand 
*** SUMMARY ***
Total pot 40 | Rake 0 
Seat 1: JimmyRay2020 (big blind) collected (40)
Seat 2: Mahu2021 (button) folded before Flop (didn't bet)
Seat 3: glazdovskiy (small blind) folded before Flop



PokerStars Hand #249511519564: Tournament #3730966440, $1.84+$0.16 USD Hold'em No Limit - Level I (10/20) - 2024/03/19 20:22:18 CET [2024/03/19 15:22:18 ET]
Table '3730966440 1' 3-max Seat #3 is the button
Seat 1: JimmyRay2020 (520 in chips) 
Seat 2: Mahu2021 (490 in chips) 
Seat 3: glazdovskiy (490 in chips) 
JimmyRay2020: posts small blind 10
Mahu2021: posts big blind 20
*** HOLE CARDS ***
Dealt to Mahu2021 [Qh 9s]
glazdovskiy: folds 
JimmyRay2020: folds 
Uncalled bet (10) returned to Mahu2021
Mahu2021 collected 20 from pot
Mahu2021: doesn't show hand 
*** SUMMARY ***
Total pot 20 | Rake 0 
Seat 1: JimmyRay2020 (small blind) folded before Flop
Seat 2: Mahu2021 (big blind) collected (20)
Seat 3: glazdovskiy (button) folded before Flop (didn't bet)



PokerStars Hand #249511521882: Tournament #3730966440, $1.84+$0.16 USD Hold'em No Limit - Level I (10/20) - 2024/03/19 20:22:25 CET [2024/03/19 15:22:25 ET]
Table '3730966440 1' 3-max Seat #1 is the button
Seat 1: JimmyRay2020 (510 in chips) 
Seat 2: Mahu2021 (500 in chips) 
Seat 3: glazdovskiy (490 in chips) 
Mahu2021: posts small blind 10
glazdovskiy: posts big blind 20
*** HOLE CARDS ***
Dealt to Mahu2021 [Qh 9c]
JimmyRay2020: folds 
Mahu2021: raises 20 to 40
glazdovskiy: folds 
Uncalled bet (20) returned to Mahu2021
Mahu2021 collected 40 from pot
Mahu2021: doesn't show hand 
*** SUMMARY ***
Total pot 40 | Rake 0 
Seat 1: JimmyRay2020 (button) folded before Flop (didn't bet)
Seat 2: Mahu2021 (small blind) collected (40)
Seat 3: glazdovskiy (big blind) folded before Flop



PokerStars Hand #249511524903: Tournament #3730966440, $1.84+$0.16 USD Hold'em No Limit - Level I (10/20) - 2024/03/19 20:22:34 CET [2024/03/19 15:22:34 ET]
Table '3730966440 1' 3-max Seat #2 is the button
Seat 1: JimmyRay2020 (510 in chips) 
Seat 2: Mahu2021 (520 in chips) 
Seat 3: glazdovskiy (470 in chips) 
glazdovskiy: posts small blind 10
JimmyRay2020: posts big blind 20
*** HOLE CARDS ***
Dealt to Mahu2021 [Td 4c]
Mahu2021: folds 
glazdovskiy: raises 20 to 40
JimmyRay2020: calls 20
*** FLOP *** [6c Qc 2d]
glazdovskiy: bets 40
JimmyRay2020: folds 
Uncalled bet (40) returned to glazdovskiy
glazdovskiy collected 80 from pot
*** SUMMARY ***
Total pot 80 | Rake 0 
Board [6c Qc 2d]
Seat 1: JimmyRay2020 (big blind) folded on the Flop
Seat 2: Mahu2021 (button) folded before Flop (didn't bet)
Seat 3: glazdovskiy (small blind) collected (80)



PokerStars Hand #249511529694: Tournament #3730966440, $1.84+$0.16 USD Hold'em No Limit - Level I (10/20) - 2024/03/19 20:22:49 CET [2024/03/19 15:22:49 ET]
Table '3730966440 1' 3-max Seat #3 is the button
Seat 1: JimmyRay2020 (470 in chips) 
Seat 2: Mahu2021 (520 in chips) 
Seat 3: glazdovskiy (510 in chips) 
JimmyRay2020: posts small blind 10
Mahu2021: posts big blind 20
*** HOLE CARDS ***
Dealt to Mahu2021 [Ad Qh]
glazdovskiy: folds 
JimmyRay2020: raises 20 to 40
Mahu2021: raises 60 to 100
JimmyRay2020: folds 
Uncalled bet (60) returned to Mahu2021
Mahu2021 collected 80 from pot
Mahu2021: doesn't show hand 
*** SUMMARY ***
Total pot 80 | Rake 0 
Seat 1: JimmyRay2020 (small blind) folded before Flop
Seat 2: Mahu2021 (big blind) collected (80)
Seat 3: glazdovskiy (button) folded before Flop (didn't bet)



PokerStars Hand #249511533849: Tournament #3730966440, $1.84+$0.16 USD Hold'em No Limit - Level I (10/20) - 2024/03/19 20:23:02 CET [2024/03/19 15:23:02 ET]
Table '3730966440 1' 3-max Seat #1 is the button
Seat 1: JimmyRay2020 (430 in chips) 
Seat 2: Mahu2021 (560 in chips) 
Seat 3: glazdovskiy (510 in chips) 
Mahu2021: posts small blind 10
glazdovskiy: posts big blind 20
*** HOLE CARDS ***
Dealt to Mahu2021 [4h 2s]
JimmyRay2020: folds 
Mahu2021: folds 
Uncalled bet (10) returned to glazdovskiy
glazdovskiy collected 20 from pot
*** SUMMARY ***
Total pot 20 | Rake 0 
Seat 1: JimmyRay2020 (button) folded before Flop (didn't bet)
Seat 2: Mahu2021 (small blind) folded before Flop
Seat 3: glazdovskiy (big blind) collected (20)



PokerStars Hand #249511536939: Tournament #3730966440, $1.84+$0.16 USD Hold'em No Limit - Level I (10/20) - 2024/03/19 20:23:11 CET [2024/03/19 15:23:11 ET]
Table '3730966440 1' 3-max Seat #2 is the button
Seat 1: JimmyRay2020 (430 in chips) 
Seat 2: Mahu2021 (550 in chips) 
Seat 3: glazdovskiy (520 in chips) 
glazdovskiy: posts small blind 10
JimmyRay2020: posts big blind 20
*** HOLE CARDS ***
Dealt to Mahu2021 [7s Ts]
Mahu2021: folds 
glazdovskiy: calls 10
JimmyRay2020: raises 30 to 50
glazdovskiy: calls 30
*** FLOP *** [Ad 9d 6d]
glazdovskiy: bets 60
JimmyRay2020: calls 60
*** TURN *** [Ad 9d 6d] [5h]
glazdovskiy: bets 220
JimmyRay2020: folds 
Uncalled bet (220) returned to glazdovskiy
glazdovskiy collected 220 from pot
*** SUMMARY ***
Total pot 220 | Rake 0 
Board [Ad 9d 6d 5h]
Seat 1: JimmyRay2020 (big blind) folded on the Turn
Seat 2: Mahu2021 (button) folded before Flop (didn't bet)
Seat 3: glazdovskiy (small blind) collected (220)



PokerStars Hand #249511544633: Tournament #3730966440, $1.84+$0.16 USD Hold'em No Limit - Level I (10/20) - 2024/03/19 20:23:35 CET [2024/03/19 15:23:35 ET]
Table '3730966440 1' 3-max Seat #3 is the button
Seat 1: JimmyRay2020 (320 in chips) 
Seat 2: Mahu2021 (550 in chips) 
Seat 3: glazdovskiy (630 in chips) 
JimmyRay2020: posts small blind 10
Mahu2021: posts big blind 20
*** HOLE CARDS ***
Dealt to Mahu2021 [6c 8c]
glazdovskiy: folds 
JimmyRay2020: raises 20 to 40
Mahu2021: calls 20
*** FLOP *** [Qd 9h 3c]
JimmyRay2020: bets 40
Mahu2021: folds 
Uncalled bet (40) returned to JimmyRay2020
JimmyRay2020 collected 80 from pot
JimmyRay2020: doesn't show hand 
*** SUMMARY ***
Total pot 80 | Rake 0 
Board [Qd 9h 3c]
Seat 1: JimmyRay2020 (small blind) collected (80)
Seat 2: Mahu2021 (big blind) folded on the Flop
Seat 3: glazdovskiy (button) folded before Flop (didn't bet)



PokerStars Hand #249511549954: Tournament #3730966440, $1.84+$0.16 USD Hold'em No Limit - Level I (10/20) - 2024/03/19 20:23:52 CET [2024/03/19 15:23:52 ET]
Table '3730966440 1' 3-max Seat #1 is the button
Seat 1: JimmyRay2020 (360 in chips) 
Seat 2: Mahu2021 (510 in chips) 
Seat 3: glazdovskiy (630 in chips) 
Mahu2021: posts small blind 10
glazdovskiy: posts big blind 20
*** HOLE CARDS ***
Dealt to Mahu2021 [Ts Js]
JimmyRay2020: folds 
Mahu2021: raises 20 to 40
glazdovskiy: calls 20
*** FLOP *** [6s Kh 2c]
Mahu2021: checks 
glazdovskiy: checks 
*** TURN *** [6s Kh 2c] [8d]
Mahu2021: checks 
glazdovskiy: bets 40
Mahu2021: folds 
Uncalled bet (40) returned to glazdovskiy
glazdovskiy collected 80 from pot
*** SUMMARY ***
Total pot 80 | Rake 0 
Board [6s Kh 2c 8d]
Seat 1: JimmyRay2020 (button) folded before Flop (didn't bet)
Seat 2: Mahu2021 (small blind) folded on the Turn
Seat 3: glazdovskiy (big blind) collected (80)



PokerStars Hand #249511560156: Tournament #3730966440, $1.84+$0.16 USD Hold'em No Limit - Level I (10/20) - 2024/03/19 20:24:23 CET [2024/03/19 15:24:23 ET]
Table '3730966440 1' 3-max Seat #2 is the button
Seat 1: JimmyRay2020 (360 in chips) 
Seat 2: Mahu2021 (470 in chips) 
Seat 3: glazdovskiy (670 in chips) 
glazdovskiy: posts small blind 10
JimmyRay2020: posts big blind 20
*** HOLE CARDS ***
Dealt to Mahu2021 [8h Ad]
Mahu2021: raises 20 to 40
glazdovskiy: folds 
JimmyRay2020: folds 
Uncalled bet (20) returned to Mahu2021
Mahu2021 collected 50 from pot
Mahu2021: doesn't show hand 
*** SUMMARY ***
Total pot 50 | Rake 0 
Seat 1: JimmyRay2020 (big blind) folded before Flop
Seat 2: Mahu2021 (button) collected (50)
Seat 3: glazdovskiy (small blind) folded before Flop



PokerStars Hand #249511563858: Tournament #3730966440, $1.84+$0.16 USD Hold'em No Limit - Level I (10/20) - 2024/03/19 20:24:35 CET [2024/03/19 15:24:35 ET]
Table '3730966440 1' 3-max Seat #3 is the button
Seat 1: JimmyRay2020 (340 in chips) 
Seat 2: Mahu2021 (500 in chips) 
Seat 3: glazdovskiy (660 in chips) 
JimmyRay2020: posts small blind 10
Mahu2021: posts big blind 20
*** HOLE CARDS ***
Dealt to Mahu2021 [4s 2h]
glazdovskiy: calls 20
JimmyRay2020: raises 320 to 340 and is all-in
Mahu2021: folds 
glazdovskiy: calls 320
*** FLOP *** [8c 9c 3s]
*** TURN *** [8c 9c 3s] [Th]
*** RIVER *** [8c 9c 3s Th] [5s]
*** SHOW DOWN ***
JimmyRay2020: shows [Ac Jd] (high card Ace)
glazdovskiy: shows [Qh Tc] (a pair of Tens)
glazdovskiy collected 700 from pot
JimmyRay2020 finished the tournament in 3rd place
*** SUMMARY ***
Total pot 700 | Rake 0 
Board [8c 9c 3s Th 5s]
Seat 1: JimmyRay2020 (small blind) showed [Ac Jd] and lost with high card Ace
Seat 2: Mahu2021 (big blind) folded before Flop
Seat 3: glazdovskiy (button) showed [Qh Tc] and won (700) with a pair of Tens



PokerStars Hand #249511571879: Tournament #3730966440, $1.84+$0.16 USD Hold'em No Limit - Level II (15/30) - 2024/03/19 20:25:00 CET [2024/03/19 15:25:00 ET]
Table '3730966440 1' 3-max Seat #2 is the button
Seat 2: Mahu2021 (480 in chips) 
Seat 3: glazdovskiy (1020 in chips) 
Mahu2021: posts small blind 15
glazdovskiy: posts big blind 30
*** HOLE CARDS ***
Dealt to Mahu2021 [Qc 6d]
Mahu2021: calls 15
glazdovskiy: raises 990 to 1020 and is all-in
Mahu2021: folds 
Uncalled bet (990) returned to glazdovskiy
glazdovskiy collected 60 from pot
*** SUMMARY ***
Total pot 60 | Rake 0 
Seat 2: Mahu2021 (button) (small blind) folded before Flop
Seat 3: glazdovskiy (big blind) collected (60)



PokerStars Hand #249511574714: Tournament #3730966440, $1.84+$0.16 USD Hold'em No Limit - Level II (15/30) - 2024/03/19 20:25:09 CET [2024/03/19 15:25:09 ET]
Table '3730966440 1' 3-max Seat #3 is the button
Seat 2: Mahu2021 (450 in chips) 
Seat 3: glazdovskiy (1050 in chips) 
glazdovskiy: posts small blind 15
Mahu2021: posts big blind 30
*** HOLE CARDS ***
Dealt to Mahu2021 [Qd Qh]
glazdovskiy: raises 30 to 60
Mahu2021: raises 90 to 150
glazdovskiy: raises 900 to 1050 and is all-in
Mahu2021: calls 300 and is all-in
Uncalled bet (600) returned to glazdovskiy
*** FLOP *** [4c Jd Ts]
*** TURN *** [4c Jd Ts] [8s]
*** RIVER *** [4c Jd Ts 8s] [2h]
*** SHOW DOWN ***
Mahu2021: shows [Qd Qh] (a pair of Queens)
glazdovskiy: shows [Ad Jc] (a pair of Jacks)
Mahu2021 collected 900 from pot
*** SUMMARY ***
Total pot 900 | Rake 0 
Board [4c Jd Ts 8s 2h]
Seat 2: Mahu2021 (big blind) showed [Qd Qh] and won (900) with a pair of Queens
Seat 3: glazdovskiy (button) (small blind) showed [Ad Jc] and lost with a pair of Jacks



PokerStars Hand #249511581682: Tournament #3730966440, $1.84+$0.16 USD Hold'em No Limit - Level II (15/30) - 2024/03/19 20:25:30 CET [2024/03/19 15:25:30 ET]
Table '3730966440 1' 3-max Seat #2 is the button
Seat 2: Mahu2021 (900 in chips) 
Seat 3: glazdovskiy (600 in chips) 
Mahu2021: posts small blind 15
glazdovskiy: posts big blind 30
*** HOLE CARDS ***
Dealt to Mahu2021 [9s 8c]
Mahu2021: calls 15
glazdovskiy: checks 
*** FLOP *** [Ad 7s As]
glazdovskiy: bets 60
Mahu2021: folds 
Uncalled bet (60) returned to glazdovskiy
glazdovskiy collected 60 from pot
*** SUMMARY ***
Total pot 60 | Rake 0 
Board [Ad 7s As]
Seat 2: Mahu2021 (button) (small blind) folded on the Flop
Seat 3: glazdovskiy (big blind) collected (60)



PokerStars Hand #249511585446: Tournament #3730966440, $1.84+$0.16 USD Hold'em No Limit - Level II (15/30) - 2024/03/19 20:25:42 CET [2024/03/19 15:25:42 ET]
Table '3730966440 1' 3-max Seat #3 is the button
Seat 2: Mahu2021 (870 in chips) 
Seat 3: glazdovskiy (630 in chips) 
glazdovskiy: posts small blind 15
Mahu2021: posts big blind 30
*** HOLE CARDS ***
Dealt to Mahu2021 [5s 5c]
glazdovskiy: calls 15
Mahu2021: raises 840 to 870 and is all-in
glazdovskiy: folds 
Uncalled bet (840) returned to Mahu2021
Mahu2021 collected 60 from pot
Mahu2021: doesn't show hand 
*** SUMMARY ***
Total pot 60 | Rake 0 
Seat 2: Mahu2021 (big blind) collected (60)
Seat 3: glazdovskiy (button) (small blind) folded before Flop



PokerStars Hand #249511590345: Tournament #3730966440, $1.84+$0.16 USD Hold'em No Limit - Level II (15/30) - 2024/03/19 20:25:57 CET [2024/03/19 15:25:57 ET]
Table '3730966440 1' 3-max Seat #2 is the button
Seat 2: Mahu2021 (900 in chips) 
Seat 3: glazdovskiy (600 in chips) 
Mahu2021: posts small blind 15
glazdovskiy: posts big blind 30
*** HOLE CARDS ***
Dealt to Mahu2021 [2s 6c]
Mahu2021: folds 
Uncalled bet (15) returned to glazdovskiy
glazdovskiy collected 30 from pot
*** SUMMARY ***
Total pot 30 | Rake 0 
Seat 2: Mahu2021 (button) (small blind) folded before Flop
Seat 3: glazdovskiy (big blind) collected (30)



PokerStars Hand #249511591834: Tournament #3730966440, $1.84+$0.16 USD Hold'em No Limit - Level II (15/30) - 2024/03/19 20:26:02 CET [2024/03/19 15:26:02 ET]
Table '3730966440 1' 3-max Seat #3 is the button
Seat 2: Mahu2021 (885 in chips) 
Seat 3: glazdovskiy (615 in chips) 
glazdovskiy: posts small blind 15
Mahu2021: posts big blind 30
*** HOLE CARDS ***
Dealt to Mahu2021 [7d 3s]
glazdovskiy: raises 30 to 60
Mahu2021: folds 
Uncalled bet (30) returned to glazdovskiy
glazdovskiy collected 60 from pot
*** SUMMARY ***
Total pot 60 | Rake 0 
Seat 2: Mahu2021 (big blind) folded before Flop
Seat 3: glazdovskiy (button) (small blind) collected (60)



PokerStars Hand #249511594038: Tournament #3730966440, $1.84+$0.16 USD Hold'em No Limit - Level II (15/30) - 2024/03/19 20:26:09 CET [2024/03/19 15:26:09 ET]
Table '3730966440 1' 3-max Seat #2 is the button
Seat 2: Mahu2021 (855 in chips) 
Seat 3: glazdovskiy (645 in chips) 
Mahu2021: posts small blind 15
glazdovskiy: posts big blind 30
*** HOLE CARDS ***
Dealt to Mahu2021 [7c 8s]
Mahu2021: raises 30 to 60
glazdovskiy: folds 
Uncalled bet (30) returned to Mahu2021
Mahu2021 collected 60 from pot
Mahu2021: doesn't show hand 
*** SUMMARY ***
Total pot 60 | Rake 0 
Seat 2: Mahu2021 (button) (small blind) collected (60)
Seat 3: glazdovskiy (big blind) folded before Flop



PokerStars Hand #249511597028: Tournament #3730966440, $1.84+$0.16 USD Hold'em No Limit - Level II (15/30) - 2024/03/19 20:26:18 CET [2024/03/19 15:26:18 ET]
Table '3730966440 1' 3-max Seat #3 is the button
Seat 2: Mahu2021 (885 in chips) 
Seat 3: glazdovskiy (615 in chips) 
glazdovskiy: posts small blind 15
Mahu2021: posts big blind 30
*** HOLE CARDS ***
Dealt to Mahu2021 [9s 2d]
glazdovskiy: calls 15
Mahu2021: checks 
*** FLOP *** [Jc Qd 8h]
Mahu2021: checks 
glazdovskiy: checks 
*** TURN *** [Jc Qd 8h] [7h]
Mahu2021: checks 
glazdovskiy: bets 30
Mahu2021: calls 30
*** RIVER *** [Jc Qd 8h 7h] [Th]
Mahu2021: bets 120
glazdovskiy: raises 120 to 240
Mahu2021: calls 120
*** SHOW DOWN ***
glazdovskiy: shows [2h 5h] (a flush, Ten high)
Mahu2021: mucks hand 
glazdovskiy collected 600 from pot
*** SUMMARY ***
Total pot 600 | Rake 0 
Board [Jc Qd 8h 7h Th]
Seat 2: Mahu2021 (big blind) mucked [9s 2d]
Seat 3: glazdovskiy (button) (small blind) showed [2h 5h] and won (600) with a flush, Ten high



PokerStars Hand #249511606520: Tournament #3730966440, $1.84+$0.16 USD Hold'em No Limit - Level II (15/30) - 2024/03/19 20:26:47 CET [2024/03/19 15:26:47 ET]
Table '3730966440 1' 3-max Seat #2 is the button
Seat 2: Mahu2021 (585 in chips) 
Seat 3: glazdovskiy (915 in chips) 
Mahu2021: posts small blind 15
glazdovskiy: posts big blind 30
*** HOLE CARDS ***
Dealt to Mahu2021 [Td Ks]
Mahu2021: raises 30 to 60
glazdovskiy: folds 
Uncalled bet (30) returned to Mahu2021
Mahu2021 collected 60 from pot
Mahu2021: doesn't show hand 
*** SUMMARY ***
Total pot 60 | Rake 0 
Seat 2: Mahu2021 (button) (small blind) collected (60)
Seat 3: glazdovskiy (big blind) folded before Flop



PokerStars Hand #249511609922: Tournament #3730966440, $1.84+$0.16 USD Hold'em No Limit - Level II (15/30) - 2024/03/19 20:26:58 CET [2024/03/19 15:26:58 ET]
Table '3730966440 1' 3-max Seat #3 is the button
Seat 2: Mahu2021 (615 in chips) 
Seat 3: glazdovskiy (885 in chips) 
glazdovskiy: posts small blind 15
Mahu2021: posts big blind 30
*** HOLE CARDS ***
Dealt to Mahu2021 [2h Ks]
glazdovskiy: raises 30 to 60
Mahu2021: calls 30
*** FLOP *** [8d 5c 3d]
Mahu2021: checks 
glazdovskiy: bets 60
Mahu2021: folds 
Uncalled bet (60) returned to glazdovskiy
glazdovskiy collected 120 from pot
*** SUMMARY ***
Total pot 120 | Rake 0 
Board [8d 5c 3d]
Seat 2: Mahu2021 (big blind) folded on the Flop
Seat 3: glazdovskiy (button) (small blind) collected (120)



PokerStars Hand #249511613764: Tournament #3730966440, $1.84+$0.16 USD Hold'em No Limit - Level II (15/30) - 2024/03/19 20:27:09 CET [2024/03/19 15:27:09 ET]
Table '3730966440 1' 3-max Seat #2 is the button
Seat 2: Mahu2021 (555 in chips) 
Seat 3: glazdovskiy (945 in chips) 
Mahu2021: posts small blind 15
glazdovskiy: posts big blind 30
*** HOLE CARDS ***
Dealt to Mahu2021 [5h 3d]
Mahu2021: folds 
Uncalled bet (15) returned to glazdovskiy
glazdovskiy collected 30 from pot
*** SUMMARY ***
Total pot 30 | Rake 0 
Seat 2: Mahu2021 (button) (small blind) folded before Flop
Seat 3: glazdovskiy (big blind) collected (30)



PokerStars Hand #249511615276: Tournament #3730966440, $1.84+$0.16 USD Hold'em No Limit - Level II (15/30) - 2024/03/19 20:27:14 CET [2024/03/19 15:27:14 ET]
Table '3730966440 1' 3-max Seat #3 is the button
Seat 2: Mahu2021 (540 in chips) 
Seat 3: glazdovskiy (960 in chips) 
glazdovskiy: posts small blind 15
Mahu2021: posts big blind 30
*** HOLE CARDS ***
Dealt to Mahu2021 [4h 8d]
glazdovskiy: raises 30 to 60
Mahu2021: folds 
Uncalled bet (30) returned to glazdovskiy
glazdovskiy collected 60 from pot
*** SUMMARY ***
Total pot 60 | Rake 0 
Seat 2: Mahu2021 (big blind) folded before Flop
Seat 3: glazdovskiy (button) (small blind) collected (60)



PokerStars Hand #249511617025: Tournament #3730966440, $1.84+$0.16 USD Hold'em No Limit - Level II (15/30) - 2024/03/19 20:27:20 CET [2024/03/19 15:27:20 ET]
Table '3730966440 1' 3-max Seat #2 is the button
Seat 2: Mahu2021 (510 in chips) 
Seat 3: glazdovskiy (990 in chips) 
Mahu2021: posts small blind 15
glazdovskiy: posts big blind 30
*** HOLE CARDS ***
Dealt to Mahu2021 [4h 4s]
Mahu2021: raises 30 to 60
glazdovskiy: calls 30
*** FLOP *** [Ah Js 2h]
glazdovskiy: bets 60
Mahu2021: folds 
Uncalled bet (60) returned to glazdovskiy
glazdovskiy collected 120 from pot
*** SUMMARY ***
Total pot 120 | Rake 0 
Board [Ah Js 2h]
Seat 2: Mahu2021 (button) (small blind) folded on the Flop
Seat 3: glazdovskiy (big blind) collected (120)



PokerStars Hand #249511620342: Tournament #3730966440, $1.84+$0.16 USD Hold'em No Limit - Level II (15/30) - 2024/03/19 20:27:30 CET [2024/03/19 15:27:30 ET]
Table '3730966440 1' 3-max Seat #3 is the button
Seat 2: Mahu2021 (450 in chips) 
Seat 3: glazdovskiy (1050 in chips) 
glazdovskiy: posts small blind 15
Mahu2021: posts big blind 30
*** HOLE CARDS ***
Dealt to Mahu2021 [7d 6h]
glazdovskiy: raises 30 to 60
Mahu2021: calls 30
*** FLOP *** [4d 6s 2c]
Mahu2021: bets 120
glazdovskiy: calls 120
*** TURN *** [4d 6s 2c] [Ad]
Mahu2021: bets 270 and is all-in
glazdovskiy: calls 270
*** RIVER *** [4d 6s 2c Ad] [8s]
*** SHOW DOWN ***
Mahu2021: shows [7d 6h] (a pair of Sixes)
glazdovskiy: shows [2d As] (two pair, Aces and Deuces)
glazdovskiy collected 900 from pot
Mahu2021 finished the tournament in 2nd place
glazdovskiy wins the tournament and receives $6.00 - congratulations!
*** SUMMARY ***
Total pot 900 | Rake 0 
Board [4d 6s 2c Ad 8s]
Seat 2: Mahu2021 (big blind) showed [7d 6h] and lost with a pair of Sixes
Seat 3: glazdovskiy (button) (small blind) showed [2d As] and won (900) with two pair, Aces and Deuces



