PokerStars Hand #253847086333: Tournament #3833863144, $0.46+$0.04 USD Hold'em No Limit - Level I (10/20) - 2024/12/14 8:23:24 CET [2024/12/14 2:23:24 ET]
Table '3833863144 1' 3-max Seat #1 is the button
Seat 1: GraysonJB (500 in chips) 
Seat 2: joaop210 (500 in chips) 
Seat 3: Mahu2021 (500 in chips) 
joaop210: posts small blind 10
Mahu2021: posts big blind 20
*** HOLE CARDS ***
Dealt to Mahu2021 [6d Ad]
GraysonJB: folds 
joaop210: folds 
Uncalled bet (10) returned to Mahu2021
Mahu2021 collected 20 from pot
Mahu2021: doesn't show hand 
*** SUMMARY ***
Total pot 20 | Rake 0 
Seat 1: GraysonJB (button) folded before Flop (didn't bet)
Seat 2: joaop210 (small blind) folded before Flop
Seat 3: Mahu2021 (big blind) collected (20)



PokerStars Hand #253847086717: Tournament #3833863144, $0.46+$0.04 USD Hold'em No Limit - Level I (10/20) - 2024/12/14 8:23:28 CET [2024/12/14 2:23:28 ET]
Table '3833863144 1' 3-max Seat #2 is the button
Seat 1: GraysonJB (500 in chips) 
Seat 2: joaop210 (490 in chips) 
Seat 3: Mahu2021 (510 in chips) 
Mahu2021: posts small blind 10
GraysonJB: posts big blind 20
*** HOLE CARDS ***
Dealt to Mahu2021 [4c Ts]
joaop210: raises 470 to 490 and is all-in
Mahu2021: folds 
GraysonJB: calls 470
*** FLOP *** [Kd Js 2h]
*** TURN *** [Kd Js 2h] [3s]
*** RIVER *** [Kd Js 2h 3s] [4d]
*** SHOW DOWN ***
GraysonJB: shows [5c Ah] (a straight, Ace to Five)
joaop210: shows [Tc Ks] (a pair of Kings)
GraysonJB collected 990 from pot
joaop210 finished the tournament in 3rd place
*** SUMMARY ***
Total pot 990 | Rake 0 
Board [Kd Js 2h 3s 4d]
Seat 1: GraysonJB (big blind) showed [5c Ah] and won (990) with a straight, Ace to Five
Seat 2: joaop210 (button) showed [Tc Ks] and lost with a pair of Kings
Seat 3: Mahu2021 (small blind) folded before Flop



PokerStars Hand #253847088394: Tournament #3833863144, $0.46+$0.04 USD Hold'em No Limit - Level I (10/20) - 2024/12/14 8:23:49 CET [2024/12/14 2:23:49 ET]
Table '3833863144 1' 3-max Seat #1 is the button
Seat 1: GraysonJB (1000 in chips) 
Seat 3: Mahu2021 (500 in chips) 
GraysonJB: posts small blind 10
Mahu2021: posts big blind 20
*** HOLE CARDS ***
Dealt to Mahu2021 [5s Qs]
GraysonJB: folds 
Uncalled bet (10) returned to Mahu2021
Mahu2021 collected 20 from pot
Mahu2021: doesn't show hand 
*** SUMMARY ***
Total pot 20 | Rake 0 
Seat 1: GraysonJB (button) (small blind) folded before Flop
Seat 3: Mahu2021 (big blind) collected (20)



PokerStars Hand #253847088771: Tournament #3833863144, $0.46+$0.04 USD Hold'em No Limit - Level I (10/20) - 2024/12/14 8:23:53 CET [2024/12/14 2:23:53 ET]
Table '3833863144 1' 3-max Seat #3 is the button
Seat 1: GraysonJB (990 in chips) 
Seat 3: Mahu2021 (510 in chips) 
Mahu2021: posts small blind 10
GraysonJB: posts big blind 20
*** HOLE CARDS ***
Dealt to Mahu2021 [5d Td]
Mahu2021: raises 20 to 40
GraysonJB: raises 80 to 120
Mahu2021: folds 
Uncalled bet (80) returned to GraysonJB
GraysonJB collected 80 from pot
*** SUMMARY ***
Total pot 80 | Rake 0 
Seat 1: GraysonJB (big blind) collected (80)
Seat 3: Mahu2021 (button) (small blind) folded before Flop



PokerStars Hand #253847089452: Tournament #3833863144, $0.46+$0.04 USD Hold'em No Limit - Level I (10/20) - 2024/12/14 8:24:01 CET [2024/12/14 2:24:01 ET]
Table '3833863144 1' 3-max Seat #1 is the button
Seat 1: GraysonJB (1030 in chips) 
Seat 3: Mahu2021 (470 in chips) 
GraysonJB: posts small blind 10
Mahu2021: posts big blind 20
*** HOLE CARDS ***
Dealt to Mahu2021 [As Jh]
GraysonJB: calls 10
Mahu2021: raises 60 to 80
GraysonJB: calls 60
*** FLOP *** [5s 2d Kc]
Mahu2021: checks 
GraysonJB: checks 
*** TURN *** [5s 2d Kc] [5h]
Mahu2021: checks 
GraysonJB: checks 
*** RIVER *** [5s 2d Kc 5h] [4s]
Mahu2021: bets 80
GraysonJB: folds 
Uncalled bet (80) returned to Mahu2021
Mahu2021 collected 160 from pot
Mahu2021: doesn't show hand 
*** SUMMARY ***
Total pot 160 | Rake 0 
Board [5s 2d Kc 5h 4s]
Seat 1: GraysonJB (button) (small blind) folded on the River
Seat 3: Mahu2021 (big blind) collected (160)



PokerStars Hand #253847090974: Tournament #3833863144, $0.46+$0.04 USD Hold'em No Limit - Level I (10/20) - 2024/12/14 8:24:20 CET [2024/12/14 2:24:20 ET]
Table '3833863144 1' 3-max Seat #3 is the button
Seat 1: GraysonJB (950 in chips) 
Seat 3: Mahu2021 (550 in chips) 
Mahu2021: posts small blind 10
GraysonJB: posts big blind 20
*** HOLE CARDS ***
Dealt to Mahu2021 [5c Qd]
Mahu2021: folds 
Uncalled bet (10) returned to GraysonJB
GraysonJB collected 20 from pot
*** SUMMARY ***
Total pot 20 | Rake 0 
Seat 1: GraysonJB (big blind) collected (20)
Seat 3: Mahu2021 (button) (small blind) folded before Flop



PokerStars Hand #253847091365: Tournament #3833863144, $0.46+$0.04 USD Hold'em No Limit - Level I (10/20) - 2024/12/14 8:24:24 CET [2024/12/14 2:24:24 ET]
Table '3833863144 1' 3-max Seat #1 is the button
Seat 1: GraysonJB (960 in chips) 
Seat 3: Mahu2021 (540 in chips) 
GraysonJB: posts small blind 10
Mahu2021: posts big blind 20
*** HOLE CARDS ***
Dealt to Mahu2021 [8s 4c]
GraysonJB: folds 
Uncalled bet (10) returned to Mahu2021
Mahu2021 collected 20 from pot
Mahu2021: doesn't show hand 
*** SUMMARY ***
Total pot 20 | Rake 0 
Seat 1: GraysonJB (button) (small blind) folded before Flop
Seat 3: Mahu2021 (big blind) collected (20)



PokerStars Hand #253847091737: Tournament #3833863144, $0.46+$0.04 USD Hold'em No Limit - Level I (10/20) - 2024/12/14 8:24:29 CET [2024/12/14 2:24:29 ET]
Table '3833863144 1' 3-max Seat #3 is the button
Seat 1: GraysonJB (950 in chips) 
Seat 3: Mahu2021 (550 in chips) 
Mahu2021: posts small blind 10
GraysonJB: posts big blind 20
*** HOLE CARDS ***
Dealt to Mahu2021 [Kd 3d]
Mahu2021: raises 20 to 40
GraysonJB: folds 
Uncalled bet (20) returned to Mahu2021
Mahu2021 collected 40 from pot
Mahu2021: doesn't show hand 
*** SUMMARY ***
Total pot 40 | Rake 0 
Seat 1: GraysonJB (big blind) folded before Flop
Seat 3: Mahu2021 (button) (small blind) collected (40)



PokerStars Hand #253847092154: Tournament #3833863144, $0.46+$0.04 USD Hold'em No Limit - Level I (10/20) - 2024/12/14 8:24:34 CET [2024/12/14 2:24:34 ET]
Table '3833863144 1' 3-max Seat #1 is the button
Seat 1: GraysonJB (930 in chips) 
Seat 3: Mahu2021 (570 in chips) 
GraysonJB: posts small blind 10
Mahu2021: posts big blind 20
*** HOLE CARDS ***
Dealt to Mahu2021 [8c Td]
GraysonJB: raises 20 to 40
Mahu2021: calls 20
*** FLOP *** [4h 9d Ah]
Mahu2021: checks 
GraysonJB: bets 20
Mahu2021: folds 
Uncalled bet (20) returned to GraysonJB
GraysonJB collected 80 from pot
*** SUMMARY ***
Total pot 80 | Rake 0 
Board [4h 9d Ah]
Seat 1: GraysonJB (button) (small blind) collected (80)
Seat 3: Mahu2021 (big blind) folded on the Flop



PokerStars Hand #253847093043: Tournament #3833863144, $0.46+$0.04 USD Hold'em No Limit - Level I (10/20) - 2024/12/14 8:24:44 CET [2024/12/14 2:24:44 ET]
Table '3833863144 1' 3-max Seat #3 is the button
Seat 1: GraysonJB (970 in chips) 
Seat 3: Mahu2021 (530 in chips) 
Mahu2021: posts small blind 10
GraysonJB: posts big blind 20
*** HOLE CARDS ***
Dealt to Mahu2021 [9h Qd]
Mahu2021: raises 20 to 40
GraysonJB: raises 80 to 120
Mahu2021: folds 
Uncalled bet (80) returned to GraysonJB
GraysonJB collected 80 from pot
*** SUMMARY ***
Total pot 80 | Rake 0 
Seat 1: GraysonJB (big blind) collected (80)
Seat 3: Mahu2021 (button) (small blind) folded before Flop



PokerStars Hand #253847093738: Tournament #3833863144, $0.46+$0.04 USD Hold'em No Limit - Level I (10/20) - 2024/12/14 8:24:52 CET [2024/12/14 2:24:52 ET]
Table '3833863144 1' 3-max Seat #1 is the button
Seat 1: GraysonJB (1010 in chips) 
Seat 3: Mahu2021 (490 in chips) 
GraysonJB: posts small blind 10
Mahu2021: posts big blind 20
*** HOLE CARDS ***
Dealt to Mahu2021 [9c 5h]
GraysonJB: raises 20 to 40
Mahu2021: folds 
Uncalled bet (20) returned to GraysonJB
GraysonJB collected 40 from pot
*** SUMMARY ***
Total pot 40 | Rake 0 
Seat 1: GraysonJB (button) (small blind) collected (40)
Seat 3: Mahu2021 (big blind) folded before Flop



PokerStars Hand #253847094222: Tournament #3833863144, $0.46+$0.04 USD Hold'em No Limit - Level I (10/20) - 2024/12/14 8:24:58 CET [2024/12/14 2:24:58 ET]
Table '3833863144 1' 3-max Seat #3 is the button
Seat 1: GraysonJB (1030 in chips) 
Seat 3: Mahu2021 (470 in chips) 
Mahu2021: posts small blind 10
GraysonJB: posts big blind 20
*** HOLE CARDS ***
Dealt to Mahu2021 [3d 6c]
Mahu2021: folds 
Uncalled bet (10) returned to GraysonJB
GraysonJB collected 20 from pot
*** SUMMARY ***
Total pot 20 | Rake 0 
Seat 1: GraysonJB (big blind) collected (20)
Seat 3: Mahu2021 (button) (small blind) folded before Flop



PokerStars Hand #253847094596: Tournament #3833863144, $0.46+$0.04 USD Hold'em No Limit - Level I (10/20) - 2024/12/14 8:25:03 CET [2024/12/14 2:25:03 ET]
Table '3833863144 1' 3-max Seat #1 is the button
Seat 1: GraysonJB (1040 in chips) 
Seat 3: Mahu2021 (460 in chips) 
GraysonJB: posts small blind 10
Mahu2021: posts big blind 20
*** HOLE CARDS ***
Dealt to Mahu2021 [9h 5h]
GraysonJB: folds 
Uncalled bet (10) returned to Mahu2021
Mahu2021 collected 20 from pot
Mahu2021: doesn't show hand 
*** SUMMARY ***
Total pot 20 | Rake 0 
Seat 1: GraysonJB (button) (small blind) folded before Flop
Seat 3: Mahu2021 (big blind) collected (20)



PokerStars Hand #253847094950: Tournament #3833863144, $0.46+$0.04 USD Hold'em No Limit - Level I (10/20) - 2024/12/14 8:25:07 CET [2024/12/14 2:25:07 ET]
Table '3833863144 1' 3-max Seat #3 is the button
Seat 1: GraysonJB (1030 in chips) 
Seat 3: Mahu2021 (470 in chips) 
Mahu2021: posts small blind 10
GraysonJB: posts big blind 20
*** HOLE CARDS ***
Dealt to Mahu2021 [8h Qc]
Mahu2021: raises 20 to 40
GraysonJB: calls 20
*** FLOP *** [2d 5c As]
GraysonJB: checks 
Mahu2021: bets 40
GraysonJB: folds 
Uncalled bet (40) returned to Mahu2021
Mahu2021 collected 80 from pot
Mahu2021: doesn't show hand 
*** SUMMARY ***
Total pot 80 | Rake 0 
Board [2d 5c As]
Seat 1: GraysonJB (big blind) folded on the Flop
Seat 3: Mahu2021 (button) (small blind) collected (80)



PokerStars Hand #253847095904: Tournament #3833863144, $0.46+$0.04 USD Hold'em No Limit - Level I (10/20) - 2024/12/14 8:25:18 CET [2024/12/14 2:25:18 ET]
Table '3833863144 1' 3-max Seat #1 is the button
Seat 1: GraysonJB (990 in chips) 
Seat 3: Mahu2021 (510 in chips) 
GraysonJB: posts small blind 10
Mahu2021: posts big blind 20
*** HOLE CARDS ***
Dealt to Mahu2021 [Qc Kd]
GraysonJB: calls 10
Mahu2021: raises 60 to 80
GraysonJB: calls 60
*** FLOP *** [9d 8d Js]
Mahu2021: checks 
GraysonJB: checks 
*** TURN *** [9d 8d Js] [Kh]
Mahu2021: bets 80
GraysonJB: folds 
Uncalled bet (80) returned to Mahu2021
Mahu2021 collected 160 from pot
Mahu2021: doesn't show hand 
*** SUMMARY ***
Total pot 160 | Rake 0 
Board [9d 8d Js Kh]
Seat 1: GraysonJB (button) (small blind) folded on the Turn
Seat 3: Mahu2021 (big blind) collected (160)



PokerStars Hand #253847098268: Tournament #3833863144, $0.46+$0.04 USD Hold'em No Limit - Level II (15/30) - 2024/12/14 8:25:47 CET [2024/12/14 2:25:47 ET]
Table '3833863144 1' 3-max Seat #3 is the button
Seat 1: GraysonJB (910 in chips) 
Seat 3: Mahu2021 (590 in chips) 
Mahu2021: posts small blind 15
GraysonJB: posts big blind 30
*** HOLE CARDS ***
Dealt to Mahu2021 [Ad As]
Mahu2021: raises 560 to 590 and is all-in
GraysonJB: calls 560
*** FLOP *** [6h 9s Kd]
*** TURN *** [6h 9s Kd] [3s]
*** RIVER *** [6h 9s Kd 3s] [2h]
*** SHOW DOWN ***
GraysonJB: shows [Qh 9h] (a pair of Nines)
Mahu2021: shows [Ad As] (a pair of Aces)
Mahu2021 collected 1180 from pot
*** SUMMARY ***
Total pot 1180 | Rake 0 
Board [6h 9s Kd 3s 2h]
Seat 1: GraysonJB (big blind) showed [Qh 9h] and lost with a pair of Nines
Seat 3: Mahu2021 (button) (small blind) showed [Ad As] and won (1180) with a pair of Aces



PokerStars Hand #253847099411: Tournament #3833863144, $0.46+$0.04 USD Hold'em No Limit - Level II (15/30) - 2024/12/14 8:26:01 CET [2024/12/14 2:26:01 ET]
Table '3833863144 1' 3-max Seat #1 is the button
Seat 1: GraysonJB (320 in chips) 
Seat 3: Mahu2021 (1180 in chips) 
GraysonJB: posts small blind 15
Mahu2021: posts big blind 30
*** HOLE CARDS ***
Dealt to Mahu2021 [Ks 6c]
GraysonJB: folds 
Uncalled bet (15) returned to Mahu2021
Mahu2021 collected 30 from pot
Mahu2021: doesn't show hand 
*** SUMMARY ***
Total pot 30 | Rake 0 
Seat 1: GraysonJB (button) (small blind) folded before Flop
Seat 3: Mahu2021 (big blind) collected (30)



PokerStars Hand #253847100042: Tournament #3833863144, $0.46+$0.04 USD Hold'em No Limit - Level II (15/30) - 2024/12/14 8:26:08 CET [2024/12/14 2:26:08 ET]
Table '3833863144 1' 3-max Seat #3 is the button
Seat 1: GraysonJB (305 in chips) 
Seat 3: Mahu2021 (1195 in chips) 
Mahu2021: posts small blind 15
GraysonJB: posts big blind 30
*** HOLE CARDS ***
Dealt to Mahu2021 [9s Th]
Mahu2021: calls 15
GraysonJB: raises 275 to 305 and is all-in
Mahu2021: folds 
Uncalled bet (275) returned to GraysonJB
GraysonJB collected 60 from pot
*** SUMMARY ***
Total pot 60 | Rake 0 
Seat 1: GraysonJB (big blind) collected (60)
Seat 3: Mahu2021 (button) (small blind) folded before Flop



PokerStars Hand #253847100639: Tournament #3833863144, $0.46+$0.04 USD Hold'em No Limit - Level II (15/30) - 2024/12/14 8:26:16 CET [2024/12/14 2:26:16 ET]
Table '3833863144 1' 3-max Seat #1 is the button
Seat 1: GraysonJB (335 in chips) 
Seat 3: Mahu2021 (1165 in chips) 
GraysonJB: posts small blind 15
Mahu2021: posts big blind 30
*** HOLE CARDS ***
Dealt to Mahu2021 [3s Qd]
GraysonJB: raises 30 to 60
Mahu2021: calls 30
*** FLOP *** [4s 2d Kh]
Mahu2021: checks 
GraysonJB: bets 30
Mahu2021: calls 30
*** TURN *** [4s 2d Kh] [Jc]
Mahu2021: checks 
GraysonJB: checks 
*** RIVER *** [4s 2d Kh Jc] [5d]
Mahu2021: bets 90
GraysonJB: folds 
Uncalled bet (90) returned to Mahu2021
Mahu2021 collected 180 from pot
Mahu2021: doesn't show hand 
*** SUMMARY ***
Total pot 180 | Rake 0 
Board [4s 2d Kh Jc 5d]
Seat 1: GraysonJB (button) (small blind) folded on the River
Seat 3: Mahu2021 (big blind) collected (180)



PokerStars Hand #253847102461: Tournament #3833863144, $0.46+$0.04 USD Hold'em No Limit - Level II (15/30) - 2024/12/14 8:26:38 CET [2024/12/14 2:26:38 ET]
Table '3833863144 1' 3-max Seat #3 is the button
Seat 1: GraysonJB (245 in chips) 
Seat 3: Mahu2021 (1255 in chips) 
Mahu2021: posts small blind 15
GraysonJB: posts big blind 30
*** HOLE CARDS ***
Dealt to Mahu2021 [Qc 8c]
Mahu2021: raises 30 to 60
GraysonJB: folds 
Uncalled bet (30) returned to Mahu2021
Mahu2021 collected 60 from pot
Mahu2021: doesn't show hand 
*** SUMMARY ***
Total pot 60 | Rake 0 
Seat 1: GraysonJB (big blind) folded before Flop
Seat 3: Mahu2021 (button) (small blind) collected (60)



PokerStars Hand #253847102960: Tournament #3833863144, $0.46+$0.04 USD Hold'em No Limit - Level II (15/30) - 2024/12/14 8:26:44 CET [2024/12/14 2:26:44 ET]
Table '3833863144 1' 3-max Seat #1 is the button
Seat 1: GraysonJB (215 in chips) 
Seat 3: Mahu2021 (1285 in chips) 
GraysonJB: posts small blind 15
Mahu2021: posts big blind 30
*** HOLE CARDS ***
Dealt to Mahu2021 [2c 5c]
GraysonJB: raises 185 to 215 and is all-in
Mahu2021: folds 
Uncalled bet (185) returned to GraysonJB
GraysonJB collected 60 from pot
*** SUMMARY ***
Total pot 60 | Rake 0 
Seat 1: GraysonJB (button) (small blind) collected (60)
Seat 3: Mahu2021 (big blind) folded before Flop



PokerStars Hand #253847103477: Tournament #3833863144, $0.46+$0.04 USD Hold'em No Limit - Level II (15/30) - 2024/12/14 8:26:50 CET [2024/12/14 2:26:50 ET]
Table '3833863144 1' 3-max Seat #3 is the button
Seat 1: GraysonJB (245 in chips) 
Seat 3: Mahu2021 (1255 in chips) 
Mahu2021: posts small blind 15
GraysonJB: posts big blind 30
*** HOLE CARDS ***
Dealt to Mahu2021 [8s Ts]
Mahu2021: raises 30 to 60
GraysonJB: folds 
Uncalled bet (30) returned to Mahu2021
Mahu2021 collected 60 from pot
Mahu2021: doesn't show hand 
*** SUMMARY ***
Total pot 60 | Rake 0 
Seat 1: GraysonJB (big blind) folded before Flop
Seat 3: Mahu2021 (button) (small blind) collected (60)



PokerStars Hand #253847103972: Tournament #3833863144, $0.46+$0.04 USD Hold'em No Limit - Level II (15/30) - 2024/12/14 8:26:56 CET [2024/12/14 2:26:56 ET]
Table '3833863144 1' 3-max Seat #1 is the button
Seat 1: GraysonJB (215 in chips) 
Seat 3: Mahu2021 (1285 in chips) 
GraysonJB: posts small blind 15
Mahu2021: posts big blind 30
*** HOLE CARDS ***
Dealt to Mahu2021 [Ts 6d]
GraysonJB: raises 185 to 215 and is all-in
Mahu2021: folds 
Uncalled bet (185) returned to GraysonJB
GraysonJB collected 60 from pot
*** SUMMARY ***
Total pot 60 | Rake 0 
Seat 1: GraysonJB (button) (small blind) collected (60)
Seat 3: Mahu2021 (big blind) folded before Flop



PokerStars Hand #253847104525: Tournament #3833863144, $0.46+$0.04 USD Hold'em No Limit - Level II (15/30) - 2024/12/14 8:27:03 CET [2024/12/14 2:27:03 ET]
Table '3833863144 1' 3-max Seat #3 is the button
Seat 1: GraysonJB (245 in chips) 
Seat 3: Mahu2021 (1255 in chips) 
Mahu2021: posts small blind 15
GraysonJB: posts big blind 30
*** HOLE CARDS ***
Dealt to Mahu2021 [8d 6d]
Mahu2021: folds 
Uncalled bet (15) returned to GraysonJB
GraysonJB collected 30 from pot
*** SUMMARY ***
Total pot 30 | Rake 0 
Seat 1: GraysonJB (big blind) collected (30)
Seat 3: Mahu2021 (button) (small blind) folded before Flop



PokerStars Hand #253847104916: Tournament #3833863144, $0.46+$0.04 USD Hold'em No Limit - Level II (15/30) - 2024/12/14 8:27:07 CET [2024/12/14 2:27:07 ET]
Table '3833863144 1' 3-max Seat #1 is the button
Seat 1: GraysonJB (260 in chips) 
Seat 3: Mahu2021 (1240 in chips) 
GraysonJB: posts small blind 15
Mahu2021: posts big blind 30
*** HOLE CARDS ***
Dealt to Mahu2021 [7d Qc]
GraysonJB: folds 
Uncalled bet (15) returned to Mahu2021
Mahu2021 collected 30 from pot
Mahu2021: doesn't show hand 
*** SUMMARY ***
Total pot 30 | Rake 0 
Seat 1: GraysonJB (button) (small blind) folded before Flop
Seat 3: Mahu2021 (big blind) collected (30)



PokerStars Hand #253847105261: Tournament #3833863144, $0.46+$0.04 USD Hold'em No Limit - Level II (15/30) - 2024/12/14 8:27:11 CET [2024/12/14 2:27:11 ET]
Table '3833863144 1' 3-max Seat #3 is the button
Seat 1: GraysonJB (245 in chips) 
Seat 3: Mahu2021 (1255 in chips) 
Mahu2021: posts small blind 15
GraysonJB: posts big blind 30
*** HOLE CARDS ***
Dealt to Mahu2021 [5s 9d]
Mahu2021: folds 
Uncalled bet (15) returned to GraysonJB
GraysonJB collected 30 from pot
*** SUMMARY ***
Total pot 30 | Rake 0 
Seat 1: GraysonJB (big blind) collected (30)
Seat 3: Mahu2021 (button) (small blind) folded before Flop



PokerStars Hand #253847105712: Tournament #3833863144, $0.46+$0.04 USD Hold'em No Limit - Level II (15/30) - 2024/12/14 8:27:17 CET [2024/12/14 2:27:17 ET]
Table '3833863144 1' 3-max Seat #1 is the button
Seat 1: GraysonJB (260 in chips) 
Seat 3: Mahu2021 (1240 in chips) 
GraysonJB: posts small blind 15
Mahu2021: posts big blind 30
*** HOLE CARDS ***
Dealt to Mahu2021 [2c 5h]
GraysonJB: raises 230 to 260 and is all-in
Mahu2021: folds 
Uncalled bet (230) returned to GraysonJB
GraysonJB collected 60 from pot
*** SUMMARY ***
Total pot 60 | Rake 0 
Seat 1: GraysonJB (button) (small blind) collected (60)
Seat 3: Mahu2021 (big blind) folded before Flop



PokerStars Hand #253847106235: Tournament #3833863144, $0.46+$0.04 USD Hold'em No Limit - Level II (15/30) - 2024/12/14 8:27:23 CET [2024/12/14 2:27:23 ET]
Table '3833863144 1' 3-max Seat #3 is the button
Seat 1: GraysonJB (290 in chips) 
Seat 3: Mahu2021 (1210 in chips) 
Mahu2021: posts small blind 15
GraysonJB: posts big blind 30
*** HOLE CARDS ***
Dealt to Mahu2021 [8d 9d]
Mahu2021: raises 30 to 60
GraysonJB: folds 
Uncalled bet (30) returned to Mahu2021
Mahu2021 collected 60 from pot
Mahu2021: doesn't show hand 
*** SUMMARY ***
Total pot 60 | Rake 0 
Seat 1: GraysonJB (big blind) folded before Flop
Seat 3: Mahu2021 (button) (small blind) collected (60)



PokerStars Hand #253847106949: Tournament #3833863144, $0.46+$0.04 USD Hold'em No Limit - Level III (20/40) - 2024/12/14 8:27:32 CET [2024/12/14 2:27:32 ET]
Table '3833863144 1' 3-max Seat #1 is the button
Seat 1: GraysonJB (260 in chips) 
Seat 3: Mahu2021 (1240 in chips) 
GraysonJB: posts small blind 20
Mahu2021: posts big blind 40
*** HOLE CARDS ***
Dealt to Mahu2021 [Ah Jh]
GraysonJB: folds 
Uncalled bet (20) returned to Mahu2021
Mahu2021 collected 40 from pot
Mahu2021: doesn't show hand 
*** SUMMARY ***
Total pot 40 | Rake 0 
Seat 1: GraysonJB (button) (small blind) folded before Flop
Seat 3: Mahu2021 (big blind) collected (40)



PokerStars Hand #253847107334: Tournament #3833863144, $0.46+$0.04 USD Hold'em No Limit - Level III (20/40) - 2024/12/14 8:27:37 CET [2024/12/14 2:27:37 ET]
Table '3833863144 1' 3-max Seat #3 is the button
Seat 1: GraysonJB (240 in chips) 
Seat 3: Mahu2021 (1260 in chips) 
Mahu2021: posts small blind 20
GraysonJB: posts big blind 40
*** HOLE CARDS ***
Dealt to Mahu2021 [Jd 2d]
Mahu2021: raises 40 to 80
GraysonJB: folds 
Uncalled bet (40) returned to Mahu2021
Mahu2021 collected 80 from pot
Mahu2021: doesn't show hand 
*** SUMMARY ***
Total pot 80 | Rake 0 
Seat 1: GraysonJB (big blind) folded before Flop
Seat 3: Mahu2021 (button) (small blind) collected (80)



PokerStars Hand #253847107798: Tournament #3833863144, $0.46+$0.04 USD Hold'em No Limit - Level III (20/40) - 2024/12/14 8:27:42 CET [2024/12/14 2:27:42 ET]
Table '3833863144 1' 3-max Seat #1 is the button
Seat 1: GraysonJB (200 in chips) 
Seat 3: Mahu2021 (1300 in chips) 
GraysonJB: posts small blind 20
Mahu2021: posts big blind 40
*** HOLE CARDS ***
Dealt to Mahu2021 [5h Jh]
GraysonJB: raises 160 to 200 and is all-in
Mahu2021: folds 
Uncalled bet (160) returned to GraysonJB
GraysonJB collected 80 from pot
*** SUMMARY ***
Total pot 80 | Rake 0 
Seat 1: GraysonJB (button) (small blind) collected (80)
Seat 3: Mahu2021 (big blind) folded before Flop



PokerStars Hand #253847108425: Tournament #3833863144, $0.46+$0.04 USD Hold'em No Limit - Level III (20/40) - 2024/12/14 8:27:50 CET [2024/12/14 2:27:50 ET]
Table '3833863144 1' 3-max Seat #3 is the button
Seat 1: GraysonJB (240 in chips) 
Seat 3: Mahu2021 (1260 in chips) 
Mahu2021: posts small blind 20
GraysonJB: posts big blind 40
*** HOLE CARDS ***
Dealt to Mahu2021 [Tc 6d]
Mahu2021: folds 
Uncalled bet (20) returned to GraysonJB
GraysonJB collected 40 from pot
*** SUMMARY ***
Total pot 40 | Rake 0 
Seat 1: GraysonJB (big blind) collected (40)
Seat 3: Mahu2021 (button) (small blind) folded before Flop



PokerStars Hand #253847108827: Tournament #3833863144, $0.46+$0.04 USD Hold'em No Limit - Level III (20/40) - 2024/12/14 8:27:55 CET [2024/12/14 2:27:55 ET]
Table '3833863144 1' 3-max Seat #1 is the button
Seat 1: GraysonJB (260 in chips) 
Seat 3: Mahu2021 (1240 in chips) 
GraysonJB: posts small blind 20
Mahu2021: posts big blind 40
*** HOLE CARDS ***
Dealt to Mahu2021 [2h 4h]
GraysonJB: folds 
Uncalled bet (20) returned to Mahu2021
Mahu2021 collected 40 from pot
Mahu2021: doesn't show hand 
*** SUMMARY ***
Total pot 40 | Rake 0 
Seat 1: GraysonJB (button) (small blind) folded before Flop
Seat 3: Mahu2021 (big blind) collected (40)



PokerStars Hand #253847109193: Tournament #3833863144, $0.46+$0.04 USD Hold'em No Limit - Level III (20/40) - 2024/12/14 8:27:59 CET [2024/12/14 2:27:59 ET]
Table '3833863144 1' 3-max Seat #3 is the button
Seat 1: GraysonJB (240 in chips) 
Seat 3: Mahu2021 (1260 in chips) 
Mahu2021: posts small blind 20
GraysonJB: posts big blind 40
*** HOLE CARDS ***
Dealt to Mahu2021 [Qs 3h]
Mahu2021: raises 40 to 80
GraysonJB: calls 40
*** FLOP *** [9s Kh Ts]
GraysonJB: bets 160 and is all-in
Mahu2021: folds 
Uncalled bet (160) returned to GraysonJB
GraysonJB collected 160 from pot
*** SUMMARY ***
Total pot 160 | Rake 0 
Board [9s Kh Ts]
Seat 1: GraysonJB (big blind) collected (160)
Seat 3: Mahu2021 (button) (small blind) folded on the Flop



PokerStars Hand #253847110325: Tournament #3833863144, $0.46+$0.04 USD Hold'em No Limit - Level III (20/40) - 2024/12/14 8:28:13 CET [2024/12/14 2:28:13 ET]
Table '3833863144 1' 3-max Seat #1 is the button
Seat 1: GraysonJB (320 in chips) 
Seat 3: Mahu2021 (1180 in chips) 
GraysonJB: posts small blind 20
Mahu2021: posts big blind 40
*** HOLE CARDS ***
Dealt to Mahu2021 [Kh As]
GraysonJB: folds 
Uncalled bet (20) returned to Mahu2021
Mahu2021 collected 40 from pot
Mahu2021: doesn't show hand 
*** SUMMARY ***
Total pot 40 | Rake 0 
Seat 1: GraysonJB (button) (small blind) folded before Flop
Seat 3: Mahu2021 (big blind) collected (40)



PokerStars Hand #253847110720: Tournament #3833863144, $0.46+$0.04 USD Hold'em No Limit - Level III (20/40) - 2024/12/14 8:28:18 CET [2024/12/14 2:28:18 ET]
Table '3833863144 1' 3-max Seat #3 is the button
Seat 1: GraysonJB (300 in chips) 
Seat 3: Mahu2021 (1200 in chips) 
Mahu2021: posts small blind 20
GraysonJB: posts big blind 40
*** HOLE CARDS ***
Dealt to Mahu2021 [Kd Qs]
Mahu2021: raises 80 to 120
GraysonJB: folds 
Uncalled bet (80) returned to Mahu2021
Mahu2021 collected 80 from pot
Mahu2021: doesn't show hand 
*** SUMMARY ***
Total pot 80 | Rake 0 
Seat 1: GraysonJB (big blind) folded before Flop
Seat 3: Mahu2021 (button) (small blind) collected (80)



PokerStars Hand #253847111561: Tournament #3833863144, $0.46+$0.04 USD Hold'em No Limit - Level III (20/40) - 2024/12/14 8:28:29 CET [2024/12/14 2:28:29 ET]
Table '3833863144 1' 3-max Seat #1 is the button
Seat 1: GraysonJB (260 in chips) 
Seat 3: Mahu2021 (1240 in chips) 
GraysonJB: posts small blind 20
Mahu2021: posts big blind 40
*** HOLE CARDS ***
Dealt to Mahu2021 [Td 3s]
GraysonJB: raises 220 to 260 and is all-in
Mahu2021: folds 
Uncalled bet (220) returned to GraysonJB
GraysonJB collected 80 from pot
*** SUMMARY ***
Total pot 80 | Rake 0 
Seat 1: GraysonJB (button) (small blind) collected (80)
Seat 3: Mahu2021 (big blind) folded before Flop



PokerStars Hand #253847112118: Tournament #3833863144, $0.46+$0.04 USD Hold'em No Limit - Level III (20/40) - 2024/12/14 8:28:35 CET [2024/12/14 2:28:35 ET]
Table '3833863144 1' 3-max Seat #3 is the button
Seat 1: GraysonJB (300 in chips) 
Seat 3: Mahu2021 (1200 in chips) 
Mahu2021: posts small blind 20
GraysonJB: posts big blind 40
*** HOLE CARDS ***
Dealt to Mahu2021 [Tc Qs]
Mahu2021: raises 40 to 80
GraysonJB: calls 40
*** FLOP *** [5d 8c 8h]
GraysonJB: bets 220 and is all-in
Mahu2021: folds 
Uncalled bet (220) returned to GraysonJB
GraysonJB collected 160 from pot
*** SUMMARY ***
Total pot 160 | Rake 0 
Board [5d 8c 8h]
Seat 1: GraysonJB (big blind) collected (160)
Seat 3: Mahu2021 (button) (small blind) folded on the Flop



PokerStars Hand #253847113061: Tournament #3833863144, $0.46+$0.04 USD Hold'em No Limit - Level III (20/40) - 2024/12/14 8:28:47 CET [2024/12/14 2:28:47 ET]
Table '3833863144 1' 3-max Seat #1 is the button
Seat 1: GraysonJB (380 in chips) 
Seat 3: Mahu2021 (1120 in chips) 
GraysonJB: posts small blind 20
Mahu2021: posts big blind 40
*** HOLE CARDS ***
Dealt to Mahu2021 [Qs 8h]
GraysonJB: calls 20
Mahu2021: raises 1080 to 1120 and is all-in
GraysonJB: calls 340 and is all-in
Uncalled bet (740) returned to Mahu2021
*** FLOP *** [Ah Kc Ts]
*** TURN *** [Ah Kc Ts] [As]
*** RIVER *** [Ah Kc Ts As] [5h]
*** SHOW DOWN ***
Mahu2021: shows [Qs 8h] (a pair of Aces)
GraysonJB: shows [6d Jd] (a pair of Aces - lower kicker)
Mahu2021 collected 760 from pot
GraysonJB finished the tournament in 2nd place
Mahu2021 wins the tournament - congratulations!
Mahu2021 wins a '$1.00 Power Path Step 2 Ticket' ticket
*** SUMMARY ***
Total pot 760 | Rake 0 
Board [Ah Kc Ts As 5h]
Seat 1: GraysonJB (button) (small blind) showed [6d Jd] and lost with a pair of Aces
Seat 3: Mahu2021 (big blind) showed [Qs 8h] and won (760) with a pair of Aces



