PokerStars Hand #246830294206: Tournament #3665996483, $1.84+$0.16 USD Hold'em No Limit - Level I (10/20) - 2023/10/30 18:36:10 CET [2023/10/30 13:36:10 ET]
Table '3665996483 1' 3-max Seat #1 is the button
Seat 1: Mahu2021 (500 in chips) 
Seat 2: marcelino973 (500 in chips) 
Seat 3: Cameron2567 (500 in chips) 
marcelino973: posts small blind 10
Cameron2567: posts big blind 20
*** HOLE CARDS ***
Dealt to Mahu2021 [4c As]
Mahu2021: folds 
marcelino973: calls 10
Cameron2567: checks 
*** FLOP *** [2d Jh 5s]
marcelino973: bets 20
Cameron2567: calls 20
*** TURN *** [2d Jh 5s] [8d]
marcelino973: checks 
Cameron2567: bets 40
marcelino973: folds 
Uncalled bet (40) returned to Cameron2567
Cameron2567 collected 80 from pot
*** SUMMARY ***
Total pot 80 | Rake 0 
Board [2d Jh 5s 8d]
Seat 1: Mahu2021 (button) folded before Flop (didn't bet)
Seat 2: marcelino973 (small blind) folded on the Turn
Seat 3: Cameron2567 (big blind) collected (80)



PokerStars Hand #246830302209: Tournament #3665996483, $1.84+$0.16 USD Hold'em No Limit - Level I (10/20) - 2023/10/30 18:36:36 CET [2023/10/30 13:36:36 ET]
Table '3665996483 1' 3-max Seat #2 is the button
Seat 1: Mahu2021 (500 in chips) 
Seat 2: marcelino973 (460 in chips) 
Seat 3: Cameron2567 (540 in chips) 
Cameron2567: posts small blind 10
Mahu2021: posts big blind 20
*** HOLE CARDS ***
Dealt to Mahu2021 [8d 9d]
marcelino973: raises 20 to 40
Cameron2567: calls 30
Mahu2021: calls 20
*** FLOP *** [6s Jh Th]
Cameron2567: checks 
Mahu2021: checks 
marcelino973: bets 60
Cameron2567: calls 60
Mahu2021: calls 60
*** TURN *** [6s Jh Th] [7h]
Cameron2567: checks 
Mahu2021: checks 
marcelino973: bets 300
Cameron2567: folds 
Mahu2021: folds [8d 9d]
Uncalled bet (300) returned to marcelino973
marcelino973 collected 300 from pot
*** SUMMARY ***
Total pot 300 | Rake 0 
Board [6s Jh Th 7h]
Seat 1: Mahu2021 (big blind) folded on the Turn
Seat 2: marcelino973 (button) collected (300)
Seat 3: Cameron2567 (small blind) folded on the Turn



PokerStars Hand #246830311943: Tournament #3665996483, $1.84+$0.16 USD Hold'em No Limit - Level I (10/20) - 2023/10/30 18:37:07 CET [2023/10/30 13:37:07 ET]
Table '3665996483 1' 3-max Seat #3 is the button
Seat 1: Mahu2021 (400 in chips) 
Seat 2: marcelino973 (660 in chips) 
Seat 3: Cameron2567 (440 in chips) 
Mahu2021: posts small blind 10
marcelino973: posts big blind 20
*** HOLE CARDS ***
Dealt to Mahu2021 [7d Jd]
Cameron2567: calls 20
Mahu2021: calls 10
marcelino973: raises 60 to 80
Cameron2567: folds 
Mahu2021: folds 
Uncalled bet (60) returned to marcelino973
marcelino973 collected 60 from pot
*** SUMMARY ***
Total pot 60 | Rake 0 
Seat 1: Mahu2021 (small blind) folded before Flop
Seat 2: marcelino973 (big blind) collected (60)
Seat 3: Cameron2567 (button) folded before Flop



PokerStars Hand #246830318494: Tournament #3665996483, $1.84+$0.16 USD Hold'em No Limit - Level I (10/20) - 2023/10/30 18:37:28 CET [2023/10/30 13:37:28 ET]
Table '3665996483 1' 3-max Seat #1 is the button
Seat 1: Mahu2021 (380 in chips) 
Seat 2: marcelino973 (700 in chips) 
Seat 3: Cameron2567 (420 in chips) 
marcelino973: posts small blind 10
Cameron2567: posts big blind 20
*** HOLE CARDS ***
Dealt to Mahu2021 [2s 4d]
Mahu2021: folds 
marcelino973: calls 10
Cameron2567: raises 40 to 60
marcelino973: calls 40
*** FLOP *** [Ah 9d 3h]
marcelino973: checks 
Cameron2567: bets 60
marcelino973: folds 
Uncalled bet (60) returned to Cameron2567
Cameron2567 collected 120 from pot
*** SUMMARY ***
Total pot 120 | Rake 0 
Board [Ah 9d 3h]
Seat 1: Mahu2021 (button) folded before Flop (didn't bet)
Seat 2: marcelino973 (small blind) folded on the Flop
Seat 3: Cameron2567 (big blind) collected (120)



PokerStars Hand #246830323889: Tournament #3665996483, $1.84+$0.16 USD Hold'em No Limit - Level I (10/20) - 2023/10/30 18:37:45 CET [2023/10/30 13:37:45 ET]
Table '3665996483 1' 3-max Seat #2 is the button
Seat 1: Mahu2021 (380 in chips) 
Seat 2: marcelino973 (640 in chips) 
Seat 3: Cameron2567 (480 in chips) 
Cameron2567: posts small blind 10
Mahu2021: posts big blind 20
*** HOLE CARDS ***
Dealt to Mahu2021 [Qc 8h]
marcelino973: folds 
Cameron2567: raises 40 to 60
Mahu2021: folds 
Uncalled bet (40) returned to Cameron2567
Cameron2567 collected 40 from pot
*** SUMMARY ***
Total pot 40 | Rake 0 
Seat 1: Mahu2021 (big blind) folded before Flop
Seat 2: marcelino973 (button) folded before Flop (didn't bet)
Seat 3: Cameron2567 (small blind) collected (40)



PokerStars Hand #246830326835: Tournament #3665996483, $1.84+$0.16 USD Hold'em No Limit - Level I (10/20) - 2023/10/30 18:37:55 CET [2023/10/30 13:37:55 ET]
Table '3665996483 1' 3-max Seat #3 is the button
Seat 1: Mahu2021 (360 in chips) 
Seat 2: marcelino973 (640 in chips) 
Seat 3: Cameron2567 (500 in chips) 
Mahu2021: posts small blind 10
marcelino973: posts big blind 20
*** HOLE CARDS ***
Dealt to Mahu2021 [Jc 7h]
Cameron2567: folds 
Mahu2021: folds 
Uncalled bet (10) returned to marcelino973
marcelino973 collected 20 from pot
*** SUMMARY ***
Total pot 20 | Rake 0 
Seat 1: Mahu2021 (small blind) folded before Flop
Seat 2: marcelino973 (big blind) collected (20)
Seat 3: Cameron2567 (button) folded before Flop (didn't bet)



PokerStars Hand #246830328619: Tournament #3665996483, $1.84+$0.16 USD Hold'em No Limit - Level I (10/20) - 2023/10/30 18:38:00 CET [2023/10/30 13:38:00 ET]
Table '3665996483 1' 3-max Seat #1 is the button
Seat 1: Mahu2021 (350 in chips) 
Seat 2: marcelino973 (650 in chips) 
Seat 3: Cameron2567 (500 in chips) 
marcelino973: posts small blind 10
Cameron2567: posts big blind 20
*** HOLE CARDS ***
Dealt to Mahu2021 [Kh 7c]
Mahu2021: folds 
marcelino973: calls 10
Cameron2567: checks 
*** FLOP *** [8c 6d 9d]
marcelino973: checks 
Cameron2567: bets 40
marcelino973: folds 
Uncalled bet (40) returned to Cameron2567
Cameron2567 collected 40 from pot
*** SUMMARY ***
Total pot 40 | Rake 0 
Board [8c 6d 9d]
Seat 1: Mahu2021 (button) folded before Flop (didn't bet)
Seat 2: marcelino973 (small blind) folded on the Flop
Seat 3: Cameron2567 (big blind) collected (40)



PokerStars Hand #246830332784: Tournament #3665996483, $1.84+$0.16 USD Hold'em No Limit - Level I (10/20) - 2023/10/30 18:38:14 CET [2023/10/30 13:38:14 ET]
Table '3665996483 1' 3-max Seat #2 is the button
Seat 1: Mahu2021 (350 in chips) 
Seat 2: marcelino973 (630 in chips) 
Seat 3: Cameron2567 (520 in chips) 
Cameron2567: posts small blind 10
Mahu2021: posts big blind 20
*** HOLE CARDS ***
Dealt to Mahu2021 [Tc 2c]
marcelino973: calls 20
Cameron2567: calls 10
Mahu2021: checks 
*** FLOP *** [3c Js 6d]
Cameron2567: bets 30
Mahu2021: folds 
marcelino973: calls 30
*** TURN *** [3c Js 6d] [8h]
Cameron2567: checks 
marcelino973: bets 40
Cameron2567: calls 40
*** RIVER *** [3c Js 6d 8h] [Jd]
Cameron2567: checks 
marcelino973: bets 40
Cameron2567: calls 40
*** SHOW DOWN ***
marcelino973: shows [Ks 8c] (two pair, Jacks and Eights)
Cameron2567: mucks hand 
marcelino973 collected 280 from pot
*** SUMMARY ***
Total pot 280 | Rake 0 
Board [3c Js 6d 8h Jd]
Seat 1: Mahu2021 (big blind) folded on the Flop
Seat 2: marcelino973 (button) showed [Ks 8c] and won (280) with two pair, Jacks and Eights
Seat 3: Cameron2567 (small blind) mucked [3h Kh]



PokerStars Hand #246830341385: Tournament #3665996483, $1.84+$0.16 USD Hold'em No Limit - Level I (10/20) - 2023/10/30 18:38:41 CET [2023/10/30 13:38:41 ET]
Table '3665996483 1' 3-max Seat #3 is the button
Seat 1: Mahu2021 (330 in chips) 
Seat 2: marcelino973 (780 in chips) 
Seat 3: Cameron2567 (390 in chips) 
Mahu2021: posts small blind 10
marcelino973: posts big blind 20
*** HOLE CARDS ***
Dealt to Mahu2021 [Ad 4h]
Cameron2567: folds 
Mahu2021: raises 60 to 80
marcelino973: calls 60
*** FLOP *** [3s Js 5d]
Mahu2021: bets 250 and is all-in
marcelino973: calls 250
*** TURN *** [3s Js 5d] [Qc]
*** RIVER *** [3s Js 5d Qc] [Ts]
*** SHOW DOWN ***
Mahu2021: shows [Ad 4h] (high card Ace)
marcelino973: shows [6d 6s] (a pair of Sixes)
marcelino973 collected 660 from pot
Mahu2021 finished the tournament in 3rd place
*** SUMMARY ***
Total pot 660 | Rake 0 
Board [3s Js 5d Qc Ts]
Seat 1: Mahu2021 (small blind) showed [Ad 4h] and lost with high card Ace
Seat 2: marcelino973 (big blind) showed [6d 6s] and won (660) with a pair of Sixes
Seat 3: Cameron2567 (button) folded before Flop (didn't bet)



