PokerStars Hand #245126862473: Tournament #3624942944, $0.92+$0.08 USD Hold'em No Limit - Level I (10/20) - 2023/07/31 20:22:30 CET [2023/07/31 14:22:30 ET]
Table '3624942944 1' 3-max Seat #1 is the button
Seat 1: lillskit87 (500 in chips) 
Seat 2: Mahu2021 (500 in chips) 
Seat 3: FullGin (500 in chips) 
Mahu2021: posts small blind 10
FullGin: posts big blind 20
*** HOLE CARDS ***
Dealt to Mahu2021 [Ts Kh]
lillskit87: raises 20 to 40
Mahu2021: calls 30
FullGin: calls 20
*** FLOP *** [4d Jd 8s]
Mahu2021: checks 
FullGin: checks 
lillskit87: bets 20
Mahu2021: calls 20
FullGin: folds 
*** TURN *** [4d Jd 8s] [9h]
Mahu2021: checks 
lillskit87: bets 60
Mahu2021: calls 60
*** RIVER *** [4d Jd 8s 9h] [4s]
Mahu2021: checks 
lillskit87: bets 180
Mahu2021: folds 
Uncalled bet (180) returned to lillskit87
lillskit87 collected 280 from pot
*** SUMMARY ***
Total pot 280 | Rake 0 
Board [4d Jd 8s 9h 4s]
Seat 1: lillskit87 (button) collected (280)
Seat 2: Mahu2021 (small blind) folded on the River
Seat 3: FullGin (big blind) folded on the Flop



PokerStars Hand #245126872693: Tournament #3624942944, $0.92+$0.08 USD Hold'em No Limit - Level I (10/20) - 2023/07/31 20:23:04 CET [2023/07/31 14:23:04 ET]
Table '3624942944 1' 3-max Seat #2 is the button
Seat 1: lillskit87 (660 in chips) 
Seat 2: Mahu2021 (380 in chips) 
Seat 3: FullGin (460 in chips) 
FullGin: posts small blind 10
lillskit87: posts big blind 20
*** HOLE CARDS ***
Dealt to Mahu2021 [6c 8s]
Mahu2021: folds 
FullGin: calls 10
lillskit87: raises 40 to 60
FullGin: calls 40
*** FLOP *** [Ad Qs 6h]
FullGin: checks 
lillskit87: bets 60
FullGin: folds 
Uncalled bet (60) returned to lillskit87
lillskit87 collected 120 from pot
*** SUMMARY ***
Total pot 120 | Rake 0 
Board [Ad Qs 6h]
Seat 1: lillskit87 (big blind) collected (120)
Seat 2: Mahu2021 (button) folded before Flop (didn't bet)
Seat 3: FullGin (small blind) folded on the Flop



PokerStars Hand #245126877902: Tournament #3624942944, $0.92+$0.08 USD Hold'em No Limit - Level I (10/20) - 2023/07/31 20:23:20 CET [2023/07/31 14:23:20 ET]
Table '3624942944 1' 3-max Seat #3 is the button
Seat 1: lillskit87 (720 in chips) 
Seat 2: Mahu2021 (380 in chips) 
Seat 3: FullGin (400 in chips) 
lillskit87: posts small blind 10
Mahu2021: posts big blind 20
*** HOLE CARDS ***
Dealt to Mahu2021 [Js 6h]
FullGin: folds 
lillskit87: calls 10
Mahu2021: checks 
*** FLOP *** [Kc Jc 5h]
lillskit87: checks 
Mahu2021: bets 40
lillskit87: calls 40
*** TURN *** [Kc Jc 5h] [2h]
lillskit87: checks 
Mahu2021: checks 
*** RIVER *** [Kc Jc 5h 2h] [Qh]
lillskit87: bets 100
Mahu2021: calls 100
*** SHOW DOWN ***
lillskit87: shows [Ts 9c] (a straight, Nine to King)
Mahu2021: mucks hand 
lillskit87 collected 320 from pot
*** SUMMARY ***
Total pot 320 | Rake 0 
Board [Kc Jc 5h 2h Qh]
Seat 1: lillskit87 (small blind) showed [Ts 9c] and won (320) with a straight, Nine to King
Seat 2: Mahu2021 (big blind) mucked [Js 6h]
Seat 3: FullGin (button) folded before Flop (didn't bet)



PokerStars Hand #245126885290: Tournament #3624942944, $0.92+$0.08 USD Hold'em No Limit - Level I (10/20) - 2023/07/31 20:23:44 CET [2023/07/31 14:23:44 ET]
Table '3624942944 1' 3-max Seat #1 is the button
Seat 1: lillskit87 (880 in chips) 
Seat 2: Mahu2021 (220 in chips) 
Seat 3: FullGin (400 in chips) 
Mahu2021: posts small blind 10
FullGin: posts big blind 20
*** HOLE CARDS ***
Dealt to Mahu2021 [9c 6h]
lillskit87: raises 20 to 40
Mahu2021: folds 
FullGin: calls 20
*** FLOP *** [9h 5h 3c]
FullGin: bets 40
lillskit87: folds 
Uncalled bet (40) returned to FullGin
FullGin collected 90 from pot
*** SUMMARY ***
Total pot 90 | Rake 0 
Board [9h 5h 3c]
Seat 1: lillskit87 (button) folded on the Flop
Seat 2: Mahu2021 (small blind) folded before Flop
Seat 3: FullGin (big blind) collected (90)



PokerStars Hand #245126888634: Tournament #3624942944, $0.92+$0.08 USD Hold'em No Limit - Level I (10/20) - 2023/07/31 20:23:55 CET [2023/07/31 14:23:55 ET]
Table '3624942944 1' 3-max Seat #2 is the button
Seat 1: lillskit87 (840 in chips) 
Seat 2: Mahu2021 (210 in chips) 
Seat 3: FullGin (450 in chips) 
FullGin: posts small blind 10
lillskit87: posts big blind 20
*** HOLE CARDS ***
Dealt to Mahu2021 [Ah 8h]
Mahu2021: raises 20 to 40
FullGin: folds 
lillskit87: raises 800 to 840 and is all-in
Mahu2021: calls 170 and is all-in
Uncalled bet (630) returned to lillskit87
*** FLOP *** [3s 9d Kh]
*** TURN *** [3s 9d Kh] [Js]
*** RIVER *** [3s 9d Kh Js] [8s]
*** SHOW DOWN ***
lillskit87: shows [Ad Qh] (high card Ace)
Mahu2021: shows [Ah 8h] (a pair of Eights)
Mahu2021 collected 430 from pot
*** SUMMARY ***
Total pot 430 | Rake 0 
Board [3s 9d Kh Js 8s]
Seat 1: lillskit87 (big blind) showed [Ad Qh] and lost with high card Ace
Seat 2: Mahu2021 (button) showed [Ah 8h] and won (430) with a pair of Eights
Seat 3: FullGin (small blind) folded before Flop



PokerStars Hand #245126893787: Tournament #3624942944, $0.92+$0.08 USD Hold'em No Limit - Level I (10/20) - 2023/07/31 20:24:12 CET [2023/07/31 14:24:12 ET]
Table '3624942944 1' 3-max Seat #3 is the button
Seat 1: lillskit87 (630 in chips) 
Seat 2: Mahu2021 (430 in chips) 
Seat 3: FullGin (440 in chips) 
lillskit87: posts small blind 10
Mahu2021: posts big blind 20
*** HOLE CARDS ***
Dealt to Mahu2021 [Kc 5d]
FullGin: folds 
lillskit87: calls 10
Mahu2021: checks 
*** FLOP *** [Qc Tc 5s]
lillskit87: checks 
Mahu2021: checks 
*** TURN *** [Qc Tc 5s] [8h]
lillskit87: checks 
Mahu2021: checks 
*** RIVER *** [Qc Tc 5s 8h] [9c]
lillskit87: checks 
Mahu2021: checks 
*** SHOW DOWN ***
lillskit87: shows [Kd 7h] (high card King)
Mahu2021: shows [Kc 5d] (a pair of Fives)
Mahu2021 collected 40 from pot
*** SUMMARY ***
Total pot 40 | Rake 0 
Board [Qc Tc 5s 8h 9c]
Seat 1: lillskit87 (small blind) showed [Kd 7h] and lost with high card King
Seat 2: Mahu2021 (big blind) showed [Kc 5d] and won (40) with a pair of Fives
Seat 3: FullGin (button) folded before Flop (didn't bet)



PokerStars Hand #245126898412: Tournament #3624942944, $0.92+$0.08 USD Hold'em No Limit - Level I (10/20) - 2023/07/31 20:24:27 CET [2023/07/31 14:24:27 ET]
Table '3624942944 1' 3-max Seat #1 is the button
Seat 1: lillskit87 (610 in chips) 
Seat 2: Mahu2021 (450 in chips) 
Seat 3: FullGin (440 in chips) 
Mahu2021: posts small blind 10
FullGin: posts big blind 20
*** HOLE CARDS ***
Dealt to Mahu2021 [5h 3d]
lillskit87: folds 
Mahu2021: calls 10
FullGin: checks 
*** FLOP *** [Th Jc 8h]
Mahu2021: checks 
FullGin: checks 
*** TURN *** [Th Jc 8h] [9d]
Mahu2021: checks 
FullGin: bets 40
Mahu2021: folds 
Uncalled bet (40) returned to FullGin
FullGin collected 40 from pot
*** SUMMARY ***
Total pot 40 | Rake 0 
Board [Th Jc 8h 9d]
Seat 1: lillskit87 (button) folded before Flop (didn't bet)
Seat 2: Mahu2021 (small blind) folded on the Turn
Seat 3: FullGin (big blind) collected (40)



PokerStars Hand #245126904506: Tournament #3624942944, $0.92+$0.08 USD Hold'em No Limit - Level I (10/20) - 2023/07/31 20:24:46 CET [2023/07/31 14:24:46 ET]
Table '3624942944 1' 3-max Seat #2 is the button
Seat 1: lillskit87 (610 in chips) 
Seat 2: Mahu2021 (430 in chips) 
Seat 3: FullGin (460 in chips) 
FullGin: posts small blind 10
lillskit87: posts big blind 20
*** HOLE CARDS ***
Dealt to Mahu2021 [Ah Qs]
Mahu2021: raises 20 to 40
FullGin: folds 
lillskit87: raises 570 to 610 and is all-in
Mahu2021: calls 390 and is all-in
Uncalled bet (180) returned to lillskit87
*** FLOP *** [Tc 2c 7s]
*** TURN *** [Tc 2c 7s] [Ts]
*** RIVER *** [Tc 2c 7s Ts] [3d]
*** SHOW DOWN ***
lillskit87: shows [Ks As] (a pair of Tens)
Mahu2021: shows [Ah Qs] (a pair of Tens - lower kicker)
lillskit87 collected 870 from pot
Mahu2021 finished the tournament in 3rd place
*** SUMMARY ***
Total pot 870 | Rake 0 
Board [Tc 2c 7s Ts 3d]
Seat 1: lillskit87 (big blind) showed [Ks As] and won (870) with a pair of Tens
Seat 2: Mahu2021 (button) showed [Ah Qs] and lost with a pair of Tens
Seat 3: FullGin (small blind) folded before Flop



