PokerStars Hand #242940853349: Tournament #3573542979, $0.92+$0.08 USD Hold'em No Limit - Level I (10/20) - 2023/04/07 15:18:04 CET [2023/04/07 9:18:04 ET]
Table '3573542979 1' 3-max Seat #1 is the button
Seat 1: betobov1914 (500 in chips) 
Seat 2: Mahu2021 (500 in chips) 
Seat 3: samk1941 (500 in chips) 
Mahu2021: posts small blind 10
samk1941: posts big blind 20
*** HOLE CARDS ***
Dealt to Mahu2021 [Kc 3s]
betobov1914: calls 20
Mahu2021: calls 10
samk1941: checks 
*** FLOP *** [As 7c 2c]
Mahu2021: checks 
samk1941: checks 
betobov1914: checks 
*** TURN *** [As 7c 2c] [2h]
Mahu2021: checks 
samk1941: checks 
betobov1914: checks 
*** RIVER *** [As 7c 2c 2h] [Jh]
Mahu2021: bets 20
samk1941: folds 
betobov1914: calls 20
*** SHOW DOWN ***
Mahu2021: shows [Kc 3s] (a pair of Deuces)
betobov1914: shows [7h 5h] (two pair, Sevens and Deuces)
betobov1914 collected 100 from pot
*** SUMMARY ***
Total pot 100 | Rake 0 
Board [As 7c 2c 2h Jh]
Seat 1: betobov1914 (button) showed [7h 5h] and won (100) with two pair, Sevens and Deuces
Seat 2: Mahu2021 (small blind) showed [Kc 3s] and lost with a pair of Deuces
Seat 3: samk1941 (big blind) folded on the River



PokerStars Hand #242940859427: Tournament #3573542979, $0.92+$0.08 USD Hold'em No Limit - Level I (10/20) - 2023/04/07 15:18:29 CET [2023/04/07 9:18:29 ET]
Table '3573542979 1' 3-max Seat #2 is the button
Seat 1: betobov1914 (560 in chips) 
Seat 2: Mahu2021 (460 in chips) 
Seat 3: samk1941 (480 in chips) 
samk1941: posts small blind 10
betobov1914: posts big blind 20
*** HOLE CARDS ***
Dealt to Mahu2021 [Jc 4c]
Mahu2021: calls 20
samk1941: calls 10
betobov1914: checks 
*** FLOP *** [7d 4s 2h]
samk1941: checks 
betobov1914: bets 60
Mahu2021: folds 
samk1941: calls 60
*** TURN *** [7d 4s 2h] [Ad]
samk1941: checks 
betobov1914: bets 20
samk1941: calls 20
*** RIVER *** [7d 4s 2h Ad] [Kd]
samk1941: bets 220
betobov1914: folds 
Uncalled bet (220) returned to samk1941
samk1941 collected 220 from pot
*** SUMMARY ***
Total pot 220 | Rake 0 
Board [7d 4s 2h Ad Kd]
Seat 1: betobov1914 (big blind) folded on the River
Seat 2: Mahu2021 (button) folded on the Flop
Seat 3: samk1941 (small blind) collected (220)



PokerStars Hand #242940865768: Tournament #3573542979, $0.92+$0.08 USD Hold'em No Limit - Level I (10/20) - 2023/04/07 15:18:55 CET [2023/04/07 9:18:55 ET]
Table '3573542979 1' 3-max Seat #3 is the button
Seat 1: betobov1914 (460 in chips) 
Seat 2: Mahu2021 (440 in chips) 
Seat 3: samk1941 (600 in chips) 
betobov1914: posts small blind 10
Mahu2021: posts big blind 20
*** HOLE CARDS ***
Dealt to Mahu2021 [8h Ad]
samk1941: calls 20
betobov1914: calls 10
Mahu2021: checks 
*** FLOP *** [Td 5d Kc]
betobov1914: checks 
Mahu2021: checks 
samk1941: checks 
*** TURN *** [Td 5d Kc] [6s]
betobov1914: bets 60
Mahu2021: folds 
samk1941: calls 60
*** RIVER *** [Td 5d Kc 6s] [8s]
betobov1914: bets 180
samk1941: folds 
Uncalled bet (180) returned to betobov1914
betobov1914 collected 180 from pot
betobov1914: doesn't show hand 
*** SUMMARY ***
Total pot 180 | Rake 0 
Board [Td 5d Kc 6s 8s]
Seat 1: betobov1914 (small blind) collected (180)
Seat 2: Mahu2021 (big blind) folded on the Turn
Seat 3: samk1941 (button) folded on the River



PokerStars Hand #242940870628: Tournament #3573542979, $0.92+$0.08 USD Hold'em No Limit - Level I (10/20) - 2023/04/07 15:19:16 CET [2023/04/07 9:19:16 ET]
Table '3573542979 1' 3-max Seat #1 is the button
Seat 1: betobov1914 (560 in chips) 
Seat 2: Mahu2021 (420 in chips) 
Seat 3: samk1941 (520 in chips) 
Mahu2021: posts small blind 10
samk1941: posts big blind 20
*** HOLE CARDS ***
Dealt to Mahu2021 [2s 2d]
betobov1914: calls 20
Mahu2021: calls 10
samk1941: checks 
*** FLOP *** [4d Tc 3h]
Mahu2021: checks 
samk1941: checks 
betobov1914: bets 80
Mahu2021: folds 
samk1941: calls 80
*** TURN *** [4d Tc 3h] [Ts]
samk1941: checks 
betobov1914: bets 220
samk1941: calls 220
*** RIVER *** [4d Tc 3h Ts] [4s]
samk1941: bets 200 and is all-in
betobov1914: calls 200
*** SHOW DOWN ***
samk1941: shows [5c 2h] (two pair, Tens and Fours)
betobov1914: shows [Td Ks] (a full house, Tens full of Fours)
betobov1914 collected 1060 from pot
samk1941 finished the tournament in 3rd place
*** SUMMARY ***
Total pot 1060 | Rake 0 
Board [4d Tc 3h Ts 4s]
Seat 1: betobov1914 (button) showed [Td Ks] and won (1060) with a full house, Tens full of Fours
Seat 2: Mahu2021 (small blind) folded on the Flop
Seat 3: samk1941 (big blind) showed [5c 2h] and lost with two pair, Tens and Fours



PokerStars Hand #242940877772: Tournament #3573542979, $0.92+$0.08 USD Hold'em No Limit - Level I (10/20) - 2023/04/07 15:19:45 CET [2023/04/07 9:19:45 ET]
Table '3573542979 1' 3-max Seat #2 is the button
Seat 1: betobov1914 (1100 in chips) 
Seat 2: Mahu2021 (400 in chips) 
Mahu2021: posts small blind 10
betobov1914: posts big blind 20
*** HOLE CARDS ***
Dealt to Mahu2021 [Td 5h]
Mahu2021: folds 
Uncalled bet (10) returned to betobov1914
betobov1914 collected 20 from pot
*** SUMMARY ***
Total pot 20 | Rake 0 
Seat 1: betobov1914 (big blind) collected (20)
Seat 2: Mahu2021 (button) (small blind) folded before Flop



PokerStars Hand #242940878863: Tournament #3573542979, $0.92+$0.08 USD Hold'em No Limit - Level I (10/20) - 2023/04/07 15:19:50 CET [2023/04/07 9:19:50 ET]
Table '3573542979 1' 3-max Seat #1 is the button
Seat 1: betobov1914 (1110 in chips) 
Seat 2: Mahu2021 (390 in chips) 
betobov1914: posts small blind 10
Mahu2021: posts big blind 20
*** HOLE CARDS ***
Dealt to Mahu2021 [Td 6s]
betobov1914: calls 10
Mahu2021: checks 
*** FLOP *** [Js Ac 7d]
Mahu2021: checks 
betobov1914: bets 40
Mahu2021: folds 
Uncalled bet (40) returned to betobov1914
betobov1914 collected 40 from pot
betobov1914: doesn't show hand 
*** SUMMARY ***
Total pot 40 | Rake 0 
Board [Js Ac 7d]
Seat 1: betobov1914 (button) (small blind) collected (40)
Seat 2: Mahu2021 (big blind) folded on the Flop



PokerStars Hand #242940881359: Tournament #3573542979, $0.92+$0.08 USD Hold'em No Limit - Level I (10/20) - 2023/04/07 15:20:00 CET [2023/04/07 9:20:00 ET]
Table '3573542979 1' 3-max Seat #2 is the button
Seat 1: betobov1914 (1130 in chips) 
Seat 2: Mahu2021 (370 in chips) 
Mahu2021: posts small blind 10
betobov1914: posts big blind 20
*** HOLE CARDS ***
Dealt to Mahu2021 [7h Th]
Mahu2021: calls 10
betobov1914: checks 
*** FLOP *** [6d 2h Ac]
betobov1914: checks 
Mahu2021: bets 20
betobov1914: calls 20
*** TURN *** [6d 2h Ac] [5h]
betobov1914: checks 
Mahu2021: bets 80
betobov1914: calls 80
*** RIVER *** [6d 2h Ac 5h] [Js]
betobov1914: checks 
Mahu2021: checks 
*** SHOW DOWN ***
betobov1914: shows [3s Qh] (high card Ace)
Mahu2021: mucks hand 
betobov1914 collected 240 from pot
*** SUMMARY ***
Total pot 240 | Rake 0 
Board [6d 2h Ac 5h Js]
Seat 1: betobov1914 (big blind) showed [3s Qh] and won (240) with high card Ace
Seat 2: Mahu2021 (button) (small blind) mucked [7h Th]



PokerStars Hand #242940886816: Tournament #3573542979, $0.92+$0.08 USD Hold'em No Limit - Level II (15/30) - 2023/04/07 15:20:23 CET [2023/04/07 9:20:23 ET]
Table '3573542979 1' 3-max Seat #1 is the button
Seat 1: betobov1914 (1250 in chips) 
Seat 2: Mahu2021 (250 in chips) 
betobov1914: posts small blind 15
Mahu2021: posts big blind 30
*** HOLE CARDS ***
Dealt to Mahu2021 [Td 8h]
betobov1914: calls 15
Mahu2021: checks 
*** FLOP *** [4c 9s Ts]
Mahu2021: bets 220 and is all-in
betobov1914: calls 220
*** TURN *** [4c 9s Ts] [2h]
*** RIVER *** [4c 9s Ts 2h] [4d]
*** SHOW DOWN ***
Mahu2021: shows [Td 8h] (two pair, Tens and Fours)
betobov1914: shows [8s 3s] (a pair of Fours)
Mahu2021 collected 500 from pot
*** SUMMARY ***
Total pot 500 | Rake 0 
Board [4c 9s Ts 2h 4d]
Seat 1: betobov1914 (button) (small blind) showed [8s 3s] and lost with a pair of Fours
Seat 2: Mahu2021 (big blind) showed [Td 8h] and won (500) with two pair, Tens and Fours



PokerStars Hand #242940890412: Tournament #3573542979, $0.92+$0.08 USD Hold'em No Limit - Level II (15/30) - 2023/04/07 15:20:38 CET [2023/04/07 9:20:38 ET]
Table '3573542979 1' 3-max Seat #2 is the button
Seat 1: betobov1914 (1000 in chips) 
Seat 2: Mahu2021 (500 in chips) 
Mahu2021: posts small blind 15
betobov1914: posts big blind 30
*** HOLE CARDS ***
Dealt to Mahu2021 [3c 5d]
Mahu2021: folds 
Uncalled bet (15) returned to betobov1914
betobov1914 collected 30 from pot
betobov1914: doesn't show hand 
*** SUMMARY ***
Total pot 30 | Rake 0 
Seat 1: betobov1914 (big blind) collected (30)
Seat 2: Mahu2021 (button) (small blind) folded before Flop



PokerStars Hand #242940891534: Tournament #3573542979, $0.92+$0.08 USD Hold'em No Limit - Level II (15/30) - 2023/04/07 15:20:42 CET [2023/04/07 9:20:42 ET]
Table '3573542979 1' 3-max Seat #1 is the button
Seat 1: betobov1914 (1015 in chips) 
Seat 2: Mahu2021 (485 in chips) 
betobov1914: posts small blind 15
Mahu2021: posts big blind 30
*** HOLE CARDS ***
Dealt to Mahu2021 [2d Js]
betobov1914: raises 30 to 60
Mahu2021: folds 
Uncalled bet (30) returned to betobov1914
betobov1914 collected 60 from pot
betobov1914: doesn't show hand 
*** SUMMARY ***
Total pot 60 | Rake 0 
Seat 1: betobov1914 (button) (small blind) collected (60)
Seat 2: Mahu2021 (big blind) folded before Flop



PokerStars Hand #242940892791: Tournament #3573542979, $0.92+$0.08 USD Hold'em No Limit - Level II (15/30) - 2023/04/07 15:20:48 CET [2023/04/07 9:20:48 ET]
Table '3573542979 1' 3-max Seat #2 is the button
Seat 1: betobov1914 (1045 in chips) 
Seat 2: Mahu2021 (455 in chips) 
Mahu2021: posts small blind 15
betobov1914: posts big blind 30
*** HOLE CARDS ***
Dealt to Mahu2021 [9h Tc]
Mahu2021: calls 15
betobov1914: checks 
*** FLOP *** [3s 8d 9d]
betobov1914: bets 30
Mahu2021: raises 395 to 425 and is all-in
betobov1914: folds 
Uncalled bet (395) returned to Mahu2021
Mahu2021 collected 120 from pot
Mahu2021: doesn't show hand 
*** SUMMARY ***
Total pot 120 | Rake 0 
Board [3s 8d 9d]
Seat 1: betobov1914 (big blind) folded on the Flop
Seat 2: Mahu2021 (button) (small blind) collected (120)



PokerStars Hand #242940895499: Tournament #3573542979, $0.92+$0.08 USD Hold'em No Limit - Level II (15/30) - 2023/04/07 15:20:59 CET [2023/04/07 9:20:59 ET]
Table '3573542979 1' 3-max Seat #1 is the button
Seat 1: betobov1914 (985 in chips) 
Seat 2: Mahu2021 (515 in chips) 
betobov1914: posts small blind 15
Mahu2021: posts big blind 30
*** HOLE CARDS ***
Dealt to Mahu2021 [5h Qc]
betobov1914: calls 15
Mahu2021: checks 
*** FLOP *** [Qh Jc 4s]
Mahu2021: checks 
betobov1914: bets 30
Mahu2021: raises 455 to 485 and is all-in
betobov1914: folds 
Uncalled bet (455) returned to Mahu2021
Mahu2021 collected 120 from pot
Mahu2021: doesn't show hand 
*** SUMMARY ***
Total pot 120 | Rake 0 
Board [Qh Jc 4s]
Seat 1: betobov1914 (button) (small blind) folded on the Flop
Seat 2: Mahu2021 (big blind) collected (120)



PokerStars Hand #242940898633: Tournament #3573542979, $0.92+$0.08 USD Hold'em No Limit - Level II (15/30) - 2023/04/07 15:21:12 CET [2023/04/07 9:21:12 ET]
Table '3573542979 1' 3-max Seat #2 is the button
Seat 1: betobov1914 (925 in chips) 
Seat 2: Mahu2021 (575 in chips) 
Mahu2021: posts small blind 15
betobov1914: posts big blind 30
*** HOLE CARDS ***
Dealt to Mahu2021 [Th 6s]
Mahu2021: folds 
Uncalled bet (15) returned to betobov1914
betobov1914 collected 30 from pot
betobov1914: doesn't show hand 
*** SUMMARY ***
Total pot 30 | Rake 0 
Seat 1: betobov1914 (big blind) collected (30)
Seat 2: Mahu2021 (button) (small blind) folded before Flop



PokerStars Hand #242940899742: Tournament #3573542979, $0.92+$0.08 USD Hold'em No Limit - Level II (15/30) - 2023/04/07 15:21:16 CET [2023/04/07 9:21:16 ET]
Table '3573542979 1' 3-max Seat #1 is the button
Seat 1: betobov1914 (940 in chips) 
Seat 2: Mahu2021 (560 in chips) 
betobov1914: posts small blind 15
Mahu2021: posts big blind 30
*** HOLE CARDS ***
Dealt to Mahu2021 [2h 5c]
betobov1914: calls 15
Mahu2021: checks 
*** FLOP *** [2c 5d 7d]
Mahu2021: checks 
betobov1914: checks 
*** TURN *** [2c 5d 7d] [9h]
Mahu2021: checks 
betobov1914: checks 
*** RIVER *** [2c 5d 7d 9h] [7h]
Mahu2021: checks 
betobov1914: checks 
*** SHOW DOWN ***
Mahu2021: shows [2h 5c] (two pair, Sevens and Fives)
betobov1914: mucks hand 
Mahu2021 collected 60 from pot
*** SUMMARY ***
Total pot 60 | Rake 0 
Board [2c 5d 7d 9h 7h]
Seat 1: betobov1914 (button) (small blind) mucked [Qc Tc]
Seat 2: Mahu2021 (big blind) showed [2h 5c] and won (60) with two pair, Sevens and Fives



PokerStars Hand #242940903677: Tournament #3573542979, $0.92+$0.08 USD Hold'em No Limit - Level II (15/30) - 2023/04/07 15:21:33 CET [2023/04/07 9:21:33 ET]
Table '3573542979 1' 3-max Seat #2 is the button
Seat 1: betobov1914 (910 in chips) 
Seat 2: Mahu2021 (590 in chips) 
Mahu2021: posts small blind 15
betobov1914: posts big blind 30
*** HOLE CARDS ***
Dealt to Mahu2021 [As 3h]
Mahu2021: raises 560 to 590 and is all-in
betobov1914: folds 
Uncalled bet (560) returned to Mahu2021
Mahu2021 collected 60 from pot
Mahu2021: doesn't show hand 
*** SUMMARY ***
Total pot 60 | Rake 0 
Seat 1: betobov1914 (big blind) folded before Flop
Seat 2: Mahu2021 (button) (small blind) collected (60)



PokerStars Hand #242940905275: Tournament #3573542979, $0.92+$0.08 USD Hold'em No Limit - Level II (15/30) - 2023/04/07 15:21:39 CET [2023/04/07 9:21:39 ET]
Table '3573542979 1' 3-max Seat #1 is the button
Seat 1: betobov1914 (880 in chips) 
Seat 2: Mahu2021 (620 in chips) 
betobov1914: posts small blind 15
Mahu2021: posts big blind 30
*** HOLE CARDS ***
Dealt to Mahu2021 [Jh Kc]
betobov1914: calls 15
Mahu2021: checks 
*** FLOP *** [Ac 6d 4h]
Mahu2021: checks 
betobov1914: bets 150
Mahu2021: folds 
Uncalled bet (150) returned to betobov1914
betobov1914 collected 60 from pot
betobov1914: doesn't show hand 
*** SUMMARY ***
Total pot 60 | Rake 0 
Board [Ac 6d 4h]
Seat 1: betobov1914 (button) (small blind) collected (60)
Seat 2: Mahu2021 (big blind) folded on the Flop



PokerStars Hand #242940908212: Tournament #3573542979, $0.92+$0.08 USD Hold'em No Limit - Level II (15/30) - 2023/04/07 15:21:51 CET [2023/04/07 9:21:51 ET]
Table '3573542979 1' 3-max Seat #2 is the button
Seat 1: betobov1914 (910 in chips) 
Seat 2: Mahu2021 (590 in chips) 
Mahu2021: posts small blind 15
betobov1914: posts big blind 30
*** HOLE CARDS ***
Dealt to Mahu2021 [8h 5c]
Mahu2021: folds 
Uncalled bet (15) returned to betobov1914
betobov1914 collected 30 from pot
betobov1914: doesn't show hand 
*** SUMMARY ***
Total pot 30 | Rake 0 
Seat 1: betobov1914 (big blind) collected (30)
Seat 2: Mahu2021 (button) (small blind) folded before Flop



PokerStars Hand #242940909285: Tournament #3573542979, $0.92+$0.08 USD Hold'em No Limit - Level II (15/30) - 2023/04/07 15:21:56 CET [2023/04/07 9:21:56 ET]
Table '3573542979 1' 3-max Seat #1 is the button
Seat 1: betobov1914 (925 in chips) 
Seat 2: Mahu2021 (575 in chips) 
betobov1914: posts small blind 15
Mahu2021: posts big blind 30
*** HOLE CARDS ***
Dealt to Mahu2021 [6s 7s]
betobov1914: raises 60 to 90
Mahu2021: calls 60
*** FLOP *** [5h Qh Kc]
Mahu2021: checks 
betobov1914: bets 180
Mahu2021: folds 
Uncalled bet (180) returned to betobov1914
betobov1914 collected 180 from pot
betobov1914: doesn't show hand 
*** SUMMARY ***
Total pot 180 | Rake 0 
Board [5h Qh Kc]
Seat 1: betobov1914 (button) (small blind) collected (180)
Seat 2: Mahu2021 (big blind) folded on the Flop



PokerStars Hand #242940912804: Tournament #3573542979, $0.92+$0.08 USD Hold'em No Limit - Level III (20/40) - 2023/04/07 15:22:10 CET [2023/04/07 9:22:10 ET]
Table '3573542979 1' 3-max Seat #2 is the button
Seat 1: betobov1914 (1015 in chips) 
Seat 2: Mahu2021 (485 in chips) 
Mahu2021: posts small blind 20
betobov1914: posts big blind 40
*** HOLE CARDS ***
Dealt to Mahu2021 [4s Js]
Mahu2021: calls 20
betobov1914: checks 
*** FLOP *** [8s 6c 8h]
betobov1914: checks 
Mahu2021: checks 
*** TURN *** [8s 6c 8h] [7c]
betobov1914: bets 80
Mahu2021: folds 
Uncalled bet (80) returned to betobov1914
betobov1914 collected 80 from pot
betobov1914: doesn't show hand 
*** SUMMARY ***
Total pot 80 | Rake 0 
Board [8s 6c 8h 7c]
Seat 1: betobov1914 (big blind) collected (80)
Seat 2: Mahu2021 (button) (small blind) folded on the Turn



PokerStars Hand #242940915775: Tournament #3573542979, $0.92+$0.08 USD Hold'em No Limit - Level III (20/40) - 2023/04/07 15:22:23 CET [2023/04/07 9:22:23 ET]
Table '3573542979 1' 3-max Seat #1 is the button
Seat 1: betobov1914 (1055 in chips) 
Seat 2: Mahu2021 (445 in chips) 
betobov1914: posts small blind 20
Mahu2021: posts big blind 40
*** HOLE CARDS ***
Dealt to Mahu2021 [3d Qh]
betobov1914: folds 
Uncalled bet (20) returned to Mahu2021
Mahu2021 collected 40 from pot
Mahu2021: doesn't show hand 
*** SUMMARY ***
Total pot 40 | Rake 0 
Seat 1: betobov1914 (button) (small blind) folded before Flop
Seat 2: Mahu2021 (big blind) collected (40)



PokerStars Hand #242940916955: Tournament #3573542979, $0.92+$0.08 USD Hold'em No Limit - Level III (20/40) - 2023/04/07 15:22:28 CET [2023/04/07 9:22:28 ET]
Table '3573542979 1' 3-max Seat #2 is the button
Seat 1: betobov1914 (1035 in chips) 
Seat 2: Mahu2021 (465 in chips) 
Mahu2021: posts small blind 20
betobov1914: posts big blind 40
*** HOLE CARDS ***
Dealt to Mahu2021 [Ac Ah]
Mahu2021: raises 425 to 465 and is all-in
betobov1914: folds 
Uncalled bet (425) returned to Mahu2021
Mahu2021 collected 80 from pot
Mahu2021: doesn't show hand 
*** SUMMARY ***
Total pot 80 | Rake 0 
Seat 1: betobov1914 (big blind) folded before Flop
Seat 2: Mahu2021 (button) (small blind) collected (80)



PokerStars Hand #242940918687: Tournament #3573542979, $0.92+$0.08 USD Hold'em No Limit - Level III (20/40) - 2023/04/07 15:22:35 CET [2023/04/07 9:22:35 ET]
Table '3573542979 1' 3-max Seat #1 is the button
Seat 1: betobov1914 (995 in chips) 
Seat 2: Mahu2021 (505 in chips) 
betobov1914: posts small blind 20
Mahu2021: posts big blind 40
*** HOLE CARDS ***
Dealt to Mahu2021 [As 7s]
betobov1914: raises 40 to 80
Mahu2021: raises 425 to 505 and is all-in
betobov1914: folds 
Uncalled bet (425) returned to Mahu2021
Mahu2021 collected 160 from pot
Mahu2021: doesn't show hand 
*** SUMMARY ***
Total pot 160 | Rake 0 
Seat 1: betobov1914 (button) (small blind) folded before Flop
Seat 2: Mahu2021 (big blind) collected (160)



PokerStars Hand #242940920611: Tournament #3573542979, $0.92+$0.08 USD Hold'em No Limit - Level III (20/40) - 2023/04/07 15:22:43 CET [2023/04/07 9:22:43 ET]
Table '3573542979 1' 3-max Seat #2 is the button
Seat 1: betobov1914 (915 in chips) 
Seat 2: Mahu2021 (585 in chips) 
Mahu2021: posts small blind 20
betobov1914: posts big blind 40
*** HOLE CARDS ***
Dealt to Mahu2021 [4h Ts]
Mahu2021: folds 
Uncalled bet (20) returned to betobov1914
betobov1914 collected 40 from pot
*** SUMMARY ***
Total pot 40 | Rake 0 
Seat 1: betobov1914 (big blind) collected (40)
Seat 2: Mahu2021 (button) (small blind) folded before Flop



PokerStars Hand #242940921696: Tournament #3573542979, $0.92+$0.08 USD Hold'em No Limit - Level III (20/40) - 2023/04/07 15:22:47 CET [2023/04/07 9:22:47 ET]
Table '3573542979 1' 3-max Seat #1 is the button
Seat 1: betobov1914 (935 in chips) 
Seat 2: Mahu2021 (565 in chips) 
betobov1914: posts small blind 20
Mahu2021: posts big blind 40
*** HOLE CARDS ***
Dealt to Mahu2021 [2d Ac]
betobov1914: calls 20
Mahu2021: checks 
*** FLOP *** [Ts 4c 7c]
Mahu2021: checks 
betobov1914: bets 40
Mahu2021: calls 40
*** TURN *** [Ts 4c 7c] [3c]
Mahu2021: bets 40
betobov1914: raises 240 to 280
Mahu2021: raises 205 to 485 and is all-in
betobov1914: folds 
Uncalled bet (205) returned to Mahu2021
Mahu2021 collected 720 from pot
Mahu2021: doesn't show hand 
*** SUMMARY ***
Total pot 720 | Rake 0 
Board [Ts 4c 7c 3c]
Seat 1: betobov1914 (button) (small blind) folded on the Turn
Seat 2: Mahu2021 (big blind) collected (720)



PokerStars Hand #242940925891: Tournament #3573542979, $0.92+$0.08 USD Hold'em No Limit - Level III (20/40) - 2023/04/07 15:23:05 CET [2023/04/07 9:23:05 ET]
Table '3573542979 1' 3-max Seat #2 is the button
Seat 1: betobov1914 (575 in chips) 
Seat 2: Mahu2021 (925 in chips) 
Mahu2021: posts small blind 20
betobov1914: posts big blind 40
*** HOLE CARDS ***
Dealt to Mahu2021 [5h 7s]
Mahu2021: folds 
Uncalled bet (20) returned to betobov1914
betobov1914 collected 40 from pot
betobov1914: doesn't show hand 
*** SUMMARY ***
Total pot 40 | Rake 0 
Seat 1: betobov1914 (big blind) collected (40)
Seat 2: Mahu2021 (button) (small blind) folded before Flop



PokerStars Hand #242940926947: Tournament #3573542979, $0.92+$0.08 USD Hold'em No Limit - Level III (20/40) - 2023/04/07 15:23:09 CET [2023/04/07 9:23:09 ET]
Table '3573542979 1' 3-max Seat #1 is the button
Seat 1: betobov1914 (595 in chips) 
Seat 2: Mahu2021 (905 in chips) 
betobov1914: posts small blind 20
Mahu2021: posts big blind 40
*** HOLE CARDS ***
Dealt to Mahu2021 [As 6c]
betobov1914: calls 20
Mahu2021: checks 
*** FLOP *** [Qd Qc Ad]
Mahu2021: checks 
betobov1914: checks 
*** TURN *** [Qd Qc Ad] [4d]
Mahu2021: checks 
betobov1914: checks 
*** RIVER *** [Qd Qc Ad 4d] [9c]
Mahu2021: checks 
betobov1914: checks 
*** SHOW DOWN ***
Mahu2021: shows [As 6c] (two pair, Aces and Queens)
betobov1914: mucks hand 
Mahu2021 collected 80 from pot
*** SUMMARY ***
Total pot 80 | Rake 0 
Board [Qd Qc Ad 4d 9c]
Seat 1: betobov1914 (button) (small blind) mucked [Ks 3c]
Seat 2: Mahu2021 (big blind) showed [As 6c] and won (80) with two pair, Aces and Queens



PokerStars Hand #242940930609: Tournament #3573542979, $0.92+$0.08 USD Hold'em No Limit - Level III (20/40) - 2023/04/07 15:23:25 CET [2023/04/07 9:23:25 ET]
Table '3573542979 1' 3-max Seat #2 is the button
Seat 1: betobov1914 (555 in chips) 
Seat 2: Mahu2021 (945 in chips) 
Mahu2021: posts small blind 20
betobov1914: posts big blind 40
*** HOLE CARDS ***
Dealt to Mahu2021 [6c 5h]
Mahu2021: calls 20
betobov1914: raises 80 to 120
Mahu2021: folds 
Uncalled bet (80) returned to betobov1914
betobov1914 collected 80 from pot
betobov1914: doesn't show hand 
*** SUMMARY ***
Total pot 80 | Rake 0 
Seat 1: betobov1914 (big blind) collected (80)
Seat 2: Mahu2021 (button) (small blind) folded before Flop



PokerStars Hand #242940932730: Tournament #3573542979, $0.92+$0.08 USD Hold'em No Limit - Level III (20/40) - 2023/04/07 15:23:34 CET [2023/04/07 9:23:34 ET]
Table '3573542979 1' 3-max Seat #1 is the button
Seat 1: betobov1914 (595 in chips) 
Seat 2: Mahu2021 (905 in chips) 
betobov1914: posts small blind 20
Mahu2021: posts big blind 40
*** HOLE CARDS ***
Dealt to Mahu2021 [5s 4c]
betobov1914: raises 40 to 80
Mahu2021: calls 40
*** FLOP *** [9s 3c Jc]
Mahu2021: checks 
betobov1914: bets 160
Mahu2021: folds 
Uncalled bet (160) returned to betobov1914
betobov1914 collected 160 from pot
betobov1914: doesn't show hand 
*** SUMMARY ***
Total pot 160 | Rake 0 
Board [9s 3c Jc]
Seat 1: betobov1914 (button) (small blind) collected (160)
Seat 2: Mahu2021 (big blind) folded on the Flop



PokerStars Hand #242940935491: Tournament #3573542979, $0.92+$0.08 USD Hold'em No Limit - Level III (20/40) - 2023/04/07 15:23:45 CET [2023/04/07 9:23:45 ET]
Table '3573542979 1' 3-max Seat #2 is the button
Seat 1: betobov1914 (675 in chips) 
Seat 2: Mahu2021 (825 in chips) 
Mahu2021: posts small blind 20
betobov1914: posts big blind 40
*** HOLE CARDS ***
Dealt to Mahu2021 [Ah 4c]
Mahu2021: raises 785 to 825 and is all-in
betobov1914: folds 
Uncalled bet (785) returned to Mahu2021
Mahu2021 collected 80 from pot
Mahu2021: doesn't show hand 
*** SUMMARY ***
Total pot 80 | Rake 0 
Seat 1: betobov1914 (big blind) folded before Flop
Seat 2: Mahu2021 (button) (small blind) collected (80)



PokerStars Hand #242940937240: Tournament #3573542979, $0.92+$0.08 USD Hold'em No Limit - Level III (20/40) - 2023/04/07 15:23:52 CET [2023/04/07 9:23:52 ET]
Table '3573542979 1' 3-max Seat #1 is the button
Seat 1: betobov1914 (635 in chips) 
Seat 2: Mahu2021 (865 in chips) 
betobov1914: posts small blind 20
Mahu2021: posts big blind 40
*** HOLE CARDS ***
Dealt to Mahu2021 [Qd 7d]
betobov1914: calls 20
Mahu2021: checks 
*** FLOP *** [6s Ah Ts]
Mahu2021: checks 
betobov1914: checks 
*** TURN *** [6s Ah Ts] [7h]
Mahu2021: bets 40
betobov1914: folds 
Uncalled bet (40) returned to Mahu2021
Mahu2021 collected 80 from pot
Mahu2021: doesn't show hand 
*** SUMMARY ***
Total pot 80 | Rake 0 
Board [6s Ah Ts 7h]
Seat 1: betobov1914 (button) (small blind) folded on the Turn
Seat 2: Mahu2021 (big blind) collected (80)



PokerStars Hand #242940940174: Tournament #3573542979, $0.92+$0.08 USD Hold'em No Limit - Level III (20/40) - 2023/04/07 15:24:04 CET [2023/04/07 9:24:04 ET]
Table '3573542979 1' 3-max Seat #2 is the button
Seat 1: betobov1914 (595 in chips) 
Seat 2: Mahu2021 (905 in chips) 
Mahu2021: posts small blind 20
betobov1914: posts big blind 40
*** HOLE CARDS ***
Dealt to Mahu2021 [9c 3h]
Mahu2021: folds 
Uncalled bet (20) returned to betobov1914
betobov1914 collected 40 from pot
betobov1914: doesn't show hand 
*** SUMMARY ***
Total pot 40 | Rake 0 
Seat 1: betobov1914 (big blind) collected (40)
Seat 2: Mahu2021 (button) (small blind) folded before Flop



PokerStars Hand #242940941992: Tournament #3573542979, $0.92+$0.08 USD Hold'em No Limit - Level IV (30/60) - 2023/04/07 15:24:11 CET [2023/04/07 9:24:11 ET]
Table '3573542979 1' 3-max Seat #1 is the button
Seat 1: betobov1914 (615 in chips) 
Seat 2: Mahu2021 (885 in chips) 
betobov1914: posts small blind 30
Mahu2021: posts big blind 60
*** HOLE CARDS ***
Dealt to Mahu2021 [7d 6d]
betobov1914: calls 30
Mahu2021: checks 
*** FLOP *** [Qd 3c 7s]
Mahu2021: bets 60
betobov1914: folds 
Uncalled bet (60) returned to Mahu2021
Mahu2021 collected 120 from pot
Mahu2021: doesn't show hand 
*** SUMMARY ***
Total pot 120 | Rake 0 
Board [Qd 3c 7s]
Seat 1: betobov1914 (button) (small blind) folded on the Flop
Seat 2: Mahu2021 (big blind) collected (120)



PokerStars Hand #242940944366: Tournament #3573542979, $0.92+$0.08 USD Hold'em No Limit - Level IV (30/60) - 2023/04/07 15:24:21 CET [2023/04/07 9:24:21 ET]
Table '3573542979 1' 3-max Seat #2 is the button
Seat 1: betobov1914 (555 in chips) 
Seat 2: Mahu2021 (945 in chips) 
Mahu2021: posts small blind 30
betobov1914: posts big blind 60
*** HOLE CARDS ***
Dealt to Mahu2021 [2c Qc]
Mahu2021: calls 30
betobov1914: checks 
*** FLOP *** [3c Qs 8s]
betobov1914: checks 
Mahu2021: bets 60
betobov1914: raises 240 to 300
Mahu2021: raises 240 to 540
betobov1914: calls 195 and is all-in
Uncalled bet (45) returned to Mahu2021
*** TURN *** [3c Qs 8s] [Ks]
*** RIVER *** [3c Qs 8s Ks] [5c]
*** SHOW DOWN ***
betobov1914: shows [As Qh] (a pair of Queens)
Mahu2021: shows [2c Qc] (a pair of Queens - lower kicker)
betobov1914 collected 1110 from pot
*** SUMMARY ***
Total pot 1110 | Rake 0 
Board [3c Qs 8s Ks 5c]
Seat 1: betobov1914 (big blind) showed [As Qh] and won (1110) with a pair of Queens
Seat 2: Mahu2021 (button) (small blind) showed [2c Qc] and lost with a pair of Queens



PokerStars Hand #242940949598: Tournament #3573542979, $0.92+$0.08 USD Hold'em No Limit - Level IV (30/60) - 2023/04/07 15:24:43 CET [2023/04/07 9:24:43 ET]
Table '3573542979 1' 3-max Seat #1 is the button
Seat 1: betobov1914 (1110 in chips) 
Seat 2: Mahu2021 (390 in chips) 
betobov1914: posts small blind 30
Mahu2021: posts big blind 60
*** HOLE CARDS ***
Dealt to Mahu2021 [Ks Jc]
betobov1914: raises 60 to 120
Mahu2021: raises 270 to 390 and is all-in
betobov1914: folds 
Uncalled bet (270) returned to Mahu2021
Mahu2021 collected 240 from pot
Mahu2021: doesn't show hand 
*** SUMMARY ***
Total pot 240 | Rake 0 
Seat 1: betobov1914 (button) (small blind) folded before Flop
Seat 2: Mahu2021 (big blind) collected (240)



PokerStars Hand #242940951797: Tournament #3573542979, $0.92+$0.08 USD Hold'em No Limit - Level IV (30/60) - 2023/04/07 15:24:52 CET [2023/04/07 9:24:52 ET]
Table '3573542979 1' 3-max Seat #2 is the button
Seat 1: betobov1914 (990 in chips) 
Seat 2: Mahu2021 (510 in chips) 
Mahu2021: posts small blind 30
betobov1914: posts big blind 60
*** HOLE CARDS ***
Dealt to Mahu2021 [3h 6c]
Mahu2021: folds 
Uncalled bet (30) returned to betobov1914
betobov1914 collected 60 from pot
betobov1914: doesn't show hand 
*** SUMMARY ***
Total pot 60 | Rake 0 
Seat 1: betobov1914 (big blind) collected (60)
Seat 2: Mahu2021 (button) (small blind) folded before Flop



PokerStars Hand #242940952920: Tournament #3573542979, $0.92+$0.08 USD Hold'em No Limit - Level IV (30/60) - 2023/04/07 15:24:57 CET [2023/04/07 9:24:57 ET]
Table '3573542979 1' 3-max Seat #1 is the button
Seat 1: betobov1914 (1020 in chips) 
Seat 2: Mahu2021 (480 in chips) 
betobov1914: posts small blind 30
Mahu2021: posts big blind 60
*** HOLE CARDS ***
Dealt to Mahu2021 [3s 2d]
betobov1914: folds 
Uncalled bet (30) returned to Mahu2021
Mahu2021 collected 60 from pot
Mahu2021: doesn't show hand 
*** SUMMARY ***
Total pot 60 | Rake 0 
Seat 1: betobov1914 (button) (small blind) folded before Flop
Seat 2: Mahu2021 (big blind) collected (60)



PokerStars Hand #242940954161: Tournament #3573542979, $0.92+$0.08 USD Hold'em No Limit - Level IV (30/60) - 2023/04/07 15:25:02 CET [2023/04/07 9:25:02 ET]
Table '3573542979 1' 3-max Seat #2 is the button
Seat 1: betobov1914 (990 in chips) 
Seat 2: Mahu2021 (510 in chips) 
Mahu2021: posts small blind 30
betobov1914: posts big blind 60
*** HOLE CARDS ***
Dealt to Mahu2021 [7d 4d]
Mahu2021: calls 30
betobov1914: raises 120 to 180
Mahu2021: folds 
Uncalled bet (120) returned to betobov1914
betobov1914 collected 120 from pot
betobov1914: doesn't show hand 
*** SUMMARY ***
Total pot 120 | Rake 0 
Seat 1: betobov1914 (big blind) collected (120)
Seat 2: Mahu2021 (button) (small blind) folded before Flop



PokerStars Hand #242940956146: Tournament #3573542979, $0.92+$0.08 USD Hold'em No Limit - Level IV (30/60) - 2023/04/07 15:25:10 CET [2023/04/07 9:25:10 ET]
Table '3573542979 1' 3-max Seat #1 is the button
Seat 1: betobov1914 (1050 in chips) 
Seat 2: Mahu2021 (450 in chips) 
betobov1914: posts small blind 30
Mahu2021: posts big blind 60
*** HOLE CARDS ***
Dealt to Mahu2021 [6s 8c]
betobov1914: raises 120 to 180
Mahu2021: folds 
Uncalled bet (120) returned to betobov1914
betobov1914 collected 120 from pot
betobov1914: doesn't show hand 
*** SUMMARY ***
Total pot 120 | Rake 0 
Seat 1: betobov1914 (button) (small blind) collected (120)
Seat 2: Mahu2021 (big blind) folded before Flop



PokerStars Hand #242940957463: Tournament #3573542979, $0.92+$0.08 USD Hold'em No Limit - Level IV (30/60) - 2023/04/07 15:25:16 CET [2023/04/07 9:25:16 ET]
Table '3573542979 1' 3-max Seat #2 is the button
Seat 1: betobov1914 (1110 in chips) 
Seat 2: Mahu2021 (390 in chips) 
Mahu2021: posts small blind 30
betobov1914: posts big blind 60
*** HOLE CARDS ***
Dealt to Mahu2021 [9h 3s]
Mahu2021: folds 
Uncalled bet (30) returned to betobov1914
betobov1914 collected 60 from pot
betobov1914: doesn't show hand 
*** SUMMARY ***
Total pot 60 | Rake 0 
Seat 1: betobov1914 (big blind) collected (60)
Seat 2: Mahu2021 (button) (small blind) folded before Flop



PokerStars Hand #242940958502: Tournament #3573542979, $0.92+$0.08 USD Hold'em No Limit - Level IV (30/60) - 2023/04/07 15:25:20 CET [2023/04/07 9:25:20 ET]
Table '3573542979 1' 3-max Seat #1 is the button
Seat 1: betobov1914 (1140 in chips) 
Seat 2: Mahu2021 (360 in chips) 
betobov1914: posts small blind 30
Mahu2021: posts big blind 60
*** HOLE CARDS ***
Dealt to Mahu2021 [Jh Ac]
betobov1914: calls 30
Mahu2021: raises 300 to 360 and is all-in
betobov1914: folds 
Uncalled bet (300) returned to Mahu2021
Mahu2021 collected 120 from pot
Mahu2021: doesn't show hand 
*** SUMMARY ***
Total pot 120 | Rake 0 
Seat 1: betobov1914 (button) (small blind) folded before Flop
Seat 2: Mahu2021 (big blind) collected (120)



PokerStars Hand #242940960276: Tournament #3573542979, $0.92+$0.08 USD Hold'em No Limit - Level IV (30/60) - 2023/04/07 15:25:28 CET [2023/04/07 9:25:28 ET]
Table '3573542979 1' 3-max Seat #2 is the button
Seat 1: betobov1914 (1080 in chips) 
Seat 2: Mahu2021 (420 in chips) 
Mahu2021: posts small blind 30
betobov1914: posts big blind 60
*** HOLE CARDS ***
Dealt to Mahu2021 [8c 6c]
Mahu2021: calls 30
betobov1914: checks 
*** FLOP *** [Jh Qs Tc]
betobov1914: checks 
Mahu2021: checks 
*** TURN *** [Jh Qs Tc] [Jd]
betobov1914: checks 
Mahu2021: checks 
*** RIVER *** [Jh Qs Tc Jd] [Qc]
betobov1914: bets 120
Mahu2021: folds 
Uncalled bet (120) returned to betobov1914
betobov1914 collected 120 from pot
betobov1914: doesn't show hand 
*** SUMMARY ***
Total pot 120 | Rake 0 
Board [Jh Qs Tc Jd Qc]
Seat 1: betobov1914 (big blind) collected (120)
Seat 2: Mahu2021 (button) (small blind) folded on the River



PokerStars Hand #242940964030: Tournament #3573542979, $0.92+$0.08 USD Hold'em No Limit - Level IV (30/60) - 2023/04/07 15:25:44 CET [2023/04/07 9:25:44 ET]
Table '3573542979 1' 3-max Seat #1 is the button
Seat 1: betobov1914 (1140 in chips) 
Seat 2: Mahu2021 (360 in chips) 
betobov1914: posts small blind 30
Mahu2021: posts big blind 60
*** HOLE CARDS ***
Dealt to Mahu2021 [2d Qd]
betobov1914: calls 30
Mahu2021: raises 300 to 360 and is all-in
betobov1914: folds 
Uncalled bet (300) returned to Mahu2021
Mahu2021 collected 120 from pot
Mahu2021: doesn't show hand 
*** SUMMARY ***
Total pot 120 | Rake 0 
Seat 1: betobov1914 (button) (small blind) folded before Flop
Seat 2: Mahu2021 (big blind) collected (120)



PokerStars Hand #242940965909: Tournament #3573542979, $0.92+$0.08 USD Hold'em No Limit - Level IV (30/60) - 2023/04/07 15:25:51 CET [2023/04/07 9:25:51 ET]
Table '3573542979 1' 3-max Seat #2 is the button
Seat 1: betobov1914 (1080 in chips) 
Seat 2: Mahu2021 (420 in chips) 
Mahu2021: posts small blind 30
betobov1914: posts big blind 60
*** HOLE CARDS ***
Dealt to Mahu2021 [3d Ks]
Mahu2021: raises 360 to 420 and is all-in
betobov1914: calls 360
*** FLOP *** [5d 9d 3c]
*** TURN *** [5d 9d 3c] [Ah]
*** RIVER *** [5d 9d 3c Ah] [Ts]
*** SHOW DOWN ***
betobov1914: shows [Ad 8c] (a pair of Aces)
Mahu2021: shows [3d Ks] (a pair of Threes)
betobov1914 collected 840 from pot
Mahu2021 finished the tournament in 2nd place
betobov1914 wins the tournament and receives $2.00 - congratulations!
*** SUMMARY ***
Total pot 840 | Rake 0 
Board [5d 9d 3c Ah Ts]
Seat 1: betobov1914 (big blind) showed [Ad 8c] and won (840) with a pair of Aces
Seat 2: Mahu2021 (button) (small blind) showed [3d Ks] and lost with a pair of Threes



