PokerStars Hand #243005655099: Tournament #3575522502, $9.30+$0.70 USD Hold'em No Limit - Level I (10/20) - 2023/04/10 17:14:57 CET [2023/04/10 11:14:57 ET]
Table '3575522502 1' 3-max Seat #1 is the button
Seat 1: SpeaKeaSy013 (500 in chips) 
Seat 2: Mahu2021 (500 in chips) 
Seat 3: JadesFalling (500 in chips) 
Mahu2021: posts small blind 10
JadesFalling: posts big blind 20
*** HOLE CARDS ***
Dealt to Mahu2021 [6s As]
SpeaKeaSy013: raises 20 to 40
Mahu2021: calls 30
JadesFalling: folds 
*** FLOP *** [4h Kc 7h]
Mahu2021: checks 
SpeaKeaSy013: bets 30
Mahu2021: folds 
Uncalled bet (30) returned to SpeaKeaSy013
SpeaKeaSy013 collected 100 from pot
SpeaKeaSy013: doesn't show hand 
*** SUMMARY ***
Total pot 100 | Rake 0 
Board [4h Kc 7h]
Seat 1: SpeaKeaSy013 (button) collected (100)
Seat 2: Mahu2021 (small blind) folded on the Flop
Seat 3: JadesFalling (big blind) folded before Flop



PokerStars Hand #243005658986: Tournament #3575522502, $9.30+$0.70 USD Hold'em No Limit - Level I (10/20) - 2023/04/10 17:15:10 CET [2023/04/10 11:15:10 ET]
Table '3575522502 1' 3-max Seat #2 is the button
Seat 1: SpeaKeaSy013 (560 in chips) 
Seat 2: Mahu2021 (460 in chips) 
Seat 3: JadesFalling (480 in chips) 
JadesFalling: posts small blind 10
SpeaKeaSy013: posts big blind 20
*** HOLE CARDS ***
Dealt to Mahu2021 [7s Qs]
Mahu2021: calls 20
JadesFalling: calls 10
SpeaKeaSy013: raises 50 to 70
Mahu2021: folds 
JadesFalling: calls 50
*** FLOP *** [8d Th 9h]
JadesFalling: bets 160
SpeaKeaSy013: raises 160 to 320
JadesFalling: calls 160
*** TURN *** [8d Th 9h] [Jd]
JadesFalling: bets 90 and is all-in
SpeaKeaSy013: calls 90
*** RIVER *** [8d Th 9h Jd] [8s]
*** SHOW DOWN ***
JadesFalling: shows [Jh 5c] (two pair, Jacks and Eights)
SpeaKeaSy013: shows [Kd Td] (two pair, Tens and Eights)
JadesFalling collected 980 from pot
*** SUMMARY ***
Total pot 980 | Rake 0 
Board [8d Th 9h Jd 8s]
Seat 1: SpeaKeaSy013 (big blind) showed [Kd Td] and lost with two pair, Tens and Eights
Seat 2: Mahu2021 (button) folded before Flop
Seat 3: JadesFalling (small blind) showed [Jh 5c] and won (980) with two pair, Jacks and Eights



PokerStars Hand #243005674607: Tournament #3575522502, $9.30+$0.70 USD Hold'em No Limit - Level I (10/20) - 2023/04/10 17:16:02 CET [2023/04/10 11:16:02 ET]
Table '3575522502 1' 3-max Seat #3 is the button
Seat 1: SpeaKeaSy013 (80 in chips) 
Seat 2: Mahu2021 (440 in chips) 
Seat 3: JadesFalling (980 in chips) 
SpeaKeaSy013: posts small blind 10
Mahu2021: posts big blind 20
*** HOLE CARDS ***
Dealt to Mahu2021 [9s 4s]
JadesFalling: folds 
SpeaKeaSy013: raises 60 to 80 and is all-in
Mahu2021: folds 
Uncalled bet (60) returned to SpeaKeaSy013
SpeaKeaSy013 collected 40 from pot
SpeaKeaSy013: doesn't show hand 
*** SUMMARY ***
Total pot 40 | Rake 0 
Seat 1: SpeaKeaSy013 (small blind) collected (40)
Seat 2: Mahu2021 (big blind) folded before Flop
Seat 3: JadesFalling (button) folded before Flop (didn't bet)



PokerStars Hand #243005677182: Tournament #3575522502, $9.30+$0.70 USD Hold'em No Limit - Level I (10/20) - 2023/04/10 17:16:11 CET [2023/04/10 11:16:11 ET]
Table '3575522502 1' 3-max Seat #1 is the button
Seat 1: SpeaKeaSy013 (100 in chips) 
Seat 2: Mahu2021 (420 in chips) 
Seat 3: JadesFalling (980 in chips) 
Mahu2021: posts small blind 10
JadesFalling: posts big blind 20
*** HOLE CARDS ***
Dealt to Mahu2021 [6c Jc]
SpeaKeaSy013: folds 
Mahu2021: calls 10
JadesFalling: raises 40 to 60
Mahu2021: folds 
Uncalled bet (40) returned to JadesFalling
JadesFalling collected 40 from pot
*** SUMMARY ***
Total pot 40 | Rake 0 
Seat 1: SpeaKeaSy013 (button) folded before Flop (didn't bet)
Seat 2: Mahu2021 (small blind) folded before Flop
Seat 3: JadesFalling (big blind) collected (40)



PokerStars Hand #243005680508: Tournament #3575522502, $9.30+$0.70 USD Hold'em No Limit - Level I (10/20) - 2023/04/10 17:16:22 CET [2023/04/10 11:16:22 ET]
Table '3575522502 1' 3-max Seat #2 is the button
Seat 1: SpeaKeaSy013 (100 in chips) 
Seat 2: Mahu2021 (400 in chips) 
Seat 3: JadesFalling (1000 in chips) 
JadesFalling: posts small blind 10
SpeaKeaSy013: posts big blind 20
*** HOLE CARDS ***
Dealt to Mahu2021 [8h Kd]
Mahu2021: folds 
JadesFalling: folds 
Uncalled bet (10) returned to SpeaKeaSy013
SpeaKeaSy013 collected 20 from pot
SpeaKeaSy013: doesn't show hand 
*** SUMMARY ***
Total pot 20 | Rake 0 
Seat 1: SpeaKeaSy013 (big blind) collected (20)
Seat 2: Mahu2021 (button) folded before Flop (didn't bet)
Seat 3: JadesFalling (small blind) folded before Flop



PokerStars Hand #243005682188: Tournament #3575522502, $9.30+$0.70 USD Hold'em No Limit - Level I (10/20) - 2023/04/10 17:16:28 CET [2023/04/10 11:16:28 ET]
Table '3575522502 1' 3-max Seat #3 is the button
Seat 1: SpeaKeaSy013 (110 in chips) 
Seat 2: Mahu2021 (400 in chips) 
Seat 3: JadesFalling (990 in chips) 
SpeaKeaSy013: posts small blind 10
Mahu2021: posts big blind 20
*** HOLE CARDS ***
Dealt to Mahu2021 [4c Kc]
JadesFalling: folds 
SpeaKeaSy013: raises 90 to 110 and is all-in
Mahu2021: calls 90
*** FLOP *** [9h Ks 3c]
*** TURN *** [9h Ks 3c] [5d]
*** RIVER *** [9h Ks 3c 5d] [Th]
*** SHOW DOWN ***
SpeaKeaSy013: shows [9d Ts] (two pair, Tens and Nines)
Mahu2021: shows [4c Kc] (a pair of Kings)
SpeaKeaSy013 collected 220 from pot
*** SUMMARY ***
Total pot 220 | Rake 0 
Board [9h Ks 3c 5d Th]
Seat 1: SpeaKeaSy013 (small blind) showed [9d Ts] and won (220) with two pair, Tens and Nines
Seat 2: Mahu2021 (big blind) showed [4c Kc] and lost with a pair of Kings
Seat 3: JadesFalling (button) folded before Flop (didn't bet)



PokerStars Hand #243005686595: Tournament #3575522502, $9.30+$0.70 USD Hold'em No Limit - Level I (10/20) - 2023/04/10 17:16:43 CET [2023/04/10 11:16:43 ET]
Table '3575522502 1' 3-max Seat #1 is the button
Seat 1: SpeaKeaSy013 (220 in chips) 
Seat 2: Mahu2021 (290 in chips) 
Seat 3: JadesFalling (990 in chips) 
Mahu2021: posts small blind 10
JadesFalling: posts big blind 20
*** HOLE CARDS ***
Dealt to Mahu2021 [Qh 7h]
SpeaKeaSy013: folds 
Mahu2021: calls 10
JadesFalling: checks 
*** FLOP *** [6s Ah As]
Mahu2021: bets 20
JadesFalling: folds 
Uncalled bet (20) returned to Mahu2021
Mahu2021 collected 40 from pot
Mahu2021: doesn't show hand 
*** SUMMARY ***
Total pot 40 | Rake 0 
Board [6s Ah As]
Seat 1: SpeaKeaSy013 (button) folded before Flop (didn't bet)
Seat 2: Mahu2021 (small blind) collected (40)
Seat 3: JadesFalling (big blind) folded on the Flop



PokerStars Hand #243005696270: Tournament #3575522502, $9.30+$0.70 USD Hold'em No Limit - Level II (15/30) - 2023/04/10 17:17:17 CET [2023/04/10 11:17:17 ET]
Table '3575522502 1' 3-max Seat #2 is the button
Seat 1: SpeaKeaSy013 (220 in chips) 
Seat 2: Mahu2021 (310 in chips) 
Seat 3: JadesFalling (970 in chips) 
JadesFalling: posts small blind 15
SpeaKeaSy013: posts big blind 30
*** HOLE CARDS ***
Dealt to Mahu2021 [Ks 6s]
Mahu2021: calls 30
JadesFalling has timed out
JadesFalling: folds 
JadesFalling is sitting out
SpeaKeaSy013: raises 75 to 105
JadesFalling has returned
Mahu2021: raises 205 to 310 and is all-in
SpeaKeaSy013: calls 115 and is all-in
Uncalled bet (90) returned to Mahu2021
*** FLOP *** [4c Qs 7h]
*** TURN *** [4c Qs 7h] [9d]
*** RIVER *** [4c Qs 7h 9d] [7c]
*** SHOW DOWN ***
SpeaKeaSy013: shows [Td Kd] (a pair of Sevens)
Mahu2021: shows [Ks 6s] (a pair of Sevens - lower kicker)
SpeaKeaSy013 collected 455 from pot
*** SUMMARY ***
Total pot 455 | Rake 0 
Board [4c Qs 7h 9d 7c]
Seat 1: SpeaKeaSy013 (big blind) showed [Td Kd] and won (455) with a pair of Sevens
Seat 2: Mahu2021 (button) showed [Ks 6s] and lost with a pair of Sevens
Seat 3: JadesFalling (small blind) folded before Flop



PokerStars Hand #243005705382: Tournament #3575522502, $9.30+$0.70 USD Hold'em No Limit - Level II (15/30) - 2023/04/10 17:17:47 CET [2023/04/10 11:17:47 ET]
Table '3575522502 1' 3-max Seat #3 is the button
Seat 1: SpeaKeaSy013 (455 in chips) 
Seat 2: Mahu2021 (90 in chips) 
Seat 3: JadesFalling (955 in chips) 
SpeaKeaSy013: posts small blind 15
Mahu2021: posts big blind 30
*** HOLE CARDS ***
Dealt to Mahu2021 [2s Kh]
JadesFalling: raises 75 to 105
SpeaKeaSy013: folds 
Mahu2021: calls 60 and is all-in
Uncalled bet (15) returned to JadesFalling
*** FLOP *** [5s Tc 7d]
*** TURN *** [5s Tc 7d] [9d]
*** RIVER *** [5s Tc 7d 9d] [7h]
*** SHOW DOWN ***
Mahu2021: shows [2s Kh] (a pair of Sevens)
JadesFalling: shows [Ac 3h] (a pair of Sevens - Ace kicker)
JadesFalling collected 195 from pot
Mahu2021 finished the tournament in 3rd place
*** SUMMARY ***
Total pot 195 | Rake 0 
Board [5s Tc 7d 9d 7h]
Seat 1: SpeaKeaSy013 (small blind) folded before Flop
Seat 2: Mahu2021 (big blind) showed [2s Kh] and lost with a pair of Sevens
Seat 3: JadesFalling (button) showed [Ac 3h] and won (195) with a pair of Sevens



