PokerStars Hand #249083079416: Tournament #3720989039, $1.84+$0.16 USD Hold'em No Limit - Level I (10/20) - 2024/02/25 13:35:16 CET [2024/02/25 7:35:16 ET]
Table '3720989039 1' 3-max Seat #1 is the button
Seat 1: Teetime As (500 in chips) 
Seat 2: uidman (500 in chips) 
Seat 3: Mahu2021 (500 in chips) 
uidman: posts small blind 10
Mahu2021: posts big blind 20
*** HOLE CARDS ***
Dealt to Mahu2021 [Jd Th]
Teetime As: calls 20
uidman: calls 10
Mahu2021: checks 
*** FLOP *** [9d 2d 4h]
uidman: checks 
Mahu2021: checks 
Teetime As: checks 
*** TURN *** [9d 2d 4h] [6s]
uidman: checks 
Mahu2021: checks 
Teetime As: checks 
*** RIVER *** [9d 2d 4h 6s] [Ad]
uidman: checks 
Mahu2021: bets 40
Teetime As: folds 
uidman: folds 
Uncalled bet (40) returned to Mahu2021
Mahu2021 collected 60 from pot
Mahu2021: doesn't show hand 
*** SUMMARY ***
Total pot 60 | Rake 0 
Board [9d 2d 4h 6s Ad]
Seat 1: Teetime As (button) folded on the River
Seat 2: uidman (small blind) folded on the River
Seat 3: Mahu2021 (big blind) collected (60)



PokerStars Hand #249083086690: Tournament #3720989039, $1.84+$0.16 USD Hold'em No Limit - Level I (10/20) - 2024/02/25 13:35:54 CET [2024/02/25 7:35:54 ET]
Table '3720989039 1' 3-max Seat #2 is the button
Seat 1: Teetime As (480 in chips) 
Seat 2: uidman (480 in chips) 
Seat 3: Mahu2021 (540 in chips) 
Mahu2021: posts small blind 10
Teetime As: posts big blind 20
*** HOLE CARDS ***
Dealt to Mahu2021 [3c 5c]
uidman: raises 40 to 60
Mahu2021: folds 
Teetime As: folds 
Uncalled bet (40) returned to uidman
uidman collected 50 from pot
uidman: doesn't show hand 
*** SUMMARY ***
Total pot 50 | Rake 0 
Seat 1: Teetime As (big blind) folded before Flop
Seat 2: uidman (button) collected (50)
Seat 3: Mahu2021 (small blind) folded before Flop



PokerStars Hand #249083088829: Tournament #3720989039, $1.84+$0.16 USD Hold'em No Limit - Level I (10/20) - 2024/02/25 13:36:05 CET [2024/02/25 7:36:05 ET]
Table '3720989039 1' 3-max Seat #3 is the button
Seat 1: Teetime As (460 in chips) 
Seat 2: uidman (510 in chips) 
Seat 3: Mahu2021 (530 in chips) 
Teetime As: posts small blind 10
uidman: posts big blind 20
*** HOLE CARDS ***
Dealt to Mahu2021 [Tc 7h]
Mahu2021: folds 
Teetime As: raises 20 to 40
uidman: calls 20
*** FLOP *** [Ad Qs 2c]
Teetime As: bets 20
uidman: calls 20
*** TURN *** [Ad Qs 2c] [6d]
Teetime As: checks 
uidman: bets 60
Teetime As: calls 60
*** RIVER *** [Ad Qs 2c 6d] [5d]
Teetime As: bets 180
uidman: calls 180
*** SHOW DOWN ***
Teetime As: shows [Jd Kd] (a flush, Ace high)
uidman: mucks hand 
Teetime As collected 600 from pot
*** SUMMARY ***
Total pot 600 | Rake 0 
Board [Ad Qs 2c 6d 5d]
Seat 1: Teetime As (small blind) showed [Jd Kd] and won (600) with a flush, Ace high
Seat 2: uidman (big blind) mucked [Qh 2h]
Seat 3: Mahu2021 (button) folded before Flop (didn't bet)



PokerStars Hand #249083098773: Tournament #3720989039, $1.84+$0.16 USD Hold'em No Limit - Level I (10/20) - 2024/02/25 13:36:56 CET [2024/02/25 7:36:56 ET]
Table '3720989039 1' 3-max Seat #1 is the button
Seat 1: Teetime As (760 in chips) 
Seat 2: uidman (210 in chips) 
Seat 3: Mahu2021 (530 in chips) 
uidman: posts small blind 10
Mahu2021: posts big blind 20
*** HOLE CARDS ***
Dealt to Mahu2021 [8c 4h]
Teetime As: folds 
uidman: raises 190 to 210 and is all-in
Mahu2021: folds 
Uncalled bet (190) returned to uidman
uidman collected 40 from pot
uidman: doesn't show hand 
*** SUMMARY ***
Total pot 40 | Rake 0 
Seat 1: Teetime As (button) folded before Flop (didn't bet)
Seat 2: uidman (small blind) collected (40)
Seat 3: Mahu2021 (big blind) folded before Flop



PokerStars Hand #249083100621: Tournament #3720989039, $1.84+$0.16 USD Hold'em No Limit - Level I (10/20) - 2024/02/25 13:37:06 CET [2024/02/25 7:37:06 ET]
Table '3720989039 1' 3-max Seat #2 is the button
Seat 1: Teetime As (760 in chips) 
Seat 2: uidman (230 in chips) 
Seat 3: Mahu2021 (510 in chips) 
Mahu2021: posts small blind 10
Teetime As: posts big blind 20
*** HOLE CARDS ***
Dealt to Mahu2021 [2s Kh]
uidman: calls 20
Mahu2021: calls 10
Teetime As: checks 
*** FLOP *** [Qc Jd Qs]
Mahu2021: checks 
Teetime As: checks 
uidman: bets 30
Mahu2021: folds 
Teetime As: folds 
Uncalled bet (30) returned to uidman
uidman collected 60 from pot
*** SUMMARY ***
Total pot 60 | Rake 0 
Board [Qc Jd Qs]
Seat 1: Teetime As (big blind) folded on the Flop
Seat 2: uidman (button) collected (60)
Seat 3: Mahu2021 (small blind) folded on the Flop



PokerStars Hand #249083107390: Tournament #3720989039, $1.84+$0.16 USD Hold'em No Limit - Level II (15/30) - 2024/02/25 13:37:41 CET [2024/02/25 7:37:41 ET]
Table '3720989039 1' 3-max Seat #3 is the button
Seat 1: Teetime As (740 in chips) 
Seat 2: uidman (270 in chips) 
Seat 3: Mahu2021 (490 in chips) 
Teetime As: posts small blind 15
uidman: posts big blind 30
*** HOLE CARDS ***
Dealt to Mahu2021 [Tc Jc]
Mahu2021: calls 30
Teetime As: calls 15
uidman: checks 
*** FLOP *** [3d Qd 7s]
Teetime As: checks 
uidman: checks 
Mahu2021: checks 
*** TURN *** [3d Qd 7s] [Js]
Teetime As: checks 
uidman: checks 
Mahu2021: bets 90
Teetime As: folds 
uidman: calls 90
*** RIVER *** [3d Qd 7s Js] [4h]
uidman: checks 
Mahu2021: checks 
*** SHOW DOWN ***
uidman: shows [8c Jh] (a pair of Jacks)
Mahu2021: shows [Tc Jc] (a pair of Jacks - Queen+Ten kicker)
Mahu2021 collected 270 from pot
*** SUMMARY ***
Total pot 270 | Rake 0 
Board [3d Qd 7s Js 4h]
Seat 1: Teetime As (small blind) folded on the Turn
Seat 2: uidman (big blind) showed [8c Jh] and lost with a pair of Jacks
Seat 3: Mahu2021 (button) showed [Tc Jc] and won (270) with a pair of Jacks



PokerStars Hand #249083114184: Tournament #3720989039, $1.84+$0.16 USD Hold'em No Limit - Level II (15/30) - 2024/02/25 13:38:16 CET [2024/02/25 7:38:16 ET]
Table '3720989039 1' 3-max Seat #1 is the button
Seat 1: Teetime As (710 in chips) 
Seat 2: uidman (150 in chips) 
Seat 3: Mahu2021 (640 in chips) 
uidman: posts small blind 15
Mahu2021: posts big blind 30
*** HOLE CARDS ***
Dealt to Mahu2021 [Kd 5s]
Teetime As: folds 
uidman: raises 120 to 150 and is all-in
Mahu2021: folds 
Uncalled bet (120) returned to uidman
uidman collected 60 from pot
uidman: doesn't show hand 
*** SUMMARY ***
Total pot 60 | Rake 0 
Seat 1: Teetime As (button) folded before Flop (didn't bet)
Seat 2: uidman (small blind) collected (60)
Seat 3: Mahu2021 (big blind) folded before Flop



PokerStars Hand #249083116640: Tournament #3720989039, $1.84+$0.16 USD Hold'em No Limit - Level II (15/30) - 2024/02/25 13:38:29 CET [2024/02/25 7:38:29 ET]
Table '3720989039 1' 3-max Seat #2 is the button
Seat 1: Teetime As (710 in chips) 
Seat 2: uidman (180 in chips) 
Seat 3: Mahu2021 (610 in chips) 
Mahu2021: posts small blind 15
Teetime As: posts big blind 30
*** HOLE CARDS ***
Dealt to Mahu2021 [Th Ts]
uidman: folds 
Mahu2021: raises 580 to 610 and is all-in
Teetime As: folds 
Uncalled bet (580) returned to Mahu2021
Mahu2021 collected 60 from pot
Mahu2021: doesn't show hand 
*** SUMMARY ***
Total pot 60 | Rake 0 
Seat 1: Teetime As (big blind) folded before Flop
Seat 2: uidman (button) folded before Flop (didn't bet)
Seat 3: Mahu2021 (small blind) collected (60)



PokerStars Hand #249083118353: Tournament #3720989039, $1.84+$0.16 USD Hold'em No Limit - Level II (15/30) - 2024/02/25 13:38:38 CET [2024/02/25 7:38:38 ET]
Table '3720989039 1' 3-max Seat #3 is the button
Seat 1: Teetime As (680 in chips) 
Seat 2: uidman (180 in chips) 
Seat 3: Mahu2021 (640 in chips) 
Teetime As: posts small blind 15
uidman: posts big blind 30
*** HOLE CARDS ***
Dealt to Mahu2021 [Ad 7c]
Mahu2021: folds 
Teetime As: raises 650 to 680 and is all-in
uidman: calls 150 and is all-in
Uncalled bet (500) returned to Teetime As
*** FLOP *** [8s 4d Tc]
*** TURN *** [8s 4d Tc] [4c]
*** RIVER *** [8s 4d Tc 4c] [Qd]
*** SHOW DOWN ***
Teetime As: shows [9d 9h] (two pair, Nines and Fours)
uidman: shows [Ks 5h] (a pair of Fours)
Teetime As collected 360 from pot
uidman finished the tournament in 3rd place
*** SUMMARY ***
Total pot 360 | Rake 0 
Board [8s 4d Tc 4c Qd]
Seat 1: Teetime As (small blind) showed [9d 9h] and won (360) with two pair, Nines and Fours
Seat 2: uidman (big blind) showed [Ks 5h] and lost with a pair of Fours
Seat 3: Mahu2021 (button) folded before Flop (didn't bet)



PokerStars Hand #249083123052: Tournament #3720989039, $1.84+$0.16 USD Hold'em No Limit - Level II (15/30) - 2024/02/25 13:39:02 CET [2024/02/25 7:39:02 ET]
Table '3720989039 1' 3-max Seat #1 is the button
Seat 1: Teetime As (860 in chips) 
Seat 3: Mahu2021 (640 in chips) 
Teetime As: posts small blind 15
Mahu2021: posts big blind 30
*** HOLE CARDS ***
Dealt to Mahu2021 [6s Qs]
Teetime As: calls 15
Mahu2021: raises 90 to 120
Teetime As: folds 
Uncalled bet (90) returned to Mahu2021
Mahu2021 collected 60 from pot
Mahu2021: doesn't show hand 
*** SUMMARY ***
Total pot 60 | Rake 0 
Seat 1: Teetime As (button) (small blind) folded before Flop
Seat 3: Mahu2021 (big blind) collected (60)



PokerStars Hand #249083125420: Tournament #3720989039, $1.84+$0.16 USD Hold'em No Limit - Level II (15/30) - 2024/02/25 13:39:14 CET [2024/02/25 7:39:14 ET]
Table '3720989039 1' 3-max Seat #3 is the button
Seat 1: Teetime As (830 in chips) 
Seat 3: Mahu2021 (670 in chips) 
Mahu2021: posts small blind 15
Teetime As: posts big blind 30
*** HOLE CARDS ***
Dealt to Mahu2021 [4h 5s]
Mahu2021: folds 
Uncalled bet (15) returned to Teetime As
Teetime As collected 30 from pot
Teetime As: doesn't show hand 
*** SUMMARY ***
Total pot 30 | Rake 0 
Seat 1: Teetime As (big blind) collected (30)
Seat 3: Mahu2021 (button) (small blind) folded before Flop



PokerStars Hand #249083127299: Tournament #3720989039, $1.84+$0.16 USD Hold'em No Limit - Level III (20/40) - 2024/02/25 13:39:24 CET [2024/02/25 7:39:24 ET]
Table '3720989039 1' 3-max Seat #1 is the button
Seat 1: Teetime As (845 in chips) 
Seat 3: Mahu2021 (655 in chips) 
Teetime As: posts small blind 20
Mahu2021: posts big blind 40
*** HOLE CARDS ***
Dealt to Mahu2021 [6d Ac]
Teetime As: folds 
Uncalled bet (20) returned to Mahu2021
Mahu2021 collected 40 from pot
Mahu2021: doesn't show hand 
*** SUMMARY ***
Total pot 40 | Rake 0 
Seat 1: Teetime As (button) (small blind) folded before Flop
Seat 3: Mahu2021 (big blind) collected (40)



PokerStars Hand #249083128466: Tournament #3720989039, $1.84+$0.16 USD Hold'em No Limit - Level III (20/40) - 2024/02/25 13:39:30 CET [2024/02/25 7:39:30 ET]
Table '3720989039 1' 3-max Seat #3 is the button
Seat 1: Teetime As (825 in chips) 
Seat 3: Mahu2021 (675 in chips) 
Mahu2021: posts small blind 20
Teetime As: posts big blind 40
*** HOLE CARDS ***
Dealt to Mahu2021 [Ad 6c]
Mahu2021: raises 40 to 80
Teetime As: folds 
Uncalled bet (40) returned to Mahu2021
Mahu2021 collected 80 from pot
Mahu2021: doesn't show hand 
*** SUMMARY ***
Total pot 80 | Rake 0 
Seat 1: Teetime As (big blind) folded before Flop
Seat 3: Mahu2021 (button) (small blind) collected (80)



PokerStars Hand #249083130177: Tournament #3720989039, $1.84+$0.16 USD Hold'em No Limit - Level III (20/40) - 2024/02/25 13:39:39 CET [2024/02/25 7:39:39 ET]
Table '3720989039 1' 3-max Seat #1 is the button
Seat 1: Teetime As (785 in chips) 
Seat 3: Mahu2021 (715 in chips) 
Teetime As: posts small blind 20
Mahu2021: posts big blind 40
*** HOLE CARDS ***
Dealt to Mahu2021 [4s 2h]
Teetime As: folds 
Uncalled bet (20) returned to Mahu2021
Mahu2021 collected 40 from pot
Mahu2021: doesn't show hand 
*** SUMMARY ***
Total pot 40 | Rake 0 
Seat 1: Teetime As (button) (small blind) folded before Flop
Seat 3: Mahu2021 (big blind) collected (40)



PokerStars Hand #249083131368: Tournament #3720989039, $1.84+$0.16 USD Hold'em No Limit - Level III (20/40) - 2024/02/25 13:39:45 CET [2024/02/25 7:39:45 ET]
Table '3720989039 1' 3-max Seat #3 is the button
Seat 1: Teetime As (765 in chips) 
Seat 3: Mahu2021 (735 in chips) 
Mahu2021: posts small blind 20
Teetime As: posts big blind 40
*** HOLE CARDS ***
Dealt to Mahu2021 [9d 7d]
Mahu2021: calls 20
Teetime As: raises 80 to 120
Mahu2021: folds 
Uncalled bet (80) returned to Teetime As
Teetime As collected 80 from pot
Teetime As: doesn't show hand 
*** SUMMARY ***
Total pot 80 | Rake 0 
Seat 1: Teetime As (big blind) collected (80)
Seat 3: Mahu2021 (button) (small blind) folded before Flop



PokerStars Hand #249083136041: Tournament #3720989039, $1.84+$0.16 USD Hold'em No Limit - Level III (20/40) - 2024/02/25 13:40:09 CET [2024/02/25 7:40:09 ET]
Table '3720989039 1' 3-max Seat #1 is the button
Seat 1: Teetime As (805 in chips) 
Seat 3: Mahu2021 (695 in chips) 
Teetime As: posts small blind 20
Mahu2021: posts big blind 40
*** HOLE CARDS ***
Dealt to Mahu2021 [9h 6d]
Teetime As: calls 20
Mahu2021: checks 
*** FLOP *** [Kc 8c Ah]
Mahu2021: checks 
Teetime As: checks 
*** TURN *** [Kc 8c Ah] [Th]
Mahu2021: checks 
Teetime As: checks 
*** RIVER *** [Kc 8c Ah Th] [Jd]
Mahu2021: checks 
Teetime As: checks 
*** SHOW DOWN ***
Mahu2021: shows [9h 6d] (high card Ace)
Teetime As: shows [2d 2c] (a pair of Deuces)
Teetime As collected 80 from pot
*** SUMMARY ***
Total pot 80 | Rake 0 
Board [Kc 8c Ah Th Jd]
Seat 1: Teetime As (button) (small blind) showed [2d 2c] and won (80) with a pair of Deuces
Seat 3: Mahu2021 (big blind) showed [9h 6d] and lost with high card Ace



PokerStars Hand #249083140671: Tournament #3720989039, $1.84+$0.16 USD Hold'em No Limit - Level III (20/40) - 2024/02/25 13:40:33 CET [2024/02/25 7:40:33 ET]
Table '3720989039 1' 3-max Seat #3 is the button
Seat 1: Teetime As (845 in chips) 
Seat 3: Mahu2021 (655 in chips) 
Mahu2021: posts small blind 20
Teetime As: posts big blind 40
*** HOLE CARDS ***
Dealt to Mahu2021 [4c Ac]
Mahu2021: raises 80 to 120
Teetime As: folds 
Uncalled bet (80) returned to Mahu2021
Mahu2021 collected 80 from pot
Mahu2021: doesn't show hand 
*** SUMMARY ***
Total pot 80 | Rake 0 
Seat 1: Teetime As (big blind) folded before Flop
Seat 3: Mahu2021 (button) (small blind) collected (80)



PokerStars Hand #249083142935: Tournament #3720989039, $1.84+$0.16 USD Hold'em No Limit - Level III (20/40) - 2024/02/25 13:40:45 CET [2024/02/25 7:40:45 ET]
Table '3720989039 1' 3-max Seat #1 is the button
Seat 1: Teetime As (805 in chips) 
Seat 3: Mahu2021 (695 in chips) 
Teetime As: posts small blind 20
Mahu2021: posts big blind 40
*** HOLE CARDS ***
Dealt to Mahu2021 [4s 6c]
Teetime As: raises 765 to 805 and is all-in
Mahu2021: folds 
Uncalled bet (765) returned to Teetime As
Teetime As collected 80 from pot
Teetime As: doesn't show hand 
*** SUMMARY ***
Total pot 80 | Rake 0 
Seat 1: Teetime As (button) (small blind) collected (80)
Seat 3: Mahu2021 (big blind) folded before Flop



PokerStars Hand #249083146592: Tournament #3720989039, $1.84+$0.16 USD Hold'em No Limit - Level III (20/40) - 2024/02/25 13:41:04 CET [2024/02/25 7:41:04 ET]
Table '3720989039 1' 3-max Seat #3 is the button
Seat 1: Teetime As (845 in chips) 
Seat 3: Mahu2021 (655 in chips) 
Mahu2021: posts small blind 20
Teetime As: posts big blind 40
*** HOLE CARDS ***
Dealt to Mahu2021 [Ad 2c]
Mahu2021: calls 20
Teetime As: checks 
*** FLOP *** [Js As 6d]
Teetime As: checks 
Mahu2021: bets 80
Teetime As: folds 
Uncalled bet (80) returned to Mahu2021
Mahu2021 collected 80 from pot
Mahu2021: doesn't show hand 
*** SUMMARY ***
Total pot 80 | Rake 0 
Board [Js As 6d]
Seat 1: Teetime As (big blind) folded on the Flop
Seat 3: Mahu2021 (button) (small blind) collected (80)



PokerStars Hand #249083150984: Tournament #3720989039, $1.84+$0.16 USD Hold'em No Limit - Level IV (30/60) - 2024/02/25 13:41:26 CET [2024/02/25 7:41:26 ET]
Table '3720989039 1' 3-max Seat #1 is the button
Seat 1: Teetime As (805 in chips) 
Seat 3: Mahu2021 (695 in chips) 
Teetime As: posts small blind 30
Mahu2021: posts big blind 60
*** HOLE CARDS ***
Dealt to Mahu2021 [4c 5d]
Teetime As: raises 745 to 805 and is all-in
Mahu2021: folds 
Uncalled bet (745) returned to Teetime As
Teetime As collected 120 from pot
Teetime As: doesn't show hand 
*** SUMMARY ***
Total pot 120 | Rake 0 
Seat 1: Teetime As (button) (small blind) collected (120)
Seat 3: Mahu2021 (big blind) folded before Flop



PokerStars Hand #249083153010: Tournament #3720989039, $1.84+$0.16 USD Hold'em No Limit - Level IV (30/60) - 2024/02/25 13:41:37 CET [2024/02/25 7:41:37 ET]
Table '3720989039 1' 3-max Seat #3 is the button
Seat 1: Teetime As (865 in chips) 
Seat 3: Mahu2021 (635 in chips) 
Mahu2021: posts small blind 30
Teetime As: posts big blind 60
*** HOLE CARDS ***
Dealt to Mahu2021 [Tc 7c]
Mahu2021: calls 30
Teetime As: checks 
*** FLOP *** [Kc 3c Js]
Teetime As: checks 
Mahu2021: bets 120
Teetime As: folds 
Uncalled bet (120) returned to Mahu2021
Mahu2021 collected 120 from pot
Mahu2021: doesn't show hand 
*** SUMMARY ***
Total pot 120 | Rake 0 
Board [Kc 3c Js]
Seat 1: Teetime As (big blind) folded on the Flop
Seat 3: Mahu2021 (button) (small blind) collected (120)



PokerStars Hand #249083156157: Tournament #3720989039, $1.84+$0.16 USD Hold'em No Limit - Level IV (30/60) - 2024/02/25 13:41:53 CET [2024/02/25 7:41:53 ET]
Table '3720989039 1' 3-max Seat #1 is the button
Seat 1: Teetime As (805 in chips) 
Seat 3: Mahu2021 (695 in chips) 
Teetime As: posts small blind 30
Mahu2021: posts big blind 60
*** HOLE CARDS ***
Dealt to Mahu2021 [7c 7h]
Teetime As: raises 60 to 120
Mahu2021: raises 575 to 695 and is all-in
Teetime As: calls 575
*** FLOP *** [Ah Ks 4h]
*** TURN *** [Ah Ks 4h] [5d]
*** RIVER *** [Ah Ks 4h 5d] [8s]
*** SHOW DOWN ***
Mahu2021: shows [7c 7h] (a pair of Sevens)
Teetime As: shows [9s Js] (high card Ace)
Mahu2021 collected 1390 from pot
*** SUMMARY ***
Total pot 1390 | Rake 0 
Board [Ah Ks 4h 5d 8s]
Seat 1: Teetime As (button) (small blind) showed [9s Js] and lost with high card Ace
Seat 3: Mahu2021 (big blind) showed [7c 7h] and won (1390) with a pair of Sevens



PokerStars Hand #249083159799: Tournament #3720989039, $1.84+$0.16 USD Hold'em No Limit - Level IV (30/60) - 2024/02/25 13:42:11 CET [2024/02/25 7:42:11 ET]
Table '3720989039 1' 3-max Seat #3 is the button
Seat 1: Teetime As (110 in chips) 
Seat 3: Mahu2021 (1390 in chips) 
Mahu2021: posts small blind 30
Teetime As: posts big blind 60
*** HOLE CARDS ***
Dealt to Mahu2021 [8c 4h]
Mahu2021: folds 
Uncalled bet (30) returned to Teetime As
Teetime As collected 60 from pot
Teetime As: doesn't show hand 
*** SUMMARY ***
Total pot 60 | Rake 0 
Seat 1: Teetime As (big blind) collected (60)
Seat 3: Mahu2021 (button) (small blind) folded before Flop



PokerStars Hand #249083160834: Tournament #3720989039, $1.84+$0.16 USD Hold'em No Limit - Level IV (30/60) - 2024/02/25 13:42:16 CET [2024/02/25 7:42:16 ET]
Table '3720989039 1' 3-max Seat #1 is the button
Seat 1: Teetime As (140 in chips) 
Seat 3: Mahu2021 (1360 in chips) 
Teetime As: posts small blind 30
Mahu2021: posts big blind 60
*** HOLE CARDS ***
Dealt to Mahu2021 [Ts Jd]
Teetime As: raises 80 to 140 and is all-in
Mahu2021: calls 80
*** FLOP *** [4d Ks 3d]
*** TURN *** [4d Ks 3d] [2h]
*** RIVER *** [4d Ks 3d 2h] [7d]
*** SHOW DOWN ***
Mahu2021: shows [Ts Jd] (high card King)
Teetime As: shows [9s 6d] (high card King - lower kicker)
Mahu2021 collected 280 from pot
Teetime As finished the tournament in 2nd place
Mahu2021 wins the tournament and receives $4.00 - congratulations!
*** SUMMARY ***
Total pot 280 | Rake 0 
Board [4d Ks 3d 2h 7d]
Seat 1: Teetime As (button) (small blind) showed [9s 6d] and lost with high card King
Seat 3: Mahu2021 (big blind) showed [Ts Jd] and won (280) with high card King



