PokerStars Hand #253401111151: Tournament #3823458546, $1.84+$0.16 USD Hold'em No Limit - Level I (10/20) - 2024/11/14 20:00:28 CET [2024/11/14 14:00:28 ET]
Table '3823458546 1' 3-max Seat #1 is the button
Seat 1: Mahu2021 (500 in chips) 
Seat 2: varval (500 in chips) 
Seat 3: kiszer23 (500 in chips) 
varval: posts small blind 10
kiszer23: posts big blind 20
*** HOLE CARDS ***
Dealt to Mahu2021 [Ts Jd]
Mahu2021: calls 20
varval has timed out
varval: folds 
varval is sitting out
kiszer23: checks 
*** FLOP *** [Th 2d 2c]
kiszer23: checks 
Mahu2021: bets 50
varval has returned
kiszer23: folds 
Uncalled bet (50) returned to Mahu2021
Mahu2021 collected 50 from pot
Mahu2021: doesn't show hand 
*** SUMMARY ***
Total pot 50 | Rake 0 
Board [Th 2d 2c]
Seat 1: Mahu2021 (button) collected (50)
Seat 2: varval (small blind) folded before Flop
Seat 3: kiszer23 (big blind) folded on the Flop



PokerStars Hand #253401120254: Tournament #3823458546, $1.84+$0.16 USD Hold'em No Limit - Level I (10/20) - 2024/11/14 20:01:06 CET [2024/11/14 14:01:06 ET]
Table '3823458546 1' 3-max Seat #2 is the button
Seat 1: Mahu2021 (530 in chips) 
Seat 2: varval (490 in chips) 
Seat 3: kiszer23 (480 in chips) 
kiszer23: posts small blind 10
Mahu2021: posts big blind 20
*** HOLE CARDS ***
Dealt to Mahu2021 [5h Td]
varval: calls 20
kiszer23: folds 
Mahu2021: checks 
*** FLOP *** [Ac 3s 2s]
Mahu2021: checks 
varval: checks 
*** TURN *** [Ac 3s 2s] [6d]
Mahu2021: checks 
varval: checks 
*** RIVER *** [Ac 3s 2s 6d] [2d]
Mahu2021: checks 
varval: checks 
*** SHOW DOWN ***
Mahu2021: shows [5h Td] (a pair of Deuces)
varval: shows [Ks 7c] (a pair of Deuces - Ace+King kicker)
varval collected 50 from pot
*** SUMMARY ***
Total pot 50 | Rake 0 
Board [Ac 3s 2s 6d 2d]
Seat 1: Mahu2021 (big blind) showed [5h Td] and lost with a pair of Deuces
Seat 2: varval (button) showed [Ks 7c] and won (50) with a pair of Deuces
Seat 3: kiszer23 (small blind) folded before Flop



PokerStars Hand #253401124159: Tournament #3823458546, $1.84+$0.16 USD Hold'em No Limit - Level I (10/20) - 2024/11/14 20:01:22 CET [2024/11/14 14:01:22 ET]
Table '3823458546 1' 3-max Seat #3 is the button
Seat 1: Mahu2021 (510 in chips) 
Seat 2: varval (520 in chips) 
Seat 3: kiszer23 (470 in chips) 
Mahu2021: posts small blind 10
varval: posts big blind 20
*** HOLE CARDS ***
Dealt to Mahu2021 [5s Ts]
kiszer23: raises 20 to 40
Mahu2021: folds 
varval: calls 20
*** FLOP *** [3d 7d Qh]
varval: bets 20
kiszer23: calls 20
*** TURN *** [3d 7d Qh] [Th]
varval: bets 20
kiszer23: raises 40 to 60
varval: folds 
Uncalled bet (40) returned to kiszer23
kiszer23 collected 170 from pot
kiszer23: doesn't show hand 
*** SUMMARY ***
Total pot 170 | Rake 0 
Board [3d 7d Qh Th]
Seat 1: Mahu2021 (small blind) folded before Flop
Seat 2: varval (big blind) folded on the Turn
Seat 3: kiszer23 (button) collected (170)



PokerStars Hand #253401128262: Tournament #3823458546, $1.84+$0.16 USD Hold'em No Limit - Level I (10/20) - 2024/11/14 20:01:38 CET [2024/11/14 14:01:38 ET]
Table '3823458546 1' 3-max Seat #1 is the button
Seat 1: Mahu2021 (500 in chips) 
Seat 2: varval (440 in chips) 
Seat 3: kiszer23 (560 in chips) 
varval: posts small blind 10
kiszer23: posts big blind 20
*** HOLE CARDS ***
Dealt to Mahu2021 [Qd 3h]
Mahu2021: folds 
varval: folds 
Uncalled bet (10) returned to kiszer23
kiszer23 collected 20 from pot
kiszer23: doesn't show hand 
*** SUMMARY ***
Total pot 20 | Rake 0 
Seat 1: Mahu2021 (button) folded before Flop (didn't bet)
Seat 2: varval (small blind) folded before Flop
Seat 3: kiszer23 (big blind) collected (20)



PokerStars Hand #253401129726: Tournament #3823458546, $1.84+$0.16 USD Hold'em No Limit - Level I (10/20) - 2024/11/14 20:01:43 CET [2024/11/14 14:01:43 ET]
Table '3823458546 1' 3-max Seat #2 is the button
Seat 1: Mahu2021 (500 in chips) 
Seat 2: varval (430 in chips) 
Seat 3: kiszer23 (570 in chips) 
kiszer23: posts small blind 10
Mahu2021: posts big blind 20
*** HOLE CARDS ***
Dealt to Mahu2021 [5h Tc]
varval: calls 20
kiszer23: calls 10
Mahu2021: checks 
*** FLOP *** [2h 5d 2d]
kiszer23: checks 
Mahu2021: checks 
varval: checks 
*** TURN *** [2h 5d 2d] [3d]
kiszer23: bets 20
Mahu2021: calls 20
varval: folds 
*** RIVER *** [2h 5d 2d 3d] [Qh]
kiszer23: bets 33
Mahu2021: raises 67 to 100
kiszer23: folds 
Uncalled bet (67) returned to Mahu2021
Mahu2021 collected 166 from pot
Mahu2021: doesn't show hand 
*** SUMMARY ***
Total pot 166 | Rake 0 
Board [2h 5d 2d 3d Qh]
Seat 1: Mahu2021 (big blind) collected (166)
Seat 2: varval (button) folded on the Turn
Seat 3: kiszer23 (small blind) folded on the River



PokerStars Hand #253401137831: Tournament #3823458546, $1.84+$0.16 USD Hold'em No Limit - Level I (10/20) - 2024/11/14 20:02:12 CET [2024/11/14 14:02:12 ET]
Table '3823458546 1' 3-max Seat #3 is the button
Seat 1: Mahu2021 (593 in chips) 
Seat 2: varval (410 in chips) 
Seat 3: kiszer23 (497 in chips) 
Mahu2021: posts small blind 10
varval: posts big blind 20
*** HOLE CARDS ***
Dealt to Mahu2021 [5d 8c]
kiszer23: folds 
Mahu2021: folds 
Uncalled bet (10) returned to varval
varval collected 20 from pot
*** SUMMARY ***
Total pot 20 | Rake 0 
Seat 1: Mahu2021 (small blind) folded before Flop
Seat 2: varval (big blind) collected (20)
Seat 3: kiszer23 (button) folded before Flop (didn't bet)



PokerStars Hand #253401139602: Tournament #3823458546, $1.84+$0.16 USD Hold'em No Limit - Level I (10/20) - 2024/11/14 20:02:18 CET [2024/11/14 14:02:18 ET]
Table '3823458546 1' 3-max Seat #1 is the button
Seat 1: Mahu2021 (583 in chips) 
Seat 2: varval (420 in chips) 
Seat 3: kiszer23 (497 in chips) 
varval: posts small blind 10
kiszer23: posts big blind 20
*** HOLE CARDS ***
Dealt to Mahu2021 [2c Qs]
Mahu2021: folds 
varval: calls 10
kiszer23: checks 
*** FLOP *** [3c 8d 6c]
varval: checks 
kiszer23: checks 
*** TURN *** [3c 8d 6c] [Kc]
varval: checks 
kiszer23: checks 
*** RIVER *** [3c 8d 6c Kc] [Qc]
varval: checks 
kiszer23: bets 20
varval: folds 
Uncalled bet (20) returned to kiszer23
kiszer23 collected 40 from pot
kiszer23: doesn't show hand 
*** SUMMARY ***
Total pot 40 | Rake 0 
Board [3c 8d 6c Kc Qc]
Seat 1: Mahu2021 (button) folded before Flop (didn't bet)
Seat 2: varval (small blind) folded on the River
Seat 3: kiszer23 (big blind) collected (40)



PokerStars Hand #253401150879: Tournament #3823458546, $1.84+$0.16 USD Hold'em No Limit - Level II (15/30) - 2024/11/14 20:02:57 CET [2024/11/14 14:02:57 ET]
Table '3823458546 1' 3-max Seat #2 is the button
Seat 1: Mahu2021 (583 in chips) 
Seat 2: varval (400 in chips) 
Seat 3: kiszer23 (517 in chips) 
kiszer23: posts small blind 15
Mahu2021: posts big blind 30
*** HOLE CARDS ***
Dealt to Mahu2021 [Kd 9c]
varval: folds 
kiszer23: folds 
Uncalled bet (15) returned to Mahu2021
Mahu2021 collected 30 from pot
Mahu2021: doesn't show hand 
*** SUMMARY ***
Total pot 30 | Rake 0 
Seat 1: Mahu2021 (big blind) collected (30)
Seat 2: varval (button) folded before Flop (didn't bet)
Seat 3: kiszer23 (small blind) folded before Flop



PokerStars Hand #253401152869: Tournament #3823458546, $1.84+$0.16 USD Hold'em No Limit - Level II (15/30) - 2024/11/14 20:03:05 CET [2024/11/14 14:03:05 ET]
Table '3823458546 1' 3-max Seat #3 is the button
Seat 1: Mahu2021 (598 in chips) 
Seat 2: varval (400 in chips) 
Seat 3: kiszer23 (502 in chips) 
Mahu2021: posts small blind 15
varval: posts big blind 30
*** HOLE CARDS ***
Dealt to Mahu2021 [8c Qd]
kiszer23: folds 
Mahu2021: calls 15
varval has timed out
varval: checks 
*** FLOP *** [2s 5s Td]
Mahu2021: checks 
varval: bets 30
Mahu2021: folds 
Uncalled bet (30) returned to varval
varval collected 60 from pot
*** SUMMARY ***
Total pot 60 | Rake 0 
Board [2s 5s Td]
Seat 1: Mahu2021 (small blind) folded on the Flop
Seat 2: varval (big blind) collected (60)
Seat 3: kiszer23 (button) folded before Flop (didn't bet)



PokerStars Hand #253401161138: Tournament #3823458546, $1.84+$0.16 USD Hold'em No Limit - Level II (15/30) - 2024/11/14 20:03:34 CET [2024/11/14 14:03:34 ET]
Table '3823458546 1' 3-max Seat #1 is the button
Seat 1: Mahu2021 (568 in chips) 
Seat 2: varval (430 in chips) 
Seat 3: kiszer23 (502 in chips) 
varval: posts small blind 15
kiszer23: posts big blind 30
*** HOLE CARDS ***
Dealt to Mahu2021 [7d Qd]
Mahu2021: raises 30 to 60
varval: folds 
kiszer23: calls 30
*** FLOP *** [Ks 7h Kh]
kiszer23: checks 
Mahu2021: bets 60
kiszer23: folds 
Uncalled bet (60) returned to Mahu2021
Mahu2021 collected 135 from pot
Mahu2021: doesn't show hand 
*** SUMMARY ***
Total pot 135 | Rake 0 
Board [Ks 7h Kh]
Seat 1: Mahu2021 (button) collected (135)
Seat 2: varval (small blind) folded before Flop
Seat 3: kiszer23 (big blind) folded on the Flop



PokerStars Hand #253401165495: Tournament #3823458546, $1.84+$0.16 USD Hold'em No Limit - Level II (15/30) - 2024/11/14 20:03:49 CET [2024/11/14 14:03:49 ET]
Table '3823458546 1' 3-max Seat #2 is the button
Seat 1: Mahu2021 (643 in chips) 
Seat 2: varval (415 in chips) 
Seat 3: kiszer23 (442 in chips) 
kiszer23: posts small blind 15
Mahu2021: posts big blind 30
*** HOLE CARDS ***
Dealt to Mahu2021 [7c 9h]
varval: folds 
kiszer23: raises 45 to 75
Mahu2021: folds 
Uncalled bet (45) returned to kiszer23
kiszer23 collected 60 from pot
kiszer23: doesn't show hand 
*** SUMMARY ***
Total pot 60 | Rake 0 
Seat 1: Mahu2021 (big blind) folded before Flop
Seat 2: varval (button) folded before Flop (didn't bet)
Seat 3: kiszer23 (small blind) collected (60)



PokerStars Hand #253401169451: Tournament #3823458546, $1.84+$0.16 USD Hold'em No Limit - Level II (15/30) - 2024/11/14 20:04:03 CET [2024/11/14 14:04:03 ET]
Table '3823458546 1' 3-max Seat #3 is the button
Seat 1: Mahu2021 (613 in chips) 
Seat 2: varval (415 in chips) 
Seat 3: kiszer23 (472 in chips) 
Mahu2021: posts small blind 15
varval: posts big blind 30
*** HOLE CARDS ***
Dealt to Mahu2021 [2c 3s]
kiszer23: folds 
Mahu2021: folds 
Uncalled bet (15) returned to varval
varval collected 30 from pot
*** SUMMARY ***
Total pot 30 | Rake 0 
Seat 1: Mahu2021 (small blind) folded before Flop
Seat 2: varval (big blind) collected (30)
Seat 3: kiszer23 (button) folded before Flop (didn't bet)



PokerStars Hand #253401170938: Tournament #3823458546, $1.84+$0.16 USD Hold'em No Limit - Level II (15/30) - 2024/11/14 20:04:08 CET [2024/11/14 14:04:08 ET]
Table '3823458546 1' 3-max Seat #1 is the button
Seat 1: Mahu2021 (598 in chips) 
Seat 2: varval (430 in chips) 
Seat 3: kiszer23 (472 in chips) 
varval: posts small blind 15
kiszer23: posts big blind 30
*** HOLE CARDS ***
Dealt to Mahu2021 [Td 2c]
Mahu2021: folds 
varval: calls 15
kiszer23: raises 442 to 472 and is all-in
varval has timed out
varval: folds 
varval is sitting out
Uncalled bet (442) returned to kiszer23
kiszer23 collected 60 from pot
kiszer23: doesn't show hand 
*** SUMMARY ***
Total pot 60 | Rake 0 
Seat 1: Mahu2021 (button) folded before Flop (didn't bet)
Seat 2: varval (small blind) folded before Flop
Seat 3: kiszer23 (big blind) collected (60)



PokerStars Hand #253401179868: Tournament #3823458546, $1.84+$0.16 USD Hold'em No Limit - Level III (20/40) - 2024/11/14 20:04:40 CET [2024/11/14 14:04:40 ET]
Table '3823458546 1' 3-max Seat #2 is the button
Seat 1: Mahu2021 (598 in chips) 
Seat 2: varval (400 in chips) is sitting out
Seat 3: kiszer23 (502 in chips) 
kiszer23: posts small blind 20
Mahu2021: posts big blind 40
*** HOLE CARDS ***
Dealt to Mahu2021 [5d 6d]
varval: folds 
kiszer23: calls 20
Mahu2021: checks 
*** FLOP *** [4d 7h Ac]
varval has returned
kiszer23: bets 40
Mahu2021: calls 40
*** TURN *** [4d 7h Ac] [Js]
kiszer23: bets 80
Mahu2021: calls 80
*** RIVER *** [4d 7h Ac Js] [8d]
kiszer23: bets 280
Mahu2021: raises 158 to 438 and is all-in
kiszer23: folds 
Uncalled bet (158) returned to Mahu2021
Mahu2021 collected 880 from pot
Mahu2021: doesn't show hand 
*** SUMMARY ***
Total pot 880 | Rake 0 
Board [4d 7h Ac Js 8d]
Seat 1: Mahu2021 (big blind) collected (880)
Seat 2: varval (button) folded before Flop (didn't bet)
Seat 3: kiszer23 (small blind) folded on the River



PokerStars Hand #253401187957: Tournament #3823458546, $1.84+$0.16 USD Hold'em No Limit - Level III (20/40) - 2024/11/14 20:05:07 CET [2024/11/14 14:05:07 ET]
Table '3823458546 1' 3-max Seat #3 is the button
Seat 1: Mahu2021 (1038 in chips) 
Seat 2: varval (400 in chips) 
Seat 3: kiszer23 (62 in chips) 
Mahu2021: posts small blind 20
varval: posts big blind 40
*** HOLE CARDS ***
Dealt to Mahu2021 [6s Qs]
kiszer23: folds 
Mahu2021: raises 40 to 80
varval: raises 160 to 240
Mahu2021: folds 
Uncalled bet (160) returned to varval
varval collected 160 from pot
*** SUMMARY ***
Total pot 160 | Rake 0 
Seat 1: Mahu2021 (small blind) folded before Flop
Seat 2: varval (big blind) collected (160)
Seat 3: kiszer23 (button) folded before Flop (didn't bet)



PokerStars Hand #253401190891: Tournament #3823458546, $1.84+$0.16 USD Hold'em No Limit - Level III (20/40) - 2024/11/14 20:05:18 CET [2024/11/14 14:05:18 ET]
Table '3823458546 1' 3-max Seat #1 is the button
Seat 1: Mahu2021 (958 in chips) 
Seat 2: varval (480 in chips) 
Seat 3: kiszer23 (62 in chips) 
varval: posts small blind 20
kiszer23: posts big blind 40
*** HOLE CARDS ***
Dealt to Mahu2021 [Jc 9h]
Mahu2021: folds 
varval: folds 
Uncalled bet (20) returned to kiszer23
kiszer23 collected 40 from pot
kiszer23: doesn't show hand 
*** SUMMARY ***
Total pot 40 | Rake 0 
Seat 1: Mahu2021 (button) folded before Flop (didn't bet)
Seat 2: varval (small blind) folded before Flop
Seat 3: kiszer23 (big blind) collected (40)



PokerStars Hand #253401195233: Tournament #3823458546, $1.84+$0.16 USD Hold'em No Limit - Level III (20/40) - 2024/11/14 20:05:33 CET [2024/11/14 14:05:33 ET]
Table '3823458546 1' 3-max Seat #2 is the button
Seat 1: Mahu2021 (958 in chips) 
Seat 2: varval (460 in chips) 
Seat 3: kiszer23 (82 in chips) 
kiszer23: posts small blind 20
Mahu2021: posts big blind 40
*** HOLE CARDS ***
Dealt to Mahu2021 [7h Ac]
varval: folds 
kiszer23: folds 
Uncalled bet (20) returned to Mahu2021
Mahu2021 collected 40 from pot
Mahu2021: doesn't show hand 
*** SUMMARY ***
Total pot 40 | Rake 0 
Seat 1: Mahu2021 (big blind) collected (40)
Seat 2: varval (button) folded before Flop (didn't bet)
Seat 3: kiszer23 (small blind) folded before Flop



PokerStars Hand #253401199203: Tournament #3823458546, $1.84+$0.16 USD Hold'em No Limit - Level III (20/40) - 2024/11/14 20:05:47 CET [2024/11/14 14:05:47 ET]
Table '3823458546 1' 3-max Seat #3 is the button
Seat 1: Mahu2021 (978 in chips) 
Seat 2: varval (460 in chips) 
Seat 3: kiszer23 (62 in chips) 
Mahu2021: posts small blind 20
varval: posts big blind 40
*** HOLE CARDS ***
Dealt to Mahu2021 [Ks Qs]
kiszer23: folds 
Mahu2021: raises 40 to 80
varval: raises 160 to 240
Mahu2021: raises 738 to 978 and is all-in
varval: calls 220 and is all-in
Uncalled bet (518) returned to Mahu2021
*** FLOP *** [3s Kd 4s]
*** TURN *** [3s Kd 4s] [Kc]
*** RIVER *** [3s Kd 4s Kc] [6h]
*** SHOW DOWN ***
Mahu2021: shows [Ks Qs] (three of a kind, Kings)
varval: shows [Jc Ac] (a pair of Kings)
Mahu2021 collected 920 from pot
varval finished the tournament in 3rd place
*** SUMMARY ***
Total pot 920 | Rake 0 
Board [3s Kd 4s Kc 6h]
Seat 1: Mahu2021 (small blind) showed [Ks Qs] and won (920) with three of a kind, Kings
Seat 2: varval (big blind) showed [Jc Ac] and lost with a pair of Kings
Seat 3: kiszer23 (button) folded before Flop (didn't bet)



PokerStars Hand #253401205082: Tournament #3823458546, $1.84+$0.16 USD Hold'em No Limit - Level III (20/40) - 2024/11/14 20:06:07 CET [2024/11/14 14:06:07 ET]
Table '3823458546 1' 3-max Seat #1 is the button
Seat 1: Mahu2021 (1438 in chips) 
Seat 3: kiszer23 (62 in chips) 
Mahu2021: posts small blind 20
kiszer23: posts big blind 40
*** HOLE CARDS ***
Dealt to Mahu2021 [Ac Th]
Mahu2021: raises 40 to 80
kiszer23: calls 22 and is all-in
Uncalled bet (18) returned to Mahu2021
*** FLOP *** [4h Qh Tc]
*** TURN *** [4h Qh Tc] [6s]
*** RIVER *** [4h Qh Tc 6s] [3h]
*** SHOW DOWN ***
kiszer23: shows [5h 6c] (a pair of Sixes)
Mahu2021: shows [Ac Th] (a pair of Tens)
Mahu2021 collected 124 from pot
kiszer23 finished the tournament in 2nd place
Mahu2021 wins the tournament and receives $4.00 - congratulations!
*** SUMMARY ***
Total pot 124 | Rake 0 
Board [4h Qh Tc 6s 3h]
Seat 1: Mahu2021 (button) (small blind) showed [Ac Th] and won (124) with a pair of Tens
Seat 3: kiszer23 (big blind) showed [5h 6c] and lost with a pair of Sixes



