PokerStars Hand #247695052993: Tournament #3687309803, $1.84+$0.16 USD Hold'em No Limit - Level I (10/20) - 2023/12/16 19:00:33 CET [2023/12/16 13:00:33 ET]
Table '3687309803 1' 3-max Seat #1 is the button
Seat 1: Mahu2021 (500 in chips) 
Seat 2: eagle6464 (500 in chips) 
Seat 3: pocho_kapo (500 in chips) 
eagle6464: posts small blind 10
pocho_kapo: posts big blind 20
*** HOLE CARDS ***
Dealt to Mahu2021 [5d 9h]
Mahu2021: folds 
eagle6464: raises 20 to 40
pocho_kapo: raises 20 to 60
eagle6464: calls 20
*** FLOP *** [2c As Tc]
eagle6464: checks 
pocho_kapo: checks 
*** TURN *** [2c As Tc] [7d]
eagle6464: checks 
pocho_kapo: checks 
*** RIVER *** [2c As Tc 7d] [3d]
eagle6464: checks 
pocho_kapo: checks 
*** SHOW DOWN ***
eagle6464: shows [3h Kc] (a pair of Threes)
pocho_kapo: mucks hand 
eagle6464 collected 120 from pot
*** SUMMARY ***
Total pot 120 | Rake 0 
Board [2c As Tc 7d 3d]
Seat 1: Mahu2021 (button) folded before Flop (didn't bet)
Seat 2: eagle6464 (small blind) showed [3h Kc] and won (120) with a pair of Threes
Seat 3: pocho_kapo (big blind) mucked [Jc Ks]



PokerStars Hand #247695061006: Tournament #3687309803, $1.84+$0.16 USD Hold'em No Limit - Level I (10/20) - 2023/12/16 19:01:05 CET [2023/12/16 13:01:05 ET]
Table '3687309803 1' 3-max Seat #2 is the button
Seat 1: Mahu2021 (500 in chips) 
Seat 2: eagle6464 (560 in chips) 
Seat 3: pocho_kapo (440 in chips) 
pocho_kapo: posts small blind 10
Mahu2021: posts big blind 20
*** HOLE CARDS ***
Dealt to Mahu2021 [5s 6h]
eagle6464: raises 20 to 40
pocho_kapo: folds 
Mahu2021: calls 20
*** FLOP *** [9c Qh 4h]
Mahu2021: checks 
eagle6464: checks 
*** TURN *** [9c Qh 4h] [4s]
Mahu2021: checks 
eagle6464: bets 45
Mahu2021: folds 
Uncalled bet (45) returned to eagle6464
eagle6464 collected 90 from pot
*** SUMMARY ***
Total pot 90 | Rake 0 
Board [9c Qh 4h 4s]
Seat 1: Mahu2021 (big blind) folded on the Turn
Seat 2: eagle6464 (button) collected (90)
Seat 3: pocho_kapo (small blind) folded before Flop



PokerStars Hand #247695065305: Tournament #3687309803, $1.84+$0.16 USD Hold'em No Limit - Level I (10/20) - 2023/12/16 19:01:21 CET [2023/12/16 13:01:21 ET]
Table '3687309803 1' 3-max Seat #3 is the button
Seat 1: Mahu2021 (460 in chips) 
Seat 2: eagle6464 (610 in chips) 
Seat 3: pocho_kapo (430 in chips) 
Mahu2021: posts small blind 10
eagle6464: posts big blind 20
*** HOLE CARDS ***
Dealt to Mahu2021 [Jd 8d]
pocho_kapo: folds 
Mahu2021: calls 10
eagle6464: checks 
*** FLOP *** [8c 4s 3d]
Mahu2021: bets 20
eagle6464: raises 60 to 80
Mahu2021: raises 100 to 180
eagle6464: raises 410 to 590 and is all-in
Mahu2021: calls 260 and is all-in
Uncalled bet (150) returned to eagle6464
*** TURN *** [8c 4s 3d] [3s]
*** RIVER *** [8c 4s 3d 3s] [Kh]
*** SHOW DOWN ***
Mahu2021: shows [Jd 8d] (two pair, Eights and Threes)
eagle6464: shows [As 4h] (two pair, Fours and Threes)
Mahu2021 collected 920 from pot
*** SUMMARY ***
Total pot 920 | Rake 0 
Board [8c 4s 3d 3s Kh]
Seat 1: Mahu2021 (small blind) showed [Jd 8d] and won (920) with two pair, Eights and Threes
Seat 2: eagle6464 (big blind) showed [As 4h] and lost with two pair, Fours and Threes
Seat 3: pocho_kapo (button) folded before Flop (didn't bet)



PokerStars Hand #247695075008: Tournament #3687309803, $1.84+$0.16 USD Hold'em No Limit - Level I (10/20) - 2023/12/16 19:01:56 CET [2023/12/16 13:01:56 ET]
Table '3687309803 1' 3-max Seat #1 is the button
Seat 1: Mahu2021 (920 in chips) 
Seat 2: eagle6464 (150 in chips) 
Seat 3: pocho_kapo (430 in chips) 
eagle6464: posts small blind 10
pocho_kapo: posts big blind 20
*** HOLE CARDS ***
Dealt to Mahu2021 [7s 3s]
Mahu2021: folds 
eagle6464: raises 130 to 150 and is all-in
pocho_kapo: folds 
Uncalled bet (130) returned to eagle6464
eagle6464 collected 40 from pot
*** SUMMARY ***
Total pot 40 | Rake 0 
Seat 1: Mahu2021 (button) folded before Flop (didn't bet)
Seat 2: eagle6464 (small blind) collected (40)
Seat 3: pocho_kapo (big blind) folded before Flop



PokerStars Hand #247695077193: Tournament #3687309803, $1.84+$0.16 USD Hold'em No Limit - Level I (10/20) - 2023/12/16 19:02:03 CET [2023/12/16 13:02:03 ET]
Table '3687309803 1' 3-max Seat #2 is the button
Seat 1: Mahu2021 (920 in chips) 
Seat 2: eagle6464 (170 in chips) 
Seat 3: pocho_kapo (410 in chips) 
pocho_kapo: posts small blind 10
Mahu2021: posts big blind 20
*** HOLE CARDS ***
Dealt to Mahu2021 [7c 4s]
eagle6464: raises 150 to 170 and is all-in
pocho_kapo: folds 
Mahu2021: folds 
Uncalled bet (150) returned to eagle6464
eagle6464 collected 50 from pot
*** SUMMARY ***
Total pot 50 | Rake 0 
Seat 1: Mahu2021 (big blind) folded before Flop
Seat 2: eagle6464 (button) collected (50)
Seat 3: pocho_kapo (small blind) folded before Flop



PokerStars Hand #247695079805: Tournament #3687309803, $1.84+$0.16 USD Hold'em No Limit - Level I (10/20) - 2023/12/16 19:02:12 CET [2023/12/16 13:02:12 ET]
Table '3687309803 1' 3-max Seat #3 is the button
Seat 1: Mahu2021 (900 in chips) 
Seat 2: eagle6464 (200 in chips) 
Seat 3: pocho_kapo (400 in chips) 
Mahu2021: posts small blind 10
eagle6464: posts big blind 20
*** HOLE CARDS ***
Dealt to Mahu2021 [As Tc]
pocho_kapo: folds 
Mahu2021: raises 20 to 40
eagle6464: calls 20
*** FLOP *** [Qs 9d Kd]
Mahu2021: checks 
eagle6464: checks 
*** TURN *** [Qs 9d Kd] [Jc]
Mahu2021: checks 
eagle6464: checks 
*** RIVER *** [Qs 9d Kd Jc] [Ts]
Mahu2021: bets 80
eagle6464: folds 
Uncalled bet (80) returned to Mahu2021
Mahu2021 collected 80 from pot
Mahu2021: doesn't show hand 
*** SUMMARY ***
Total pot 80 | Rake 0 
Board [Qs 9d Kd Jc Ts]
Seat 1: Mahu2021 (small blind) collected (80)
Seat 2: eagle6464 (big blind) folded on the River
Seat 3: pocho_kapo (button) folded before Flop (didn't bet)



PokerStars Hand #247695085082: Tournament #3687309803, $1.84+$0.16 USD Hold'em No Limit - Level I (10/20) - 2023/12/16 19:02:31 CET [2023/12/16 13:02:31 ET]
Table '3687309803 1' 3-max Seat #1 is the button
Seat 1: Mahu2021 (940 in chips) 
Seat 2: eagle6464 (160 in chips) 
Seat 3: pocho_kapo (400 in chips) 
eagle6464: posts small blind 10
pocho_kapo: posts big blind 20
*** HOLE CARDS ***
Dealt to Mahu2021 [6c Kd]
Mahu2021: folds 
eagle6464: raises 140 to 160 and is all-in
pocho_kapo: folds 
Uncalled bet (140) returned to eagle6464
eagle6464 collected 40 from pot
*** SUMMARY ***
Total pot 40 | Rake 0 
Seat 1: Mahu2021 (button) folded before Flop (didn't bet)
Seat 2: eagle6464 (small blind) collected (40)
Seat 3: pocho_kapo (big blind) folded before Flop



PokerStars Hand #247695088385: Tournament #3687309803, $1.84+$0.16 USD Hold'em No Limit - Level II (15/30) - 2023/12/16 19:02:42 CET [2023/12/16 13:02:42 ET]
Table '3687309803 1' 3-max Seat #2 is the button
Seat 1: Mahu2021 (940 in chips) 
Seat 2: eagle6464 (180 in chips) 
Seat 3: pocho_kapo (380 in chips) 
pocho_kapo: posts small blind 15
Mahu2021: posts big blind 30
*** HOLE CARDS ***
Dealt to Mahu2021 [2d 7h]
eagle6464: folds 
pocho_kapo: raises 90 to 120
Mahu2021: folds 
Uncalled bet (90) returned to pocho_kapo
pocho_kapo collected 60 from pot
pocho_kapo: doesn't show hand 
*** SUMMARY ***
Total pot 60 | Rake 0 
Seat 1: Mahu2021 (big blind) folded before Flop
Seat 2: eagle6464 (button) folded before Flop (didn't bet)
Seat 3: pocho_kapo (small blind) collected (60)



PokerStars Hand #247695091059: Tournament #3687309803, $1.84+$0.16 USD Hold'em No Limit - Level II (15/30) - 2023/12/16 19:02:51 CET [2023/12/16 13:02:51 ET]
Table '3687309803 1' 3-max Seat #3 is the button
Seat 1: Mahu2021 (910 in chips) 
Seat 2: eagle6464 (180 in chips) 
Seat 3: pocho_kapo (410 in chips) 
Mahu2021: posts small blind 15
eagle6464: posts big blind 30
*** HOLE CARDS ***
Dealt to Mahu2021 [Ad Kd]
pocho_kapo: calls 30
Mahu2021: calls 15
eagle6464: checks 
*** FLOP *** [Ks Jh Qh]
Mahu2021: checks 
eagle6464: checks 
pocho_kapo: checks 
*** TURN *** [Ks Jh Qh] [Kc]
Mahu2021: checks 
eagle6464: checks 
pocho_kapo: checks 
*** RIVER *** [Ks Jh Qh Kc] [2h]
Mahu2021: bets 60
eagle6464: folds 
pocho_kapo: folds 
Uncalled bet (60) returned to Mahu2021
Mahu2021 collected 90 from pot
Mahu2021: doesn't show hand 
*** SUMMARY ***
Total pot 90 | Rake 0 
Board [Ks Jh Qh Kc 2h]
Seat 1: Mahu2021 (small blind) collected (90)
Seat 2: eagle6464 (big blind) folded on the River
Seat 3: pocho_kapo (button) folded on the River



PokerStars Hand #247695099197: Tournament #3687309803, $1.84+$0.16 USD Hold'em No Limit - Level II (15/30) - 2023/12/16 19:03:19 CET [2023/12/16 13:03:19 ET]
Table '3687309803 1' 3-max Seat #1 is the button
Seat 1: Mahu2021 (970 in chips) 
Seat 2: eagle6464 (150 in chips) 
Seat 3: pocho_kapo (380 in chips) 
eagle6464: posts small blind 15
pocho_kapo: posts big blind 30
*** HOLE CARDS ***
Dealt to Mahu2021 [5s 5h]
Mahu2021: folds 
eagle6464: raises 120 to 150 and is all-in
pocho_kapo: calls 120
*** FLOP *** [3c Qd 9d]
*** TURN *** [3c Qd 9d] [9c]
*** RIVER *** [3c Qd 9d 9c] [3s]
*** SHOW DOWN ***
eagle6464: shows [4s Js] (two pair, Nines and Threes)
pocho_kapo: shows [Ks 9s] (a full house, Nines full of Threes)
pocho_kapo collected 300 from pot
eagle6464 finished the tournament in 3rd place
*** SUMMARY ***
Total pot 300 | Rake 0 
Board [3c Qd 9d 9c 3s]
Seat 1: Mahu2021 (button) folded before Flop (didn't bet)
Seat 2: eagle6464 (small blind) showed [4s Js] and lost with two pair, Nines and Threes
Seat 3: pocho_kapo (big blind) showed [Ks 9s] and won (300) with a full house, Nines full of Threes



PokerStars Hand #247695106784: Tournament #3687309803, $1.84+$0.16 USD Hold'em No Limit - Level II (15/30) - 2023/12/16 19:03:44 CET [2023/12/16 13:03:44 ET]
Table '3687309803 1' 3-max Seat #3 is the button
Seat 1: Mahu2021 (970 in chips) 
Seat 3: pocho_kapo (530 in chips) 
pocho_kapo: posts small blind 15
Mahu2021: posts big blind 30
*** HOLE CARDS ***
Dealt to Mahu2021 [8s 7s]
pocho_kapo: raises 60 to 90
Mahu2021: calls 60
*** FLOP *** [5h Jc 3h]
Mahu2021: checks 
pocho_kapo: bets 90
Mahu2021: folds 
Uncalled bet (90) returned to pocho_kapo
pocho_kapo collected 180 from pot
pocho_kapo: doesn't show hand 
*** SUMMARY ***
Total pot 180 | Rake 0 
Board [5h Jc 3h]
Seat 1: Mahu2021 (big blind) folded on the Flop
Seat 3: pocho_kapo (button) (small blind) collected (180)



PokerStars Hand #247695110718: Tournament #3687309803, $1.84+$0.16 USD Hold'em No Limit - Level II (15/30) - 2023/12/16 19:03:57 CET [2023/12/16 13:03:57 ET]
Table '3687309803 1' 3-max Seat #1 is the button
Seat 1: Mahu2021 (880 in chips) 
Seat 3: pocho_kapo (620 in chips) 
Mahu2021: posts small blind 15
pocho_kapo: posts big blind 30
*** HOLE CARDS ***
Dealt to Mahu2021 [2s Jh]
Mahu2021: folds 
Uncalled bet (15) returned to pocho_kapo
pocho_kapo collected 30 from pot
pocho_kapo: doesn't show hand 
*** SUMMARY ***
Total pot 30 | Rake 0 
Seat 1: Mahu2021 (button) (small blind) folded before Flop
Seat 3: pocho_kapo (big blind) collected (30)



PokerStars Hand #247695112130: Tournament #3687309803, $1.84+$0.16 USD Hold'em No Limit - Level II (15/30) - 2023/12/16 19:04:02 CET [2023/12/16 13:04:02 ET]
Table '3687309803 1' 3-max Seat #3 is the button
Seat 1: Mahu2021 (865 in chips) 
Seat 3: pocho_kapo (635 in chips) 
pocho_kapo: posts small blind 15
Mahu2021: posts big blind 30
*** HOLE CARDS ***
Dealt to Mahu2021 [2d 9d]
pocho_kapo: calls 15
Mahu2021: checks 
*** FLOP *** [Ks 2c 5s]
Mahu2021: checks 
pocho_kapo: bets 60
Mahu2021: folds 
Uncalled bet (60) returned to pocho_kapo
pocho_kapo collected 60 from pot
pocho_kapo: doesn't show hand 
*** SUMMARY ***
Total pot 60 | Rake 0 
Board [Ks 2c 5s]
Seat 1: Mahu2021 (big blind) folded on the Flop
Seat 3: pocho_kapo (button) (small blind) collected (60)



PokerStars Hand #247695116435: Tournament #3687309803, $1.84+$0.16 USD Hold'em No Limit - Level II (15/30) - 2023/12/16 19:04:15 CET [2023/12/16 13:04:15 ET]
Table '3687309803 1' 3-max Seat #1 is the button
Seat 1: Mahu2021 (835 in chips) 
Seat 3: pocho_kapo (665 in chips) 
Mahu2021: posts small blind 15
pocho_kapo: posts big blind 30
*** HOLE CARDS ***
Dealt to Mahu2021 [Jd Ts]
Mahu2021: raises 30 to 60
pocho_kapo: calls 30
*** FLOP *** [7d 9s 2c]
pocho_kapo: bets 120
Mahu2021: folds 
Uncalled bet (120) returned to pocho_kapo
pocho_kapo collected 120 from pot
pocho_kapo: doesn't show hand 
*** SUMMARY ***
Total pot 120 | Rake 0 
Board [7d 9s 2c]
Seat 1: Mahu2021 (button) (small blind) folded on the Flop
Seat 3: pocho_kapo (big blind) collected (120)



PokerStars Hand #247695123275: Tournament #3687309803, $1.84+$0.16 USD Hold'em No Limit - Level III (20/40) - 2023/12/16 19:04:38 CET [2023/12/16 13:04:38 ET]
Table '3687309803 1' 3-max Seat #3 is the button
Seat 1: Mahu2021 (775 in chips) 
Seat 3: pocho_kapo (725 in chips) 
pocho_kapo: posts small blind 20
Mahu2021: posts big blind 40
*** HOLE CARDS ***
Dealt to Mahu2021 [5s 6h]
pocho_kapo: calls 20
Mahu2021: checks 
*** FLOP *** [Qc 9h Ts]
Mahu2021: checks 
pocho_kapo: checks 
*** TURN *** [Qc 9h Ts] [Td]
Mahu2021: bets 40
pocho_kapo: folds 
Uncalled bet (40) returned to Mahu2021
Mahu2021 collected 80 from pot
Mahu2021: doesn't show hand 
*** SUMMARY ***
Total pot 80 | Rake 0 
Board [Qc 9h Ts Td]
Seat 1: Mahu2021 (big blind) collected (80)
Seat 3: pocho_kapo (button) (small blind) folded on the Turn



PokerStars Hand #247695127194: Tournament #3687309803, $1.84+$0.16 USD Hold'em No Limit - Level III (20/40) - 2023/12/16 19:04:51 CET [2023/12/16 13:04:51 ET]
Table '3687309803 1' 3-max Seat #1 is the button
Seat 1: Mahu2021 (815 in chips) 
Seat 3: pocho_kapo (685 in chips) 
Mahu2021: posts small blind 20
pocho_kapo: posts big blind 40
*** HOLE CARDS ***
Dealt to Mahu2021 [6c 2c]
Mahu2021: calls 20
pocho_kapo: checks 
*** FLOP *** [As 5d 8h]
pocho_kapo: checks 
Mahu2021: bets 40
pocho_kapo: calls 40
*** TURN *** [As 5d 8h] [6s]
pocho_kapo: checks 
Mahu2021: bets 160
pocho_kapo: calls 160
*** RIVER *** [As 5d 8h 6s] [Jc]
pocho_kapo: checks 
Mahu2021: checks 
*** SHOW DOWN ***
pocho_kapo: shows [9d Tc] (high card Ace)
Mahu2021: shows [6c 2c] (a pair of Sixes)
Mahu2021 collected 480 from pot
*** SUMMARY ***
Total pot 480 | Rake 0 
Board [As 5d 8h 6s Jc]
Seat 1: Mahu2021 (button) (small blind) showed [6c 2c] and won (480) with a pair of Sixes
Seat 3: pocho_kapo (big blind) showed [9d Tc] and lost with high card Ace



PokerStars Hand #247695138157: Tournament #3687309803, $1.84+$0.16 USD Hold'em No Limit - Level III (20/40) - 2023/12/16 19:05:27 CET [2023/12/16 13:05:27 ET]
Table '3687309803 1' 3-max Seat #3 is the button
Seat 1: Mahu2021 (1055 in chips) 
Seat 3: pocho_kapo (445 in chips) 
pocho_kapo: posts small blind 20
Mahu2021: posts big blind 40
*** HOLE CARDS ***
Dealt to Mahu2021 [Kc Qc]
pocho_kapo: folds 
Uncalled bet (20) returned to Mahu2021
Mahu2021 collected 40 from pot
Mahu2021: doesn't show hand 
*** SUMMARY ***
Total pot 40 | Rake 0 
Seat 1: Mahu2021 (big blind) collected (40)
Seat 3: pocho_kapo (button) (small blind) folded before Flop



PokerStars Hand #247695140116: Tournament #3687309803, $1.84+$0.16 USD Hold'em No Limit - Level III (20/40) - 2023/12/16 19:05:34 CET [2023/12/16 13:05:34 ET]
Table '3687309803 1' 3-max Seat #1 is the button
Seat 1: Mahu2021 (1075 in chips) 
Seat 3: pocho_kapo (425 in chips) 
Mahu2021: posts small blind 20
pocho_kapo: posts big blind 40
*** HOLE CARDS ***
Dealt to Mahu2021 [3h 3c]
Mahu2021: raises 1035 to 1075 and is all-in
pocho_kapo: folds 
Uncalled bet (1035) returned to Mahu2021
Mahu2021 collected 80 from pot
Mahu2021: doesn't show hand 
*** SUMMARY ***
Total pot 80 | Rake 0 
Seat 1: Mahu2021 (button) (small blind) collected (80)
Seat 3: pocho_kapo (big blind) folded before Flop



PokerStars Hand #247695144360: Tournament #3687309803, $1.84+$0.16 USD Hold'em No Limit - Level III (20/40) - 2023/12/16 19:05:48 CET [2023/12/16 13:05:48 ET]
Table '3687309803 1' 3-max Seat #3 is the button
Seat 1: Mahu2021 (1115 in chips) 
Seat 3: pocho_kapo (385 in chips) 
pocho_kapo: posts small blind 20
Mahu2021: posts big blind 40
*** HOLE CARDS ***
Dealt to Mahu2021 [5c Th]
pocho_kapo: folds 
Uncalled bet (20) returned to Mahu2021
Mahu2021 collected 40 from pot
Mahu2021: doesn't show hand 
*** SUMMARY ***
Total pot 40 | Rake 0 
Seat 1: Mahu2021 (big blind) collected (40)
Seat 3: pocho_kapo (button) (small blind) folded before Flop



PokerStars Hand #247695145878: Tournament #3687309803, $1.84+$0.16 USD Hold'em No Limit - Level III (20/40) - 2023/12/16 19:05:52 CET [2023/12/16 13:05:52 ET]
Table '3687309803 1' 3-max Seat #1 is the button
Seat 1: Mahu2021 (1135 in chips) 
Seat 3: pocho_kapo (365 in chips) 
Mahu2021: posts small blind 20
pocho_kapo: posts big blind 40
*** HOLE CARDS ***
Dealt to Mahu2021 [6c Qs]
Mahu2021: calls 20
pocho_kapo: raises 325 to 365 and is all-in
Mahu2021: folds 
Uncalled bet (325) returned to pocho_kapo
pocho_kapo collected 80 from pot
pocho_kapo: doesn't show hand 
*** SUMMARY ***
Total pot 80 | Rake 0 
Seat 1: Mahu2021 (button) (small blind) folded before Flop
Seat 3: pocho_kapo (big blind) collected (80)



PokerStars Hand #247695148620: Tournament #3687309803, $1.84+$0.16 USD Hold'em No Limit - Level III (20/40) - 2023/12/16 19:06:01 CET [2023/12/16 13:06:01 ET]
Table '3687309803 1' 3-max Seat #3 is the button
Seat 1: Mahu2021 (1095 in chips) 
Seat 3: pocho_kapo (405 in chips) 
pocho_kapo: posts small blind 20
Mahu2021: posts big blind 40
*** HOLE CARDS ***
Dealt to Mahu2021 [Ac 2c]
pocho_kapo: calls 20
Mahu2021: checks 
*** FLOP *** [7c 6h Qh]
Mahu2021: checks 
pocho_kapo: bets 365 and is all-in
Mahu2021: folds 
Uncalled bet (365) returned to pocho_kapo
pocho_kapo collected 80 from pot
pocho_kapo: doesn't show hand 
*** SUMMARY ***
Total pot 80 | Rake 0 
Board [7c 6h Qh]
Seat 1: Mahu2021 (big blind) folded on the Flop
Seat 3: pocho_kapo (button) (small blind) collected (80)



PokerStars Hand #247695152512: Tournament #3687309803, $1.84+$0.16 USD Hold'em No Limit - Level III (20/40) - 2023/12/16 19:06:14 CET [2023/12/16 13:06:14 ET]
Table '3687309803 1' 3-max Seat #1 is the button
Seat 1: Mahu2021 (1055 in chips) 
Seat 3: pocho_kapo (445 in chips) 
Mahu2021: posts small blind 20
pocho_kapo: posts big blind 40
*** HOLE CARDS ***
Dealt to Mahu2021 [Qd 6d]
Mahu2021: calls 20
pocho_kapo: checks 
*** FLOP *** [5d Qc 5s]
pocho_kapo: checks 
Mahu2021: bets 40
pocho_kapo: calls 40
*** TURN *** [5d Qc 5s] [3h]
pocho_kapo: checks 
Mahu2021: bets 160
pocho_kapo: folds 
Uncalled bet (160) returned to Mahu2021
Mahu2021 collected 160 from pot
Mahu2021: doesn't show hand 
*** SUMMARY ***
Total pot 160 | Rake 0 
Board [5d Qc 5s 3h]
Seat 1: Mahu2021 (button) (small blind) collected (160)
Seat 3: pocho_kapo (big blind) folded on the Turn



PokerStars Hand #247695161891: Tournament #3687309803, $1.84+$0.16 USD Hold'em No Limit - Level IV (30/60) - 2023/12/16 19:06:44 CET [2023/12/16 13:06:44 ET]
Table '3687309803 1' 3-max Seat #3 is the button
Seat 1: Mahu2021 (1135 in chips) 
Seat 3: pocho_kapo (365 in chips) 
pocho_kapo: posts small blind 30
Mahu2021: posts big blind 60
*** HOLE CARDS ***
Dealt to Mahu2021 [5d 3c]
pocho_kapo: folds 
Uncalled bet (30) returned to Mahu2021
Mahu2021 collected 60 from pot
Mahu2021: doesn't show hand 
*** SUMMARY ***
Total pot 60 | Rake 0 
Seat 1: Mahu2021 (big blind) collected (60)
Seat 3: pocho_kapo (button) (small blind) folded before Flop



PokerStars Hand #247695163560: Tournament #3687309803, $1.84+$0.16 USD Hold'em No Limit - Level IV (30/60) - 2023/12/16 19:06:50 CET [2023/12/16 13:06:50 ET]
Table '3687309803 1' 3-max Seat #1 is the button
Seat 1: Mahu2021 (1165 in chips) 
Seat 3: pocho_kapo (335 in chips) 
Mahu2021: posts small blind 30
pocho_kapo: posts big blind 60
*** HOLE CARDS ***
Dealt to Mahu2021 [6c 9d]
Mahu2021: calls 30
pocho_kapo: raises 275 to 335 and is all-in
Mahu2021: folds 
Uncalled bet (275) returned to pocho_kapo
pocho_kapo collected 120 from pot
pocho_kapo: doesn't show hand 
*** SUMMARY ***
Total pot 120 | Rake 0 
Seat 1: Mahu2021 (button) (small blind) folded before Flop
Seat 3: pocho_kapo (big blind) collected (120)



PokerStars Hand #247695166205: Tournament #3687309803, $1.84+$0.16 USD Hold'em No Limit - Level IV (30/60) - 2023/12/16 19:06:58 CET [2023/12/16 13:06:58 ET]
Table '3687309803 1' 3-max Seat #3 is the button
Seat 1: Mahu2021 (1105 in chips) 
Seat 3: pocho_kapo (395 in chips) 
pocho_kapo: posts small blind 30
Mahu2021: posts big blind 60
*** HOLE CARDS ***
Dealt to Mahu2021 [3s Js]
pocho_kapo: calls 30
Mahu2021: checks 
*** FLOP *** [2h 4d Qc]
Mahu2021: checks 
pocho_kapo: bets 335 and is all-in
Mahu2021: folds 
Uncalled bet (335) returned to pocho_kapo
pocho_kapo collected 120 from pot
pocho_kapo: doesn't show hand 
*** SUMMARY ***
Total pot 120 | Rake 0 
Board [2h 4d Qc]
Seat 1: Mahu2021 (big blind) folded on the Flop
Seat 3: pocho_kapo (button) (small blind) collected (120)



PokerStars Hand #247695170221: Tournament #3687309803, $1.84+$0.16 USD Hold'em No Limit - Level IV (30/60) - 2023/12/16 19:07:12 CET [2023/12/16 13:07:12 ET]
Table '3687309803 1' 3-max Seat #1 is the button
Seat 1: Mahu2021 (1045 in chips) 
Seat 3: pocho_kapo (455 in chips) 
Mahu2021: posts small blind 30
pocho_kapo: posts big blind 60
*** HOLE CARDS ***
Dealt to Mahu2021 [7s 4h]
Mahu2021: folds 
Uncalled bet (30) returned to pocho_kapo
pocho_kapo collected 60 from pot
pocho_kapo: doesn't show hand 
*** SUMMARY ***
Total pot 60 | Rake 0 
Seat 1: Mahu2021 (button) (small blind) folded before Flop
Seat 3: pocho_kapo (big blind) collected (60)



PokerStars Hand #247695171653: Tournament #3687309803, $1.84+$0.16 USD Hold'em No Limit - Level IV (30/60) - 2023/12/16 19:07:16 CET [2023/12/16 13:07:16 ET]
Table '3687309803 1' 3-max Seat #3 is the button
Seat 1: Mahu2021 (1015 in chips) 
Seat 3: pocho_kapo (485 in chips) 
pocho_kapo: posts small blind 30
Mahu2021: posts big blind 60
*** HOLE CARDS ***
Dealt to Mahu2021 [8s 6d]
pocho_kapo: calls 30
Mahu2021: checks 
*** FLOP *** [9s 3d As]
Mahu2021: checks 
pocho_kapo: bets 425 and is all-in
Mahu2021: folds 
Uncalled bet (425) returned to pocho_kapo
pocho_kapo collected 120 from pot
pocho_kapo: doesn't show hand 
*** SUMMARY ***
Total pot 120 | Rake 0 
Board [9s 3d As]
Seat 1: Mahu2021 (big blind) folded on the Flop
Seat 3: pocho_kapo (button) (small blind) collected (120)



PokerStars Hand #247695175896: Tournament #3687309803, $1.84+$0.16 USD Hold'em No Limit - Level IV (30/60) - 2023/12/16 19:07:30 CET [2023/12/16 13:07:30 ET]
Table '3687309803 1' 3-max Seat #1 is the button
Seat 1: Mahu2021 (955 in chips) 
Seat 3: pocho_kapo (545 in chips) 
Mahu2021: posts small blind 30
pocho_kapo: posts big blind 60
*** HOLE CARDS ***
Dealt to Mahu2021 [5h 4h]
Mahu2021: calls 30
pocho_kapo: checks 
*** FLOP *** [Qs 4c 6d]
pocho_kapo: checks 
Mahu2021: bets 60
pocho_kapo: calls 60
*** TURN *** [Qs 4c 6d] [Ah]
pocho_kapo: checks 
Mahu2021: checks 
*** RIVER *** [Qs 4c 6d Ah] [As]
pocho_kapo: bets 240
Mahu2021: folds 
Uncalled bet (240) returned to pocho_kapo
pocho_kapo collected 240 from pot
pocho_kapo: doesn't show hand 
*** SUMMARY ***
Total pot 240 | Rake 0 
Board [Qs 4c 6d Ah As]
Seat 1: Mahu2021 (button) (small blind) folded on the River
Seat 3: pocho_kapo (big blind) collected (240)



PokerStars Hand #247695183604: Tournament #3687309803, $1.84+$0.16 USD Hold'em No Limit - Level IV (30/60) - 2023/12/16 19:07:55 CET [2023/12/16 13:07:55 ET]
Table '3687309803 1' 3-max Seat #3 is the button
Seat 1: Mahu2021 (835 in chips) 
Seat 3: pocho_kapo (665 in chips) 
pocho_kapo: posts small blind 30
Mahu2021: posts big blind 60
*** HOLE CARDS ***
Dealt to Mahu2021 [9d Td]
pocho_kapo: folds 
Uncalled bet (30) returned to Mahu2021
Mahu2021 collected 60 from pot
Mahu2021: doesn't show hand 
*** SUMMARY ***
Total pot 60 | Rake 0 
Seat 1: Mahu2021 (big blind) collected (60)
Seat 3: pocho_kapo (button) (small blind) folded before Flop



PokerStars Hand #247695185386: Tournament #3687309803, $1.84+$0.16 USD Hold'em No Limit - Level IV (30/60) - 2023/12/16 19:08:01 CET [2023/12/16 13:08:01 ET]
Table '3687309803 1' 3-max Seat #1 is the button
Seat 1: Mahu2021 (865 in chips) 
Seat 3: pocho_kapo (635 in chips) 
Mahu2021: posts small blind 30
pocho_kapo: posts big blind 60
*** HOLE CARDS ***
Dealt to Mahu2021 [9c Kd]
Mahu2021: raises 60 to 120
pocho_kapo: raises 240 to 360
Mahu2021: raises 505 to 865 and is all-in
pocho_kapo: calls 275 and is all-in
Uncalled bet (230) returned to Mahu2021
*** FLOP *** [Ks 7h 7d]
*** TURN *** [Ks 7h 7d] [3c]
*** RIVER *** [Ks 7h 7d 3c] [6c]
*** SHOW DOWN ***
pocho_kapo: shows [Qd Td] (a pair of Sevens)
Mahu2021: shows [9c Kd] (two pair, Kings and Sevens)
Mahu2021 collected 1270 from pot
pocho_kapo finished the tournament in 2nd place
Mahu2021 wins the tournament and receives $4.00 - congratulations!
*** SUMMARY ***
Total pot 1270 | Rake 0 
Board [Ks 7h 7d 3c 6c]
Seat 1: Mahu2021 (button) (small blind) showed [9c Kd] and won (1270) with two pair, Kings and Sevens
Seat 3: pocho_kapo (big blind) showed [Qd Td] and lost with a pair of Sevens



