PokerStars Hand #244446547458: Tournament #3608509878, $0.92+$0.08 USD Hold'em No Limit - Level I (10/20) - 2023/06/24 22:39:25 CET [2023/06/24 16:39:25 ET]
Table '3608509878 1' 3-max Seat #1 is the button
Seat 1: santino6700 (500 in chips) 
Seat 2: Mahu2021 (500 in chips) 
Seat 3: ZoomLc (500 in chips) 
Mahu2021: posts small blind 10
ZoomLc: posts big blind 20
*** HOLE CARDS ***
Dealt to Mahu2021 [Jc 4h]
santino6700: folds 
Mahu2021: folds 
Uncalled bet (10) returned to ZoomLc
ZoomLc collected 20 from pot
*** SUMMARY ***
Total pot 20 | Rake 0 
Seat 1: santino6700 (button) folded before Flop (didn't bet)
Seat 2: Mahu2021 (small blind) folded before Flop
Seat 3: ZoomLc (big blind) collected (20)



PokerStars Hand #244446549117: Tournament #3608509878, $0.92+$0.08 USD Hold'em No Limit - Level I (10/20) - 2023/06/24 22:39:31 CET [2023/06/24 16:39:31 ET]
Table '3608509878 1' 3-max Seat #2 is the button
Seat 1: santino6700 (500 in chips) 
Seat 2: Mahu2021 (490 in chips) 
Seat 3: ZoomLc (510 in chips) 
ZoomLc: posts small blind 10
santino6700: posts big blind 20
*** HOLE CARDS ***
Dealt to Mahu2021 [9s Qh]
Mahu2021: folds 
ZoomLc: calls 10
santino6700: raises 60 to 80
ZoomLc: calls 60
*** FLOP *** [Kh 8c Qs]
ZoomLc: checks 
santino6700: bets 20
ZoomLc: calls 20
*** TURN *** [Kh 8c Qs] [9d]
ZoomLc: checks 
santino6700: bets 200
ZoomLc: calls 200
*** RIVER *** [Kh 8c Qs 9d] [Qd]
ZoomLc: checks 
santino6700: checks 
*** SHOW DOWN ***
ZoomLc: shows [9h As] (two pair, Queens and Nines)
santino6700: shows [Js Kc] (two pair, Kings and Queens)
santino6700 collected 600 from pot
*** SUMMARY ***
Total pot 600 | Rake 0 
Board [Kh 8c Qs 9d Qd]
Seat 1: santino6700 (big blind) showed [Js Kc] and won (600) with two pair, Kings and Queens
Seat 2: Mahu2021 (button) folded before Flop (didn't bet)
Seat 3: ZoomLc (small blind) showed [9h As] and lost with two pair, Queens and Nines



PokerStars Hand #244446560551: Tournament #3608509878, $0.92+$0.08 USD Hold'em No Limit - Level I (10/20) - 2023/06/24 22:40:08 CET [2023/06/24 16:40:08 ET]
Table '3608509878 1' 3-max Seat #3 is the button
Seat 1: santino6700 (800 in chips) 
Seat 2: Mahu2021 (490 in chips) 
Seat 3: ZoomLc (210 in chips) 
santino6700: posts small blind 10
Mahu2021: posts big blind 20
*** HOLE CARDS ***
Dealt to Mahu2021 [Kh 8c]
ZoomLc: folds 
santino6700: calls 10
Mahu2021: checks 
*** FLOP *** [Qd 5d 9d]
santino6700: checks 
Mahu2021: checks 
*** TURN *** [Qd 5d 9d] [4c]
santino6700: bets 20
Mahu2021: folds 
Uncalled bet (20) returned to santino6700
santino6700 collected 40 from pot
santino6700: doesn't show hand 
*** SUMMARY ***
Total pot 40 | Rake 0 
Board [Qd 5d 9d 4c]
Seat 1: santino6700 (small blind) collected (40)
Seat 2: Mahu2021 (big blind) folded on the Turn
Seat 3: ZoomLc (button) folded before Flop (didn't bet)



PokerStars Hand #244446565347: Tournament #3608509878, $0.92+$0.08 USD Hold'em No Limit - Level I (10/20) - 2023/06/24 22:40:24 CET [2023/06/24 16:40:24 ET]
Table '3608509878 1' 3-max Seat #1 is the button
Seat 1: santino6700 (820 in chips) 
Seat 2: Mahu2021 (470 in chips) 
Seat 3: ZoomLc (210 in chips) 
Mahu2021: posts small blind 10
ZoomLc: posts big blind 20
*** HOLE CARDS ***
Dealt to Mahu2021 [2c 6h]
santino6700: calls 20
Mahu2021: folds 
ZoomLc: checks 
*** FLOP *** [5s 7c 6c]
ZoomLc: checks 
santino6700: bets 20
ZoomLc: calls 20
*** TURN *** [5s 7c 6c] [4s]
ZoomLc: checks 
santino6700: checks 
*** RIVER *** [5s 7c 6c 4s] [Js]
ZoomLc: bets 100
santino6700: folds 
Uncalled bet (100) returned to ZoomLc
ZoomLc collected 90 from pot
*** SUMMARY ***
Total pot 90 | Rake 0 
Board [5s 7c 6c 4s Js]
Seat 1: santino6700 (button) folded on the River
Seat 2: Mahu2021 (small blind) folded before Flop
Seat 3: ZoomLc (big blind) collected (90)



PokerStars Hand #244446574336: Tournament #3608509878, $0.92+$0.08 USD Hold'em No Limit - Level I (10/20) - 2023/06/24 22:40:53 CET [2023/06/24 16:40:53 ET]
Table '3608509878 1' 3-max Seat #2 is the button
Seat 1: santino6700 (780 in chips) 
Seat 2: Mahu2021 (460 in chips) 
Seat 3: ZoomLc (260 in chips) 
ZoomLc: posts small blind 10
santino6700: posts big blind 20
*** HOLE CARDS ***
Dealt to Mahu2021 [Jh 6c]
Mahu2021: folds 
ZoomLc: raises 20 to 40
santino6700: calls 20
*** FLOP *** [2c 9s Kd]
ZoomLc: bets 20
santino6700: raises 20 to 40
ZoomLc: calls 20
*** TURN *** [2c 9s Kd] [2h]
ZoomLc: checks 
santino6700: checks 
*** RIVER *** [2c 9s Kd 2h] [Qs]
ZoomLc: bets 100
santino6700: folds 
Uncalled bet (100) returned to ZoomLc
ZoomLc collected 160 from pot
*** SUMMARY ***
Total pot 160 | Rake 0 
Board [2c 9s Kd 2h Qs]
Seat 1: santino6700 (big blind) folded on the River
Seat 2: Mahu2021 (button) folded before Flop (didn't bet)
Seat 3: ZoomLc (small blind) collected (160)



PokerStars Hand #244446583882: Tournament #3608509878, $0.92+$0.08 USD Hold'em No Limit - Level I (10/20) - 2023/06/24 22:41:24 CET [2023/06/24 16:41:24 ET]
Table '3608509878 1' 3-max Seat #3 is the button
Seat 1: santino6700 (700 in chips) 
Seat 2: Mahu2021 (460 in chips) 
Seat 3: ZoomLc (340 in chips) 
santino6700: posts small blind 10
Mahu2021: posts big blind 20
*** HOLE CARDS ***
Dealt to Mahu2021 [Kh 9d]
ZoomLc: calls 20
santino6700: raises 680 to 700 and is all-in
Mahu2021: folds 
ZoomLc: calls 320 and is all-in
Uncalled bet (360) returned to santino6700
*** FLOP *** [Tc Kc 5s]
*** TURN *** [Tc Kc 5s] [Ks]
*** RIVER *** [Tc Kc 5s Ks] [3d]
*** SHOW DOWN ***
santino6700: shows [Th As] (two pair, Kings and Tens)
ZoomLc: shows [Js Qc] (a pair of Kings)
santino6700 collected 700 from pot
ZoomLc finished the tournament in 3rd place
*** SUMMARY ***
Total pot 700 | Rake 0 
Board [Tc Kc 5s Ks 3d]
Seat 1: santino6700 (small blind) showed [Th As] and won (700) with two pair, Kings and Tens
Seat 2: Mahu2021 (big blind) folded before Flop
Seat 3: ZoomLc (button) showed [Js Qc] and lost with a pair of Kings



PokerStars Hand #244446591187: Tournament #3608509878, $0.92+$0.08 USD Hold'em No Limit - Level I (10/20) - 2023/06/24 22:41:48 CET [2023/06/24 16:41:48 ET]
Table '3608509878 1' 3-max Seat #2 is the button
Seat 1: santino6700 (1060 in chips) 
Seat 2: Mahu2021 (440 in chips) 
Mahu2021: posts small blind 10
santino6700: posts big blind 20
*** HOLE CARDS ***
Dealt to Mahu2021 [Qd 6s]
Mahu2021: folds 
Uncalled bet (10) returned to santino6700
santino6700 collected 20 from pot
santino6700: doesn't show hand 
*** SUMMARY ***
Total pot 20 | Rake 0 
Seat 1: santino6700 (big blind) collected (20)
Seat 2: Mahu2021 (button) (small blind) folded before Flop



PokerStars Hand #244446592529: Tournament #3608509878, $0.92+$0.08 USD Hold'em No Limit - Level I (10/20) - 2023/06/24 22:41:53 CET [2023/06/24 16:41:53 ET]
Table '3608509878 1' 3-max Seat #1 is the button
Seat 1: santino6700 (1070 in chips) 
Seat 2: Mahu2021 (430 in chips) 
santino6700: posts small blind 10
Mahu2021: posts big blind 20
*** HOLE CARDS ***
Dealt to Mahu2021 [4s 6s]
santino6700: calls 10
Mahu2021: checks 
*** FLOP *** [Kc 7d Ad]
Mahu2021: checks 
santino6700: checks 
*** TURN *** [Kc 7d Ad] [Ks]
Mahu2021: checks 
santino6700: bets 20
Mahu2021: folds 
Uncalled bet (20) returned to santino6700
santino6700 collected 40 from pot
santino6700: doesn't show hand 
*** SUMMARY ***
Total pot 40 | Rake 0 
Board [Kc 7d Ad Ks]
Seat 1: santino6700 (button) (small blind) collected (40)
Seat 2: Mahu2021 (big blind) folded on the Turn



PokerStars Hand #244446596881: Tournament #3608509878, $0.92+$0.08 USD Hold'em No Limit - Level I (10/20) - 2023/06/24 22:42:07 CET [2023/06/24 16:42:07 ET]
Table '3608509878 1' 3-max Seat #2 is the button
Seat 1: santino6700 (1090 in chips) 
Seat 2: Mahu2021 (410 in chips) 
Mahu2021: posts small blind 10
santino6700: posts big blind 20
*** HOLE CARDS ***
Dealt to Mahu2021 [7s Jh]
Mahu2021: calls 10
santino6700: raises 100 to 120
Mahu2021: folds 
Uncalled bet (100) returned to santino6700
santino6700 collected 40 from pot
santino6700: doesn't show hand 
*** SUMMARY ***
Total pot 40 | Rake 0 
Seat 1: santino6700 (big blind) collected (40)
Seat 2: Mahu2021 (button) (small blind) folded before Flop



PokerStars Hand #244446599500: Tournament #3608509878, $0.92+$0.08 USD Hold'em No Limit - Level I (10/20) - 2023/06/24 22:42:16 CET [2023/06/24 16:42:16 ET]
Table '3608509878 1' 3-max Seat #1 is the button
Seat 1: santino6700 (1110 in chips) 
Seat 2: Mahu2021 (390 in chips) 
santino6700: posts small blind 10
Mahu2021: posts big blind 20
*** HOLE CARDS ***
Dealt to Mahu2021 [8d Ah]
santino6700: calls 10
Mahu2021: checks 
*** FLOP *** [9c 8s 2s]
Mahu2021: checks 
santino6700: bets 20
Mahu2021: raises 40 to 60
santino6700: folds 
Uncalled bet (40) returned to Mahu2021
Mahu2021 collected 80 from pot
Mahu2021: doesn't show hand 
*** SUMMARY ***
Total pot 80 | Rake 0 
Board [9c 8s 2s]
Seat 1: santino6700 (button) (small blind) folded on the Flop
Seat 2: Mahu2021 (big blind) collected (80)



PokerStars Hand #244446605118: Tournament #3608509878, $0.92+$0.08 USD Hold'em No Limit - Level II (15/30) - 2023/06/24 22:42:34 CET [2023/06/24 16:42:34 ET]
Table '3608509878 1' 3-max Seat #2 is the button
Seat 1: santino6700 (1070 in chips) 
Seat 2: Mahu2021 (430 in chips) 
Mahu2021: posts small blind 15
santino6700: posts big blind 30
*** HOLE CARDS ***
Dealt to Mahu2021 [9h Kh]
Mahu2021: calls 15
santino6700: checks 
*** FLOP *** [Jd 3h 4h]
santino6700: checks 
Mahu2021: bets 30
santino6700: folds 
Uncalled bet (30) returned to Mahu2021
Mahu2021 collected 60 from pot
Mahu2021: doesn't show hand 
*** SUMMARY ***
Total pot 60 | Rake 0 
Board [Jd 3h 4h]
Seat 1: santino6700 (big blind) folded on the Flop
Seat 2: Mahu2021 (button) (small blind) collected (60)



PokerStars Hand #244446608584: Tournament #3608509878, $0.92+$0.08 USD Hold'em No Limit - Level II (15/30) - 2023/06/24 22:42:46 CET [2023/06/24 16:42:46 ET]
Table '3608509878 1' 3-max Seat #1 is the button
Seat 1: santino6700 (1040 in chips) 
Seat 2: Mahu2021 (460 in chips) 
santino6700: posts small blind 15
Mahu2021: posts big blind 30
*** HOLE CARDS ***
Dealt to Mahu2021 [5s Jd]
santino6700: raises 120 to 150
Mahu2021: folds 
Uncalled bet (120) returned to santino6700
santino6700 collected 60 from pot
santino6700: doesn't show hand 
*** SUMMARY ***
Total pot 60 | Rake 0 
Seat 1: santino6700 (button) (small blind) collected (60)
Seat 2: Mahu2021 (big blind) folded before Flop



PokerStars Hand #244446610524: Tournament #3608509878, $0.92+$0.08 USD Hold'em No Limit - Level II (15/30) - 2023/06/24 22:42:52 CET [2023/06/24 16:42:52 ET]
Table '3608509878 1' 3-max Seat #2 is the button
Seat 1: santino6700 (1070 in chips) 
Seat 2: Mahu2021 (430 in chips) 
Mahu2021: posts small blind 15
santino6700: posts big blind 30
*** HOLE CARDS ***
Dealt to Mahu2021 [7s 8c]
Mahu2021: calls 15
santino6700: raises 150 to 180
Mahu2021: folds 
Uncalled bet (150) returned to santino6700
santino6700 collected 60 from pot
santino6700: doesn't show hand 
*** SUMMARY ***
Total pot 60 | Rake 0 
Seat 1: santino6700 (big blind) collected (60)
Seat 2: Mahu2021 (button) (small blind) folded before Flop



PokerStars Hand #244446613345: Tournament #3608509878, $0.92+$0.08 USD Hold'em No Limit - Level II (15/30) - 2023/06/24 22:43:01 CET [2023/06/24 16:43:01 ET]
Table '3608509878 1' 3-max Seat #1 is the button
Seat 1: santino6700 (1100 in chips) 
Seat 2: Mahu2021 (400 in chips) 
santino6700: posts small blind 15
Mahu2021: posts big blind 30
*** HOLE CARDS ***
Dealt to Mahu2021 [2h Kh]
santino6700: folds 
Uncalled bet (15) returned to Mahu2021
Mahu2021 collected 30 from pot
Mahu2021: doesn't show hand 
*** SUMMARY ***
Total pot 30 | Rake 0 
Seat 1: santino6700 (button) (small blind) folded before Flop
Seat 2: Mahu2021 (big blind) collected (30)



PokerStars Hand #244446614868: Tournament #3608509878, $0.92+$0.08 USD Hold'em No Limit - Level II (15/30) - 2023/06/24 22:43:06 CET [2023/06/24 16:43:06 ET]
Table '3608509878 1' 3-max Seat #2 is the button
Seat 1: santino6700 (1085 in chips) 
Seat 2: Mahu2021 (415 in chips) 
Mahu2021: posts small blind 15
santino6700: posts big blind 30
*** HOLE CARDS ***
Dealt to Mahu2021 [4d Kh]
Mahu2021: calls 15
santino6700: checks 
*** FLOP *** [2s Ad 3h]
santino6700: checks 
Mahu2021: bets 30
santino6700: folds 
Uncalled bet (30) returned to Mahu2021
Mahu2021 collected 60 from pot
Mahu2021: doesn't show hand 
*** SUMMARY ***
Total pot 60 | Rake 0 
Board [2s Ad 3h]
Seat 1: santino6700 (big blind) folded on the Flop
Seat 2: Mahu2021 (button) (small blind) collected (60)



PokerStars Hand #244446618334: Tournament #3608509878, $0.92+$0.08 USD Hold'em No Limit - Level II (15/30) - 2023/06/24 22:43:18 CET [2023/06/24 16:43:18 ET]
Table '3608509878 1' 3-max Seat #1 is the button
Seat 1: santino6700 (1055 in chips) 
Seat 2: Mahu2021 (445 in chips) 
santino6700: posts small blind 15
Mahu2021: posts big blind 30
*** HOLE CARDS ***
Dealt to Mahu2021 [9d Qs]
santino6700: raises 90 to 120
Mahu2021: folds 
Uncalled bet (90) returned to santino6700
santino6700 collected 60 from pot
santino6700: doesn't show hand 
*** SUMMARY ***
Total pot 60 | Rake 0 
Seat 1: santino6700 (button) (small blind) collected (60)
Seat 2: Mahu2021 (big blind) folded before Flop



PokerStars Hand #244446621232: Tournament #3608509878, $0.92+$0.08 USD Hold'em No Limit - Level II (15/30) - 2023/06/24 22:43:27 CET [2023/06/24 16:43:27 ET]
Table '3608509878 1' 3-max Seat #2 is the button
Seat 1: santino6700 (1085 in chips) 
Seat 2: Mahu2021 (415 in chips) 
Mahu2021: posts small blind 15
santino6700: posts big blind 30
*** HOLE CARDS ***
Dealt to Mahu2021 [Ts Jh]
Mahu2021: calls 15
santino6700: checks 
*** FLOP *** [Kh 5s 6c]
santino6700: checks 
Mahu2021: checks 
*** TURN *** [Kh 5s 6c] [2d]
santino6700: bets 30
Mahu2021: folds 
Uncalled bet (30) returned to santino6700
santino6700 collected 60 from pot
santino6700: doesn't show hand 
*** SUMMARY ***
Total pot 60 | Rake 0 
Board [Kh 5s 6c 2d]
Seat 1: santino6700 (big blind) collected (60)
Seat 2: Mahu2021 (button) (small blind) folded on the Turn



PokerStars Hand #244446625208: Tournament #3608509878, $0.92+$0.08 USD Hold'em No Limit - Level II (15/30) - 2023/06/24 22:43:40 CET [2023/06/24 16:43:40 ET]
Table '3608509878 1' 3-max Seat #1 is the button
Seat 1: santino6700 (1115 in chips) 
Seat 2: Mahu2021 (385 in chips) 
santino6700: posts small blind 15
Mahu2021: posts big blind 30
*** HOLE CARDS ***
Dealt to Mahu2021 [Js Tc]
santino6700: raises 60 to 90
Mahu2021: raises 295 to 385 and is all-in
santino6700: calls 295
*** FLOP *** [8d Qh 2d]
*** TURN *** [8d Qh 2d] [2h]
*** RIVER *** [8d Qh 2d 2h] [5h]
*** SHOW DOWN ***
Mahu2021: shows [Js Tc] (a pair of Deuces)
santino6700: shows [Qd Ts] (two pair, Queens and Deuces)
santino6700 collected 770 from pot
Mahu2021 finished the tournament in 2nd place
santino6700 wins the tournament and receives $3.00 - congratulations!
*** SUMMARY ***
Total pot 770 | Rake 0 
Board [8d Qh 2d 2h 5h]
Seat 1: santino6700 (button) (small blind) showed [Qd Ts] and won (770) with two pair, Queens and Deuces
Seat 2: Mahu2021 (big blind) showed [Js Tc] and lost with a pair of Deuces



