PokerStars Hand #255719429840: Tournament #3875822987, $4.90+$4.90+$1.20 USD Hold'em No Limit - Level I (25/50) - 2025/04/13 19:59:58 CET [2025/04/13 13:59:58 ET]
Table '3875822987 68' 8-max Seat #1 is the button
Seat 1: Qemal785 (10000 in chips, $4.90 bounty) is sitting out
Seat 2: Shargeur79 (10000 in chips, $4.90 bounty) 
Seat 3: Mahu2021 (10000 in chips, $4.90 bounty) 
Seat 4: el monje chito (10000 in chips, $4.90 bounty) 
Seat 5: whiffofbuns (10000 in chips, $4.90 bounty) 
Seat 6: Fartovyj9 (10000 in chips, $4.90 bounty) 
Seat 7: miimmoo (10000 in chips, $4.90 bounty) 
Seat 8: jimmygcfc (10000 in chips, $4.90 bounty) 
Qemal785: posts the ante 6
Shargeur79: posts the ante 6
Mahu2021: posts the ante 6
el monje chito: posts the ante 6
whiffofbuns: posts the ante 6
Fartovyj9: posts the ante 6
miimmoo: posts the ante 6
jimmygcfc: posts the ante 6
Shargeur79: posts small blind 25
Mahu2021: posts big blind 50
*** HOLE CARDS ***
Dealt to Mahu2021 [Qc Ac]
el monje chito: folds 
whiffofbuns: folds 
Fartovyj9: folds 
miimmoo: raises 50 to 100
jimmygcfc: folds 
Qemal785: folds 
Shargeur79: calls 75
Mahu2021: raises 550 to 650
miimmoo: folds 
Shargeur79: folds 
Uncalled bet (550) returned to Mahu2021
Mahu2021 collected 348 from pot
Mahu2021: doesn't show hand 
*** SUMMARY ***
Total pot 348 | Rake 0 
Seat 1: Qemal785 (button) folded before Flop (didn't bet)
Seat 2: Shargeur79 (small blind) folded before Flop
Seat 3: Mahu2021 (big blind) collected (348)
Seat 4: el monje chito folded before Flop (didn't bet)
Seat 5: whiffofbuns folded before Flop (didn't bet)
Seat 6: Fartovyj9 folded before Flop (didn't bet)
Seat 7: miimmoo folded before Flop
Seat 8: jimmygcfc folded before Flop (didn't bet)



PokerStars Hand #255719439456: Tournament #3875822987, $4.90+$4.90+$1.20 USD Hold'em No Limit - Level I (25/50) - 2025/04/13 20:00:44 CET [2025/04/13 14:00:44 ET]
Table '3875822987 68' 8-max Seat #2 is the button
Seat 1: Qemal785 (9994 in chips, $4.90 bounty) is sitting out
Seat 2: Shargeur79 (9894 in chips, $4.90 bounty) 
Seat 3: Mahu2021 (10242 in chips, $4.90 bounty) 
Seat 5: whiffofbuns (9994 in chips, $4.90 bounty) 
Seat 6: Fartovyj9 (9994 in chips, $4.90 bounty) 
Seat 7: miimmoo (9894 in chips, $4.90 bounty) 
Seat 8: jimmygcfc (9994 in chips, $4.90 bounty) 
Qemal785: posts the ante 6
Shargeur79: posts the ante 6
Mahu2021: posts the ante 6
whiffofbuns: posts the ante 6
Fartovyj9: posts the ante 6
miimmoo: posts the ante 6
jimmygcfc: posts the ante 6
Mahu2021: posts small blind 25
whiffofbuns: posts big blind 50
*** HOLE CARDS ***
Dealt to Mahu2021 [Js Qd]
Fartovyj9: folds 
miimmoo: folds 
jimmygcfc: folds 
Qemal785: folds 
Shargeur79: raises 125 to 175
Mahu2021: calls 150
whiffofbuns: folds 
*** FLOP *** [6s 8c 2c]
Mahu2021: checks 
Shargeur79: bets 287
Mahu2021: folds 
Uncalled bet (287) returned to Shargeur79
Shargeur79 collected 442 from pot
Shargeur79: doesn't show hand 
*** SUMMARY ***
Total pot 442 | Rake 0 
Board [6s 8c 2c]
Seat 1: Qemal785 folded before Flop (didn't bet)
Seat 2: Shargeur79 (button) collected (442)
Seat 3: Mahu2021 (small blind) folded on the Flop
Seat 5: whiffofbuns (big blind) folded before Flop
Seat 6: Fartovyj9 folded before Flop (didn't bet)
Seat 7: miimmoo folded before Flop (didn't bet)
Seat 8: jimmygcfc folded before Flop (didn't bet)



PokerStars Hand #255719445332: Tournament #3875822987, $4.90+$4.90+$1.20 USD Hold'em No Limit - Level I (25/50) - 2025/04/13 20:01:09 CET [2025/04/13 14:01:09 ET]
Table '3875822987 68' 8-max Seat #3 is the button
Seat 1: Qemal785 (9988 in chips, $4.90 bounty) is sitting out
Seat 2: Shargeur79 (10155 in chips, $4.90 bounty) 
Seat 3: Mahu2021 (10061 in chips, $4.90 bounty) 
Seat 4: Addictedtoweed (10000 in chips) out of hand (moved from another table into small blind)
Seat 5: whiffofbuns (9938 in chips, $4.90 bounty) 
Seat 7: miimmoo (9888 in chips, $4.90 bounty) 
Seat 8: jimmygcfc (9988 in chips, $4.90 bounty) 
Addictedtoweed will be allowed to play after the button
Qemal785: posts the ante 6
Shargeur79: posts the ante 6
Mahu2021: posts the ante 6
whiffofbuns: posts the ante 6
miimmoo: posts the ante 6
jimmygcfc: posts the ante 6
whiffofbuns: posts small blind 25
miimmoo: posts big blind 50
*** HOLE CARDS ***
Dealt to Mahu2021 [3d 6c]
LifeUpstreak is disconnected 
jimmygcfc: folds 
Qemal785: folds 
Shargeur79: folds 
Mahu2021: folds 
whiffofbuns: raises 50 to 100
miimmoo: folds 
Uncalled bet (50) returned to whiffofbuns
whiffofbuns collected 136 from pot
*** SUMMARY ***
Total pot 136 | Rake 0 
Seat 1: Qemal785 folded before Flop (didn't bet)
Seat 2: Shargeur79 folded before Flop (didn't bet)
Seat 3: Mahu2021 (button) folded before Flop (didn't bet)
Seat 5: whiffofbuns (small blind) collected (136)
Seat 7: miimmoo (big blind) folded before Flop
Seat 8: jimmygcfc folded before Flop (didn't bet)



PokerStars Hand #255719448119: Tournament #3875822987, $4.90+$4.90+$1.20 USD Hold'em No Limit - Level I (25/50) - 2025/04/13 20:01:21 CET [2025/04/13 14:01:21 ET]
Table '3875822987 68' 8-max Seat #5 is the button
Seat 1: Qemal785 (9982 in chips, $4.90 bounty) is sitting out
Seat 2: Shargeur79 (10149 in chips, $4.90 bounty) 
Seat 3: Mahu2021 (10055 in chips, $4.90 bounty) 
Seat 4: Addictedtoweed (10000 in chips, $4.90 bounty) 
Seat 5: whiffofbuns (10018 in chips, $4.90 bounty) 
Seat 6: LifeUpstreak (10000 in chips) out of hand (moved from another table into small blind)
Seat 7: miimmoo (9832 in chips, $4.90 bounty) 
Seat 8: jimmygcfc (9982 in chips, $4.90 bounty) 
LifeUpstreak will be allowed to play after the button
Qemal785: posts the ante 6
Shargeur79: posts the ante 6
Mahu2021: posts the ante 6
Addictedtoweed: posts the ante 6
whiffofbuns: posts the ante 6
miimmoo: posts the ante 6
jimmygcfc: posts the ante 6
miimmoo: posts small blind 25
jimmygcfc: posts big blind 50
*** HOLE CARDS ***
Dealt to Mahu2021 [Js Ad]
Qemal785: folds 
Shargeur79: folds 
Mahu2021: raises 100 to 150
Qemal785 has returned
Addictedtoweed has timed out
Addictedtoweed: folds 
Addictedtoweed is sitting out
whiffofbuns: folds 
Addictedtoweed has returned
miimmoo: folds 
jimmygcfc: folds 
Uncalled bet (100) returned to Mahu2021
Mahu2021 collected 167 from pot
Mahu2021: doesn't show hand 
*** SUMMARY ***
Total pot 167 | Rake 0 
Seat 1: Qemal785 folded before Flop (didn't bet)
Seat 2: Shargeur79 folded before Flop (didn't bet)
Seat 3: Mahu2021 collected (167)
Seat 4: Addictedtoweed folded before Flop (didn't bet)
Seat 5: whiffofbuns (button) folded before Flop (didn't bet)
Seat 7: miimmoo (small blind) folded before Flop
Seat 8: jimmygcfc (big blind) folded before Flop



PokerStars Hand #255719471939: Tournament #3875822987, $4.90+$4.90+$1.20 USD Hold'em No Limit - Level I (25/50) - 2025/04/13 20:02:47 CET [2025/04/13 14:02:47 ET]
Table '3875822987 68' 8-max Seat #7 is the button
Seat 1: Qemal785 (9976 in chips, $4.90 bounty) 
Seat 2: plytbl4 (10000 in chips, $4.90 bounty) 
Seat 3: Mahu2021 (10166 in chips, $4.90 bounty) 
Seat 4: Addictedtoweed (9994 in chips, $4.90 bounty) 
Seat 5: whiffofbuns (10012 in chips, $4.90 bounty) 
Seat 6: LifeUpstreak (10000 in chips, $4.90 bounty) 
Seat 7: miimmoo (9801 in chips, $4.90 bounty) 
Seat 8: jimmygcfc (9926 in chips, $4.90 bounty) 
Qemal785: posts the ante 6
plytbl4: posts the ante 6
Mahu2021: posts the ante 6
Addictedtoweed: posts the ante 6
whiffofbuns: posts the ante 6
LifeUpstreak: posts the ante 6
miimmoo: posts the ante 6
jimmygcfc: posts the ante 6
jimmygcfc: posts small blind 25
Qemal785: posts big blind 50
*** HOLE CARDS ***
Dealt to Mahu2021 [2d Kc]
plytbl4 is connected 
plytbl4 is disconnected 
plytbl4 is connected 
plytbl4: folds 
Mahu2021: folds 
Addictedtoweed has timed out
Addictedtoweed: folds 
Addictedtoweed is sitting out
whiffofbuns: raises 60 to 110
LifeUpstreak: folds 
miimmoo: folds 
jimmygcfc: folds 
Qemal785: calls 60
*** FLOP *** [8c 7c 9h]
Qemal785: bets 147
whiffofbuns: calls 147
*** TURN *** [8c 7c 9h] [Qc]
Qemal785: bets 294
Addictedtoweed has returned
whiffofbuns: calls 294
*** RIVER *** [8c 7c 9h Qc] [6h]
Qemal785: bets 588
whiffofbuns: raises 1762 to 2350
Qemal785: raises 1762 to 4112
whiffofbuns: raises 5343 to 9455 and is all-in
Qemal785: calls 5307 and is all-in
Uncalled bet (36) returned to whiffofbuns
*** SHOW DOWN ***
whiffofbuns: shows [5c 6c] (a flush, Queen high)
Qemal785: shows [9c Ac] (a flush, Ace high)
Qemal785 collected 20013 from pot
*** SUMMARY ***
Total pot 20013 | Rake 0 
Board [8c 7c 9h Qc 6h]
Seat 1: Qemal785 (big blind) showed [9c Ac] and won (20013) with a flush, Ace high
Seat 2: plytbl4 folded before Flop (didn't bet)
Seat 3: Mahu2021 folded before Flop (didn't bet)
Seat 4: Addictedtoweed folded before Flop (didn't bet)
Seat 5: whiffofbuns showed [5c 6c] and lost with a flush, Queen high
Seat 6: LifeUpstreak folded before Flop (didn't bet)
Seat 7: miimmoo (button) folded before Flop (didn't bet)
Seat 8: jimmygcfc (small blind) folded before Flop



PokerStars Hand #255719499526: Tournament #3875822987, $4.90+$4.90+$1.20 USD Hold'em No Limit - Level I (25/50) - 2025/04/13 20:04:17 CET [2025/04/13 14:04:17 ET]
Table '3875822987 68' 8-max Seat #8 is the button
Seat 1: Qemal785 (20013 in chips, $4.90 bounty) 
Seat 3: Mahu2021 (10160 in chips, $4.90 bounty) 
Seat 4: Addictedtoweed (9988 in chips, $4.90 bounty) 
Seat 5: whiffofbuns (36 in chips, $4.90 bounty) 
Seat 6: LifeUpstreak (9994 in chips, $4.90 bounty) 
Seat 7: miimmoo (9795 in chips, $4.90 bounty) 
Seat 8: jimmygcfc (9895 in chips, $4.90 bounty) 
Qemal785: posts the ante 6
Mahu2021: posts the ante 6
Addictedtoweed: posts the ante 6
whiffofbuns: posts the ante 6
LifeUpstreak: posts the ante 6
miimmoo: posts the ante 6
jimmygcfc: posts the ante 6
Qemal785: posts small blind 25
Mahu2021: posts big blind 50
*** HOLE CARDS ***
Dealt to Mahu2021 [4h 5s]
Vaidruckis is disconnected 
Addictedtoweed: folds 
whiffofbuns: calls 30 and is all-in
LifeUpstreak: raises 75 to 125
miimmoo: folds 
jimmygcfc: folds 
Qemal785: calls 100
Mahu2021: calls 75
*** FLOP *** [Jd 3c Qd]
Qemal785: checks 
Mahu2021: checks 
LifeUpstreak: bets 112
Qemal785: folds 
Mahu2021: folds 
Uncalled bet (112) returned to LifeUpstreak
*** TURN *** [Jd 3c Qd] [2c]
*** RIVER *** [Jd 3c Qd 2c] [9d]
*** SHOW DOWN ***
LifeUpstreak: shows [9c Ks] (a pair of Nines)
LifeUpstreak collected 285 from side pot
whiffofbuns: shows [Kh Kd] (a pair of Kings)
whiffofbuns collected 162 from main pot
*** SUMMARY ***
Total pot 447 Main pot 162. Side pot 285. | Rake 0 
Board [Jd 3c Qd 2c 9d]
Seat 1: Qemal785 (small blind) folded on the Flop
Seat 3: Mahu2021 (big blind) folded on the Flop
Seat 4: Addictedtoweed folded before Flop (didn't bet)
Seat 5: whiffofbuns showed [Kh Kd] and won (162) with a pair of Kings
Seat 6: LifeUpstreak showed [9c Ks] and won (285) with a pair of Nines
Seat 7: miimmoo folded before Flop (didn't bet)
Seat 8: jimmygcfc (button) folded before Flop (didn't bet)



PokerStars Hand #255719513612: Tournament #3875822987, $4.90+$4.90+$1.20 USD Hold'em No Limit - Level I (25/50) - 2025/04/13 20:05:03 CET [2025/04/13 14:05:03 ET]
Table '3875822987 68' 8-max Seat #1 is the button
Seat 1: Qemal785 (19882 in chips, $4.90 bounty) 
Seat 2: Vaidruckis (10000 in chips) out of hand (moved from another table into small blind)
Seat 3: Mahu2021 (10029 in chips, $4.90 bounty) 
Seat 4: Addictedtoweed (9982 in chips, $4.90 bounty) 
Seat 5: whiffofbuns (162 in chips, $4.90 bounty) 
Seat 6: LifeUpstreak (10148 in chips, $4.90 bounty) 
Seat 7: miimmoo (9789 in chips, $4.90 bounty) 
Seat 8: jimmygcfc (9889 in chips, $4.90 bounty) 
Vaidruckis will be allowed to play after the button
Qemal785: posts the ante 6
Mahu2021: posts the ante 6
Addictedtoweed: posts the ante 6
whiffofbuns: posts the ante 6
LifeUpstreak: posts the ante 6
miimmoo: posts the ante 6
jimmygcfc: posts the ante 6
Mahu2021: posts small blind 25
Addictedtoweed: posts big blind 50
*** HOLE CARDS ***
Dealt to Mahu2021 [2c Ts]
whiffofbuns: folds 
LifeUpstreak: folds 
miimmoo: raises 100 to 150
jimmygcfc: folds 
Qemal785: folds 
Mahu2021: folds 
Addictedtoweed: folds 
Uncalled bet (100) returned to miimmoo
miimmoo collected 167 from pot
miimmoo: doesn't show hand 
*** SUMMARY ***
Total pot 167 | Rake 0 
Seat 1: Qemal785 (button) folded before Flop (didn't bet)
Seat 3: Mahu2021 (small blind) folded before Flop
Seat 4: Addictedtoweed (big blind) folded before Flop
Seat 5: whiffofbuns folded before Flop (didn't bet)
Seat 6: LifeUpstreak folded before Flop (didn't bet)
Seat 7: miimmoo collected (167)
Seat 8: jimmygcfc folded before Flop (didn't bet)



PokerStars Hand #255719522983: Tournament #3875822987, $4.90+$4.90+$1.20 USD Hold'em No Limit - Level I (25/50) - 2025/04/13 20:05:34 CET [2025/04/13 14:05:34 ET]
Table '3875822987 68' 8-max Seat #3 is the button
Seat 1: Qemal785 (19876 in chips, $4.90 bounty) 
Seat 2: Vaidruckis (10000 in chips, $4.90 bounty) 
Seat 3: Mahu2021 (9998 in chips, $4.90 bounty) 
Seat 4: Addictedtoweed (9926 in chips, $4.90 bounty) 
Seat 5: whiffofbuns (156 in chips, $4.90 bounty) 
Seat 6: LifeUpstreak (10142 in chips, $4.90 bounty) 
Seat 7: miimmoo (9900 in chips, $4.90 bounty) 
Seat 8: jimmygcfc (9883 in chips, $4.90 bounty) 
Qemal785: posts the ante 6
Vaidruckis: posts the ante 6
Mahu2021: posts the ante 6
Addictedtoweed: posts the ante 6
whiffofbuns: posts the ante 6
LifeUpstreak: posts the ante 6
miimmoo: posts the ante 6
jimmygcfc: posts the ante 6
Addictedtoweed: posts small blind 25
whiffofbuns: posts big blind 50
*** HOLE CARDS ***
Dealt to Mahu2021 [Js 8s]
LifeUpstreak: raises 75 to 125
miimmoo: calls 125
jimmygcfc: folds 
Qemal785: calls 125
Vaidruckis: calls 125
Mahu2021: folds 
Addictedtoweed: folds 
whiffofbuns: raises 25 to 150 and is all-in
LifeUpstreak: calls 25
miimmoo: calls 25
Qemal785: calls 25
Vaidruckis: calls 25
*** FLOP *** [Tc 9c 7s]
LifeUpstreak: bets 395
miimmoo: folds 
Qemal785: calls 395
Vaidruckis: folds 
*** TURN *** [Tc 9c 7s] [5s]
LifeUpstreak: bets 1675
Qemal785: folds 
Uncalled bet (1675) returned to LifeUpstreak
*** RIVER *** [Tc 9c 7s 5s] [As]
*** SHOW DOWN ***
LifeUpstreak: shows [Ts Td] (three of a kind, Tens)
LifeUpstreak collected 790 from side pot
whiffofbuns: shows [Qs 3h] (high card Ace)
LifeUpstreak collected 823 from main pot
LifeUpstreak wins $2.45 for eliminating whiffofbuns and their own bounty increases by $2.45 to $7.35
whiffofbuns finished the tournament
*** SUMMARY ***
Total pot 1613 Main pot 823. Side pot 790. | Rake 0 
Board [Tc 9c 7s 5s As]
Seat 1: Qemal785 folded on the Turn
Seat 2: Vaidruckis folded on the Flop
Seat 3: Mahu2021 (button) folded before Flop (didn't bet)
Seat 4: Addictedtoweed (small blind) folded before Flop
Seat 5: whiffofbuns (big blind) showed [Qs 3h] and lost with high card Ace
Seat 6: LifeUpstreak showed [Ts Td] and won (1613) with three of a kind, Tens
Seat 7: miimmoo folded on the Flop
Seat 8: jimmygcfc folded before Flop (didn't bet)



PokerStars Hand #255719547065: Tournament #3875822987, $4.90+$4.90+$1.20 USD Hold'em No Limit - Level I (25/50) - 2025/04/13 20:06:50 CET [2025/04/13 14:06:50 ET]
Table '3875822987 68' 8-max Seat #4 is the button
Seat 1: Qemal785 (19325 in chips, $4.90 bounty) 
Seat 2: Vaidruckis (9844 in chips, $4.90 bounty) 
Seat 3: Mahu2021 (9992 in chips, $4.90 bounty) 
Seat 4: Addictedtoweed (9895 in chips, $4.90 bounty) 
Seat 5: cookie3678 (10000 in chips) out of hand (moved from another table into small blind)
Seat 6: LifeUpstreak (11204 in chips, $7.35 bounty) 
Seat 7: miimmoo (9744 in chips, $4.90 bounty) 
Seat 8: jimmygcfc (9877 in chips, $4.90 bounty) 
cookie3678 will be allowed to play after the button
Qemal785: posts the ante 6
Vaidruckis: posts the ante 6
Mahu2021: posts the ante 6
Addictedtoweed: posts the ante 6
LifeUpstreak: posts the ante 6
miimmoo: posts the ante 6
jimmygcfc: posts the ante 6
LifeUpstreak: posts small blind 25
miimmoo: posts big blind 50
*** HOLE CARDS ***
Dealt to Mahu2021 [9d 5h]
jimmygcfc: raises 55 to 105
cookie3678 is disconnected 
Qemal785: calls 105
Vaidruckis: folds 
Mahu2021: folds 
Addictedtoweed has timed out
Addictedtoweed: folds 
Addictedtoweed is sitting out
Addictedtoweed has returned
LifeUpstreak: calls 80
miimmoo: folds 
*** FLOP *** [8s Tc Js]
LifeUpstreak: checks 
jimmygcfc: bets 208
Qemal785: folds 
LifeUpstreak: calls 208
*** TURN *** [8s Tc Js] [Kh]
LifeUpstreak: checks 
jimmygcfc: bets 420
LifeUpstreak: folds 
Uncalled bet (420) returned to jimmygcfc
jimmygcfc collected 823 from pot
jimmygcfc: doesn't show hand 
*** SUMMARY ***
Total pot 823 | Rake 0 
Board [8s Tc Js Kh]
Seat 1: Qemal785 folded on the Flop
Seat 2: Vaidruckis folded before Flop (didn't bet)
Seat 3: Mahu2021 folded before Flop (didn't bet)
Seat 4: Addictedtoweed (button) folded before Flop (didn't bet)
Seat 6: LifeUpstreak (small blind) folded on the Turn
Seat 7: miimmoo (big blind) folded before Flop
Seat 8: jimmygcfc collected (823)



PokerStars Hand #255719574929: Tournament #3875822987, $4.90+$4.90+$1.20 USD Hold'em No Limit - Level I (25/50) - 2025/04/13 20:08:20 CET [2025/04/13 14:08:20 ET]
Table '3875822987 68' 8-max Seat #6 is the button
Seat 1: Qemal785 (19214 in chips, $4.90 bounty) 
Seat 2: Vaidruckis (9838 in chips, $4.90 bounty) 
Seat 3: Mahu2021 (9986 in chips, $4.90 bounty) 
Seat 4: Addictedtoweed (9889 in chips, $4.90 bounty) 
Seat 5: cookie3678 (10000 in chips, $4.90 bounty) 
Seat 6: LifeUpstreak (10885 in chips, $7.35 bounty) 
Seat 7: miimmoo (9688 in chips, $4.90 bounty) 
Seat 8: jimmygcfc (10381 in chips, $4.90 bounty) 
Qemal785: posts the ante 6
Vaidruckis: posts the ante 6
Mahu2021: posts the ante 6
Addictedtoweed: posts the ante 6
cookie3678: posts the ante 6
LifeUpstreak: posts the ante 6
miimmoo: posts the ante 6
jimmygcfc: posts the ante 6
miimmoo: posts small blind 25
jimmygcfc: posts big blind 50
*** HOLE CARDS ***
Dealt to Mahu2021 [4h 8s]
Qemal785: folds 
Vaidruckis: calls 50
Mahu2021: folds 
Addictedtoweed: folds 
cookie3678: calls 50
LifeUpstreak: folds 
miimmoo: calls 25
jimmygcfc: checks 
*** FLOP *** [9c 9d 6h]
miimmoo: checks 
jimmygcfc: checks 
Vaidruckis: checks 
cookie3678: checks 
*** TURN *** [9c 9d 6h] [Js]
miimmoo: checks 
jimmygcfc: checks 
Vaidruckis: bets 100
cookie3678: calls 100
miimmoo: folds 
jimmygcfc: folds 
*** RIVER *** [9c 9d 6h Js] [7h]
Vaidruckis: checks 
cookie3678: bets 448
Vaidruckis: folds 
Uncalled bet (448) returned to cookie3678
cookie3678 collected 448 from pot
cookie3678: doesn't show hand 
*** SUMMARY ***
Total pot 448 | Rake 0 
Board [9c 9d 6h Js 7h]
Seat 1: Qemal785 folded before Flop (didn't bet)
Seat 2: Vaidruckis folded on the River
Seat 3: Mahu2021 folded before Flop (didn't bet)
Seat 4: Addictedtoweed folded before Flop (didn't bet)
Seat 5: cookie3678 collected (448)
Seat 6: LifeUpstreak (button) folded before Flop (didn't bet)
Seat 7: miimmoo (small blind) folded on the Turn
Seat 8: jimmygcfc (big blind) folded on the Turn



PokerStars Hand #255719609782: Tournament #3875822987, $4.90+$4.90+$1.20 USD Hold'em No Limit - Level II (30/60) - 2025/04/13 20:10:13 CET [2025/04/13 14:10:13 ET]
Table '3875822987 68' 8-max Seat #7 is the button
Seat 1: cmcg15 (10000 in chips, $4.90 bounty) 
Seat 2: Vaidruckis (9682 in chips, $4.90 bounty) 
Seat 3: Mahu2021 (9980 in chips, $4.90 bounty) 
Seat 4: Addictedtoweed (9883 in chips, $4.90 bounty) 
Seat 5: cookie3678 (10292 in chips, $4.90 bounty) 
Seat 6: LifeUpstreak (10879 in chips, $7.35 bounty) 
Seat 7: miimmoo (9632 in chips, $4.90 bounty) 
Seat 8: jimmygcfc (10325 in chips, $4.90 bounty) 
cmcg15: posts the ante 8
Vaidruckis: posts the ante 8
Mahu2021: posts the ante 8
Addictedtoweed: posts the ante 8
cookie3678: posts the ante 8
LifeUpstreak: posts the ante 8
miimmoo: posts the ante 8
jimmygcfc: posts the ante 8
jimmygcfc: posts small blind 30
cmcg15: posts big blind 60
*** HOLE CARDS ***
Dealt to Mahu2021 [Ts 6h]
Vaidruckis: calls 60
Mahu2021: folds 
Addictedtoweed: calls 60
cookie3678: folds 
LifeUpstreak: folds 
miimmoo: folds 
jimmygcfc: calls 30
cmcg15: checks 
*** FLOP *** [Tc 6d 7c]
jimmygcfc: checks 
cmcg15: checks 
Vaidruckis: bets 120
Addictedtoweed: calls 120
jimmygcfc: folds 
cmcg15: folds 
*** TURN *** [Tc 6d 7c] [Js]
Vaidruckis: bets 360
Addictedtoweed: calls 360
*** RIVER *** [Tc 6d 7c Js] [4h]
Vaidruckis: bets 540
Addictedtoweed: folds 
Uncalled bet (540) returned to Vaidruckis
Vaidruckis collected 1264 from pot
Vaidruckis: doesn't show hand 
*** SUMMARY ***
Total pot 1264 | Rake 0 
Board [Tc 6d 7c Js 4h]
Seat 1: cmcg15 (big blind) folded on the Flop
Seat 2: Vaidruckis collected (1264)
Seat 3: Mahu2021 folded before Flop (didn't bet)
Seat 4: Addictedtoweed folded on the River
Seat 5: cookie3678 folded before Flop (didn't bet)
Seat 6: LifeUpstreak folded before Flop (didn't bet)
Seat 7: miimmoo (button) folded before Flop (didn't bet)
Seat 8: jimmygcfc (small blind) folded on the Flop



PokerStars Hand #255719648056: Tournament #3875822987, $4.90+$4.90+$1.20 USD Hold'em No Limit - Level II (30/60) - 2025/04/13 20:12:19 CET [2025/04/13 14:12:19 ET]
Table '3875822987 68' 8-max Seat #8 is the button
Seat 1: cmcg15 (9932 in chips, $4.90 bounty) 
Seat 2: Vaidruckis (10398 in chips, $4.90 bounty) 
Seat 3: Mahu2021 (9972 in chips, $4.90 bounty) 
Seat 4: Addictedtoweed (9335 in chips, $4.90 bounty) 
Seat 5: cookie3678 (10284 in chips, $4.90 bounty) 
Seat 6: LifeUpstreak (10871 in chips, $7.35 bounty) 
Seat 7: miimmoo (9624 in chips, $4.90 bounty) 
Seat 8: jimmygcfc (10257 in chips, $4.90 bounty) 
cmcg15: posts the ante 8
Vaidruckis: posts the ante 8
Mahu2021: posts the ante 8
Addictedtoweed: posts the ante 8
cookie3678: posts the ante 8
LifeUpstreak: posts the ante 8
miimmoo: posts the ante 8
jimmygcfc: posts the ante 8
cmcg15: posts small blind 30
Vaidruckis: posts big blind 60
*** HOLE CARDS ***
Dealt to Mahu2021 [8s 4h]
Mahu2021: folds 
Addictedtoweed has timed out
Addictedtoweed: folds 
Addictedtoweed is sitting out
Addictedtoweed has returned
cookie3678: calls 60
LifeUpstreak: folds 
miimmoo: folds 
jimmygcfc: folds 
cmcg15: calls 30
Vaidruckis: checks 
*** FLOP *** [3d Ad 6s]
cmcg15: checks 
Vaidruckis: checks 
cookie3678: checks 
*** TURN *** [3d Ad 6s] [Kc]
cmcg15: checks 
Vaidruckis: checks 
cookie3678: bets 180
cmcg15: folds 
Vaidruckis: calls 180
*** RIVER *** [3d Ad 6s Kc] [7c]
Vaidruckis: checks 
cookie3678: bets 604
Vaidruckis: folds 
Uncalled bet (604) returned to cookie3678
cookie3678 collected 604 from pot
cookie3678: doesn't show hand 
*** SUMMARY ***
Total pot 604 | Rake 0 
Board [3d Ad 6s Kc 7c]
Seat 1: cmcg15 (small blind) folded on the Turn
Seat 2: Vaidruckis (big blind) folded on the River
Seat 3: Mahu2021 folded before Flop (didn't bet)
Seat 4: Addictedtoweed folded before Flop (didn't bet)
Seat 5: cookie3678 collected (604)
Seat 6: LifeUpstreak folded before Flop (didn't bet)
Seat 7: miimmoo folded before Flop (didn't bet)
Seat 8: jimmygcfc (button) folded before Flop (didn't bet)



PokerStars Hand #255719669501: Tournament #3875822987, $4.90+$4.90+$1.20 USD Hold'em No Limit - Level II (30/60) - 2025/04/13 20:13:28 CET [2025/04/13 14:13:28 ET]
Table '3875822987 68' 8-max Seat #1 is the button
Seat 1: cmcg15 (9864 in chips, $4.90 bounty) 
Seat 2: Vaidruckis (10150 in chips, $4.90 bounty) 
Seat 3: Mahu2021 (9964 in chips, $4.90 bounty) 
Seat 4: Addictedtoweed (9327 in chips, $4.90 bounty) 
Seat 5: cookie3678 (10640 in chips, $4.90 bounty) 
Seat 6: LifeUpstreak (10863 in chips, $7.35 bounty) 
Seat 7: miimmoo (9616 in chips, $4.90 bounty) 
Seat 8: jimmygcfc (10249 in chips, $4.90 bounty) 
cmcg15: posts the ante 8
Vaidruckis: posts the ante 8
Mahu2021: posts the ante 8
Addictedtoweed: posts the ante 8
cookie3678: posts the ante 8
LifeUpstreak: posts the ante 8
miimmoo: posts the ante 8
jimmygcfc: posts the ante 8
Vaidruckis: posts small blind 30
Mahu2021: posts big blind 60
*** HOLE CARDS ***
Dealt to Mahu2021 [Ah 7d]
Addictedtoweed has timed out
Addictedtoweed: folds 
Addictedtoweed is sitting out
cookie3678: calls 60
LifeUpstreak: folds 
miimmoo: folds 
jimmygcfc: folds 
cmcg15: folds 
Vaidruckis: calls 30
Mahu2021: checks 
*** FLOP *** [3c As 8c]
Vaidruckis: checks 
Mahu2021: bets 180
cookie3678: calls 180
Vaidruckis: folds 
*** TURN *** [3c As 8c] [Qs]
Mahu2021: bets 180
cookie3678: calls 180
*** RIVER *** [3c As 8c Qs] [Ac]
Mahu2021: bets 964
cookie3678: folds 
Uncalled bet (964) returned to Mahu2021
Mahu2021 collected 964 from pot
Mahu2021: doesn't show hand 
*** SUMMARY ***
Total pot 964 | Rake 0 
Board [3c As 8c Qs Ac]
Seat 1: cmcg15 (button) folded before Flop (didn't bet)
Seat 2: Vaidruckis (small blind) folded on the Flop
Seat 3: Mahu2021 (big blind) collected (964)
Seat 4: Addictedtoweed folded before Flop (didn't bet)
Seat 5: cookie3678 folded on the River
Seat 6: LifeUpstreak folded before Flop (didn't bet)
Seat 7: miimmoo folded before Flop (didn't bet)
Seat 8: jimmygcfc folded before Flop (didn't bet)



PokerStars Hand #255719688091: Tournament #3875822987, $4.90+$4.90+$1.20 USD Hold'em No Limit - Level II (30/60) - 2025/04/13 20:14:30 CET [2025/04/13 14:14:30 ET]
Table '3875822987 68' 8-max Seat #2 is the button
Seat 1: cmcg15 (9856 in chips, $4.90 bounty) 
Seat 2: Vaidruckis (10082 in chips, $4.90 bounty) 
Seat 3: Mahu2021 (10500 in chips, $4.90 bounty) 
Seat 5: cookie3678 (10212 in chips, $4.90 bounty) 
Seat 6: LifeUpstreak (10855 in chips, $7.35 bounty) 
Seat 7: miimmoo (9608 in chips, $4.90 bounty) 
Seat 8: jimmygcfc (10241 in chips, $4.90 bounty) 
cmcg15: posts the ante 8
Vaidruckis: posts the ante 8
Mahu2021: posts the ante 8
cookie3678: posts the ante 8
LifeUpstreak: posts the ante 8
miimmoo: posts the ante 8
jimmygcfc: posts the ante 8
Mahu2021: posts small blind 30
cookie3678: posts big blind 60
*** HOLE CARDS ***
Dealt to Mahu2021 [Ad 4d]
LifeUpstreak: folds 
miimmoo: folds 
S_towler is disconnected 
jimmygcfc: raises 60 to 120
cmcg15: folds 
Vaidruckis: calls 120
Mahu2021: calls 90
cookie3678: calls 60
*** FLOP *** [4h 8s 7c]
Mahu2021: checks 
cookie3678: checks 
jimmygcfc: checks 
Vaidruckis: checks 
*** TURN *** [4h 8s 7c] [4s]
Mahu2021: bets 180
cookie3678: calls 180
jimmygcfc: calls 180
Vaidruckis: folds 
*** RIVER *** [4h 8s 7c 4s] [Kh]
Mahu2021: bets 1076
cookie3678: folds 
jimmygcfc: folds 
Uncalled bet (1076) returned to Mahu2021
Mahu2021 collected 1076 from pot
Mahu2021: doesn't show hand 
*** SUMMARY ***
Total pot 1076 | Rake 0 
Board [4h 8s 7c 4s Kh]
Seat 1: cmcg15 folded before Flop (didn't bet)
Seat 2: Vaidruckis (button) folded on the Turn
Seat 3: Mahu2021 (small blind) collected (1076)
Seat 5: cookie3678 (big blind) folded on the River
Seat 6: LifeUpstreak folded before Flop (didn't bet)
Seat 7: miimmoo folded before Flop (didn't bet)
Seat 8: jimmygcfc folded on the River



PokerStars Hand #255719701259: Tournament #3875822987, $4.90+$4.90+$1.20 USD Hold'em No Limit - Level II (30/60) - 2025/04/13 20:15:13 CET [2025/04/13 14:15:13 ET]
Table '3875822987 68' 8-max Seat #3 is the button
Seat 1: cmcg15 (9848 in chips, $4.90 bounty) 
Seat 2: Vaidruckis (9954 in chips, $4.90 bounty) 
Seat 3: Mahu2021 (11268 in chips, $4.90 bounty) 
Seat 4: S_towler (10000 in chips) out of hand (moved from another table into small blind)
Seat 5: cookie3678 (9904 in chips, $4.90 bounty) 
Seat 6: LifeUpstreak (10847 in chips, $7.35 bounty) 
Seat 7: miimmoo (9600 in chips, $4.90 bounty) 
Seat 8: jimmygcfc (9933 in chips, $4.90 bounty) 
S_towler will be allowed to play after the button
cmcg15: posts the ante 8
Vaidruckis: posts the ante 8
Mahu2021: posts the ante 8
cookie3678: posts the ante 8
LifeUpstreak: posts the ante 8
miimmoo: posts the ante 8
jimmygcfc: posts the ante 8
cookie3678: posts small blind 30
LifeUpstreak: posts big blind 60
*** HOLE CARDS ***
Dealt to Mahu2021 [3c 4s]
miimmoo: folds 
jimmygcfc: folds 
cmcg15: folds 
Vaidruckis: raises 180 to 240
Mahu2021: folds 
cookie3678: folds 
LifeUpstreak: calls 180
*** FLOP *** [Qh 9s 5c]
LifeUpstreak: checks 
Vaidruckis: bets 300
LifeUpstreak: calls 300
*** TURN *** [Qh 9s 5c] [Qd]
LifeUpstreak: checks 
Vaidruckis: bets 600
LifeUpstreak: folds 
Uncalled bet (600) returned to Vaidruckis
Vaidruckis collected 1166 from pot
Vaidruckis: doesn't show hand 
*** SUMMARY ***
Total pot 1166 | Rake 0 
Board [Qh 9s 5c Qd]
Seat 1: cmcg15 folded before Flop (didn't bet)
Seat 2: Vaidruckis collected (1166)
Seat 3: Mahu2021 (button) folded before Flop (didn't bet)
Seat 5: cookie3678 (small blind) folded before Flop
Seat 6: LifeUpstreak (big blind) folded on the Turn
Seat 7: miimmoo folded before Flop (didn't bet)
Seat 8: jimmygcfc folded before Flop (didn't bet)



PokerStars Hand #255719714818: Tournament #3875822987, $4.90+$4.90+$1.20 USD Hold'em No Limit - Level II (30/60) - 2025/04/13 20:15:57 CET [2025/04/13 14:15:57 ET]
Table '3875822987 68' 8-max Seat #5 is the button
Seat 1: cmcg15 (9840 in chips, $4.90 bounty) 
Seat 2: Vaidruckis (10572 in chips, $4.90 bounty) 
Seat 3: Mahu2021 (11260 in chips, $4.90 bounty) 
Seat 4: S_towler (10000 in chips, $4.90 bounty) 
Seat 5: cookie3678 (9866 in chips, $4.90 bounty) 
Seat 6: LifeUpstreak (10299 in chips, $7.35 bounty) 
Seat 7: miimmoo (9592 in chips, $4.90 bounty) 
Seat 8: jimmygcfc (9925 in chips, $4.90 bounty) 
cmcg15: posts the ante 8
Vaidruckis: posts the ante 8
Mahu2021: posts the ante 8
S_towler: posts the ante 8
cookie3678: posts the ante 8
LifeUpstreak: posts the ante 8
miimmoo: posts the ante 8
jimmygcfc: posts the ante 8
LifeUpstreak: posts small blind 30
miimmoo: posts big blind 60
*** HOLE CARDS ***
Dealt to Mahu2021 [Qd 5d]
jimmygcfc: folds 
cmcg15: folds 
Vaidruckis: folds 
Mahu2021: folds 
S_towler: folds 
cookie3678: raises 120 to 180
LifeUpstreak: folds 
miimmoo: calls 120
*** FLOP *** [8s Ks Qs]
miimmoo: checks 
cookie3678: bets 227
miimmoo: calls 227
*** TURN *** [8s Ks Qs] [9s]
miimmoo: checks 
cookie3678: checks 
*** RIVER *** [8s Ks Qs 9s] [7h]
miimmoo: bets 60
cookie3678: calls 60
*** SHOW DOWN ***
miimmoo: shows [5c 5s] (a flush, King high)
cookie3678: mucks hand 
miimmoo collected 1028 from pot
*** SUMMARY ***
Total pot 1028 | Rake 0 
Board [8s Ks Qs 9s 7h]
Seat 1: cmcg15 folded before Flop (didn't bet)
Seat 2: Vaidruckis folded before Flop (didn't bet)
Seat 3: Mahu2021 folded before Flop (didn't bet)
Seat 4: S_towler folded before Flop (didn't bet)
Seat 5: cookie3678 (button) mucked [Jh Qc]
Seat 6: LifeUpstreak (small blind) folded before Flop
Seat 7: miimmoo (big blind) showed [5c 5s] and won (1028) with a flush, King high
Seat 8: jimmygcfc folded before Flop (didn't bet)



PokerStars Hand #255719729055: Tournament #3875822987, $4.90+$4.90+$1.20 USD Hold'em No Limit - Level II (30/60) - 2025/04/13 20:16:43 CET [2025/04/13 14:16:43 ET]
Table '3875822987 68' 8-max Seat #6 is the button
Seat 1: cmcg15 (9832 in chips, $4.90 bounty) 
Seat 2: Vaidruckis (10564 in chips, $4.90 bounty) 
Seat 3: Mahu2021 (11252 in chips, $4.90 bounty) 
Seat 4: S_towler (9992 in chips, $4.90 bounty) 
Seat 5: cookie3678 (9391 in chips, $4.90 bounty) 
Seat 6: LifeUpstreak (10261 in chips, $7.35 bounty) 
Seat 7: miimmoo (10145 in chips, $4.90 bounty) 
Seat 8: jimmygcfc (9917 in chips, $4.90 bounty) 
cmcg15: posts the ante 8
Vaidruckis: posts the ante 8
Mahu2021: posts the ante 8
S_towler: posts the ante 8
cookie3678: posts the ante 8
LifeUpstreak: posts the ante 8
miimmoo: posts the ante 8
jimmygcfc: posts the ante 8
miimmoo: posts small blind 30
jimmygcfc: posts big blind 60
*** HOLE CARDS ***
Dealt to Mahu2021 [Jh 2h]
cmcg15: folds 
Vaidruckis: calls 60
Mahu2021: folds 
S_towler: folds 
cookie3678: calls 60
LifeUpstreak: folds 
miimmoo: calls 30
jimmygcfc: checks 
*** FLOP *** [Ks Qh Jd]
miimmoo: checks 
jimmygcfc: checks 
Vaidruckis: bets 120
cookie3678: calls 120
miimmoo: calls 120
jimmygcfc: raises 300 to 420
Vaidruckis: folds 
cookie3678: calls 300
miimmoo: folds 
*** TURN *** [Ks Qh Jd] [7h]
jimmygcfc: bets 840
cookie3678: calls 840
*** RIVER *** [Ks Qh Jd 7h] [4s]
jimmygcfc: bets 8529
cookie3678: folds 
Uncalled bet (8529) returned to jimmygcfc
jimmygcfc collected 3064 from pot
jimmygcfc: doesn't show hand 
*** SUMMARY ***
Total pot 3064 | Rake 0 
Board [Ks Qh Jd 7h 4s]
Seat 1: cmcg15 folded before Flop (didn't bet)
Seat 2: Vaidruckis folded on the Flop
Seat 3: Mahu2021 folded before Flop (didn't bet)
Seat 4: S_towler folded before Flop (didn't bet)
Seat 5: cookie3678 folded on the River
Seat 6: LifeUpstreak (button) folded before Flop (didn't bet)
Seat 7: miimmoo (small blind) folded on the Flop
Seat 8: jimmygcfc (big blind) collected (3064)



PokerStars Hand #255719755324: Tournament #3875822987, $4.90+$4.90+$1.20 USD Hold'em No Limit - Level II (30/60) - 2025/04/13 20:18:08 CET [2025/04/13 14:18:08 ET]
Table '3875822987 68' 8-max Seat #7 is the button
Seat 1: cmcg15 (9824 in chips, $4.90 bounty) 
Seat 2: Vaidruckis (10376 in chips, $4.90 bounty) 
Seat 3: Mahu2021 (11244 in chips, $4.90 bounty) 
Seat 4: S_towler (9984 in chips, $4.90 bounty) 
Seat 5: cookie3678 (8063 in chips, $4.90 bounty) 
Seat 6: LifeUpstreak (10253 in chips, $7.35 bounty) 
Seat 7: miimmoo (9957 in chips, $4.90 bounty) 
Seat 8: jimmygcfc (11653 in chips, $4.90 bounty) 
cmcg15: posts the ante 8
Vaidruckis: posts the ante 8
Mahu2021: posts the ante 8
S_towler: posts the ante 8
cookie3678: posts the ante 8
LifeUpstreak: posts the ante 8
miimmoo: posts the ante 8
jimmygcfc: posts the ante 8
jimmygcfc: posts small blind 30
cmcg15: posts big blind 60
*** HOLE CARDS ***
Dealt to Mahu2021 [9d Qd]
Vaidruckis: calls 60
Mahu2021: folds 
S_towler: folds 
cookie3678: folds 
LifeUpstreak: raises 150 to 210
miimmoo: folds 
jimmygcfc: folds 
cmcg15: calls 150
Vaidruckis: calls 150
*** FLOP *** [8s 2c Jc]
cmcg15: checks 
Vaidruckis: checks 
LifeUpstreak: bets 239
cmcg15: folds 
Vaidruckis: calls 239
*** TURN *** [8s 2c Jc] [7s]
Vaidruckis: checks 
LifeUpstreak: bets 577
Vaidruckis: calls 577
*** RIVER *** [8s 2c Jc 7s] [Jh]
Vaidruckis: checks 
LifeUpstreak: bets 1920
Vaidruckis: folds 
Uncalled bet (1920) returned to LifeUpstreak
LifeUpstreak collected 2356 from pot
LifeUpstreak: doesn't show hand 
*** SUMMARY ***
Total pot 2356 | Rake 0 
Board [8s 2c Jc 7s Jh]
Seat 1: cmcg15 (big blind) folded on the Flop
Seat 2: Vaidruckis folded on the River
Seat 3: Mahu2021 folded before Flop (didn't bet)
Seat 4: S_towler folded before Flop (didn't bet)
Seat 5: cookie3678 folded before Flop (didn't bet)
Seat 6: LifeUpstreak collected (2356)
Seat 7: miimmoo (button) folded before Flop (didn't bet)
Seat 8: jimmygcfc (small blind) folded before Flop



PokerStars Hand #255719778319: Tournament #3875822987, $4.90+$4.90+$1.20 USD Hold'em No Limit - Level II (30/60) - 2025/04/13 20:19:21 CET [2025/04/13 14:19:21 ET]
Table '3875822987 68' 8-max Seat #8 is the button
Seat 1: cmcg15 (9606 in chips, $4.90 bounty) 
Seat 2: Vaidruckis (9342 in chips, $4.90 bounty) 
Seat 3: Mahu2021 (11236 in chips, $4.90 bounty) 
Seat 4: S_towler (9976 in chips, $4.90 bounty) 
Seat 5: cookie3678 (8055 in chips, $4.90 bounty) 
Seat 6: LifeUpstreak (11575 in chips, $7.35 bounty) 
Seat 7: miimmoo (9949 in chips, $4.90 bounty) 
Seat 8: jimmygcfc (11615 in chips, $4.90 bounty) 
cmcg15: posts the ante 8
Vaidruckis: posts the ante 8
Mahu2021: posts the ante 8
S_towler: posts the ante 8
cookie3678: posts the ante 8
LifeUpstreak: posts the ante 8
miimmoo: posts the ante 8
jimmygcfc: posts the ante 8
cmcg15: posts small blind 30
Vaidruckis: posts big blind 60
*** HOLE CARDS ***
Dealt to Mahu2021 [Jc As]
Mahu2021: folds 
S_towler: raises 60 to 120
cookie3678: folds 
LifeUpstreak: folds 
miimmoo: folds 
jimmygcfc: folds 
cmcg15: folds 
Vaidruckis: calls 60
*** FLOP *** [5d Ad 3c]
Vaidruckis: checks 
S_towler: bets 120
Vaidruckis: calls 120
*** TURN *** [5d Ad 3c] [Kd]
Vaidruckis: checks 
S_towler: bets 287
Vaidruckis: folds 
Uncalled bet (287) returned to S_towler
S_towler collected 574 from pot
S_towler: doesn't show hand 
*** SUMMARY ***
Total pot 574 | Rake 0 
Board [5d Ad 3c Kd]
Seat 1: cmcg15 (small blind) folded before Flop
Seat 2: Vaidruckis (big blind) folded on the Turn
Seat 3: Mahu2021 folded before Flop (didn't bet)
Seat 4: S_towler collected (574)
Seat 5: cookie3678 folded before Flop (didn't bet)
Seat 6: LifeUpstreak folded before Flop (didn't bet)
Seat 7: miimmoo folded before Flop (didn't bet)
Seat 8: jimmygcfc (button) folded before Flop (didn't bet)



PokerStars Hand #255719789701: Tournament #3875822987, $4.90+$4.90+$1.20 USD Hold'em No Limit - Level II (30/60) - 2025/04/13 20:19:57 CET [2025/04/13 14:19:57 ET]
Table '3875822987 911' 8-max Seat #1 is the button
Seat 1: Haluk74 (13619 in chips, $4.90 bounty) 
Seat 2: pankos1986 (12238 in chips, $4.90 bounty) 
Seat 3: Mahu2021 (11228 in chips, $4.90 bounty) 
Seat 4: papirosa7 (10000 in chips, $4.90 bounty) 
Seat 5: jvsaid (7972 in chips, $4.90 bounty) 
Seat 8: vembrinquedo (10000 in chips, $4.90 bounty) 
Haluk74: posts the ante 8
pankos1986: posts the ante 8
Mahu2021: posts the ante 8
papirosa7: posts the ante 8
jvsaid: posts the ante 8
vembrinquedo: posts the ante 8
pankos1986: posts small blind 30
Mahu2021: posts big blind 60
*** HOLE CARDS ***
Dealt to Mahu2021 [Ac 5h]
RainDropsOnYou is disconnected 
jvsaid is disconnected 
papirosa7 is disconnected 
vembrinquedo is disconnected 
papirosa7 is connected 
papirosa7: folds 
jvsaid: folds 
vembrinquedo: folds 
Haluk74: calls 60
pankos1986: calls 30
Mahu2021: checks 
*** FLOP *** [3d Td Jc]
pankos1986: checks 
Mahu2021: checks 
Haluk74: bets 114
pankos1986: calls 114
Mahu2021: folds 
*** TURN *** [3d Td Jc] [Ks]
pankos1986: checks 
Haluk74: bets 228
pankos1986: calls 228
*** RIVER *** [3d Td Jc Ks] [Th]
pankos1986: checks 
Haluk74: bets 456
pankos1986: raises 804 to 1260
Haluk74: folds 
Uncalled bet (804) returned to pankos1986
pankos1986 collected 1824 from pot
pankos1986: doesn't show hand 
*** SUMMARY ***
Total pot 1824 | Rake 0 
Board [3d Td Jc Ks Th]
Seat 1: Haluk74 (button) folded on the River
Seat 2: pankos1986 (small blind) collected (1824)
Seat 3: Mahu2021 (big blind) folded on the Flop
Seat 4: papirosa7 folded before Flop (didn't bet)
Seat 5: jvsaid folded before Flop (didn't bet)
Seat 8: vembrinquedo folded before Flop (didn't bet)



PokerStars Hand #255719811659: Tournament #3875822987, $4.90+$4.90+$1.20 USD Hold'em No Limit - Level III (40/80) - 2025/04/13 20:21:08 CET [2025/04/13 14:21:08 ET]
Table '3875822987 911' 8-max Seat #2 is the button
Seat 1: Haluk74 (12753 in chips, $4.90 bounty) 
Seat 2: pankos1986 (13196 in chips, $4.90 bounty) 
Seat 3: Mahu2021 (11160 in chips, $4.90 bounty) 
Seat 4: burbulka (10000 in chips, $4.90 bounty) 
Seat 5: jvsaid (7964 in chips, $4.90 bounty) 
Seat 6: RainDropsOnYou (10579 in chips, $4.90 bounty) 
Seat 7: gnolynot (10000 in chips, $4.90 bounty) 
Seat 8: vembrinquedo (9992 in chips, $4.90 bounty) 
Haluk74: posts the ante 10
pankos1986: posts the ante 10
Mahu2021: posts the ante 10
burbulka: posts the ante 10
jvsaid: posts the ante 10
RainDropsOnYou: posts the ante 10
gnolynot: posts the ante 10
vembrinquedo: posts the ante 10
Mahu2021: posts small blind 40
burbulka: posts big blind 80
*** HOLE CARDS ***
Dealt to Mahu2021 [6s 2c]
jvsaid: folds 
RainDropsOnYou: raises 80 to 160
gnolynot: folds 
vembrinquedo: folds 
Haluk74: folds 
pankos1986: raises 224 to 384
Mahu2021: folds 
burbulka: folds 
RainDropsOnYou: calls 224
*** FLOP *** [9c 3h 6d]
RainDropsOnYou: checks 
pankos1986: checks 
*** TURN *** [9c 3h 6d] [Kh]
RainDropsOnYou: checks 
pankos1986: bets 657
RainDropsOnYou: folds 
Uncalled bet (657) returned to pankos1986
pankos1986 collected 968 from pot
pankos1986: doesn't show hand 
*** SUMMARY ***
Total pot 968 | Rake 0 
Board [9c 3h 6d Kh]
Seat 1: Haluk74 folded before Flop (didn't bet)
Seat 2: pankos1986 (button) collected (968)
Seat 3: Mahu2021 (small blind) folded before Flop
Seat 4: burbulka (big blind) folded before Flop
Seat 5: jvsaid folded before Flop (didn't bet)
Seat 6: RainDropsOnYou folded on the Turn
Seat 7: gnolynot folded before Flop (didn't bet)
Seat 8: vembrinquedo folded before Flop (didn't bet)



PokerStars Hand #255719832664: Tournament #3875822987, $4.90+$4.90+$1.20 USD Hold'em No Limit - Level III (40/80) - 2025/04/13 20:22:17 CET [2025/04/13 14:22:17 ET]
Table '3875822987 911' 8-max Seat #3 is the button
Seat 1: Haluk74 (12743 in chips, $4.90 bounty) 
Seat 2: pankos1986 (13770 in chips, $4.90 bounty) 
Seat 3: Mahu2021 (11110 in chips, $4.90 bounty) 
Seat 4: burbulka (9910 in chips, $4.90 bounty) 
Seat 5: jvsaid (7954 in chips, $4.90 bounty) 
Seat 6: RainDropsOnYou (10185 in chips, $4.90 bounty) 
Seat 7: gnolynot (9990 in chips, $4.90 bounty) 
Seat 8: vembrinquedo (9982 in chips, $4.90 bounty) 
Haluk74: posts the ante 10
pankos1986: posts the ante 10
Mahu2021: posts the ante 10
burbulka: posts the ante 10
jvsaid: posts the ante 10
RainDropsOnYou: posts the ante 10
gnolynot: posts the ante 10
vembrinquedo: posts the ante 10
burbulka: posts small blind 40
jvsaid: posts big blind 80
*** HOLE CARDS ***
Dealt to Mahu2021 [5s 9c]
RainDropsOnYou: folds 
gnolynot: raises 80 to 160
vembrinquedo: folds 
Haluk74: folds 
pankos1986: folds 
Mahu2021: folds 
burbulka: calls 120
jvsaid: calls 80
*** FLOP *** [Jc Ah 8h]
burbulka: checks 
jvsaid: checks 
gnolynot: bets 280
burbulka: calls 280
jvsaid: folds 
*** TURN *** [Jc Ah 8h] [Jd]
burbulka: checks 
gnolynot: bets 560
burbulka: calls 560
*** RIVER *** [Jc Ah 8h Jd] [5d]
burbulka: checks 
gnolynot: bets 1120
burbulka: folds 
Uncalled bet (1120) returned to gnolynot
gnolynot collected 2240 from pot
*** SUMMARY ***
Total pot 2240 | Rake 0 
Board [Jc Ah 8h Jd 5d]
Seat 1: Haluk74 folded before Flop (didn't bet)
Seat 2: pankos1986 folded before Flop (didn't bet)
Seat 3: Mahu2021 (button) folded before Flop (didn't bet)
Seat 4: burbulka (small blind) folded on the River
Seat 5: jvsaid (big blind) folded on the Flop
Seat 6: RainDropsOnYou folded before Flop (didn't bet)
Seat 7: gnolynot collected (2240)
Seat 8: vembrinquedo folded before Flop (didn't bet)



PokerStars Hand #255719849532: Tournament #3875822987, $4.90+$4.90+$1.20 USD Hold'em No Limit - Level III (40/80) - 2025/04/13 20:23:11 CET [2025/04/13 14:23:11 ET]
Table '3875822987 911' 8-max Seat #4 is the button
Seat 1: Haluk74 (12733 in chips, $4.90 bounty) 
Seat 2: pankos1986 (13760 in chips, $4.90 bounty) 
Seat 3: Mahu2021 (11100 in chips, $4.90 bounty) 
Seat 4: burbulka (8900 in chips, $4.90 bounty) 
Seat 5: jvsaid (7784 in chips, $4.90 bounty) 
Seat 6: RainDropsOnYou (10175 in chips, $4.90 bounty) 
Seat 7: gnolynot (11220 in chips, $4.90 bounty) 
Seat 8: vembrinquedo (9972 in chips, $4.90 bounty) 
Haluk74: posts the ante 10
pankos1986: posts the ante 10
Mahu2021: posts the ante 10
burbulka: posts the ante 10
jvsaid: posts the ante 10
RainDropsOnYou: posts the ante 10
gnolynot: posts the ante 10
vembrinquedo: posts the ante 10
jvsaid: posts small blind 40
RainDropsOnYou: posts big blind 80
*** HOLE CARDS ***
Dealt to Mahu2021 [Jh Jc]
gnolynot: folds 
vembrinquedo: folds 
Haluk74: calls 80
pankos1986: folds 
Mahu2021: raises 800 to 880
burbulka: folds 
jvsaid: folds 
RainDropsOnYou: folds 
Haluk74: calls 800
*** FLOP *** [5c 6d 8h]
Haluk74: checks 
Mahu2021: bets 1960
Haluk74: folds 
Uncalled bet (1960) returned to Mahu2021
Mahu2021 collected 1960 from pot
Mahu2021: doesn't show hand 
*** SUMMARY ***
Total pot 1960 | Rake 0 
Board [5c 6d 8h]
Seat 1: Haluk74 folded on the Flop
Seat 2: pankos1986 folded before Flop (didn't bet)
Seat 3: Mahu2021 collected (1960)
Seat 4: burbulka (button) folded before Flop (didn't bet)
Seat 5: jvsaid (small blind) folded before Flop
Seat 6: RainDropsOnYou (big blind) folded before Flop
Seat 7: gnolynot folded before Flop (didn't bet)
Seat 8: vembrinquedo folded before Flop (didn't bet)



PokerStars Hand #255719862412: Tournament #3875822987, $4.90+$4.90+$1.20 USD Hold'em No Limit - Level III (40/80) - 2025/04/13 20:23:53 CET [2025/04/13 14:23:53 ET]
Table '3875822987 911' 8-max Seat #5 is the button
Seat 1: Haluk74 (11843 in chips, $4.90 bounty) 
Seat 2: pankos1986 (13750 in chips, $4.90 bounty) 
Seat 3: Mahu2021 (12170 in chips, $4.90 bounty) 
Seat 4: burbulka (8890 in chips, $4.90 bounty) 
Seat 5: jvsaid (7734 in chips, $4.90 bounty) 
Seat 6: RainDropsOnYou (10085 in chips, $4.90 bounty) 
Seat 7: gnolynot (11210 in chips, $4.90 bounty) 
Seat 8: vembrinquedo (9962 in chips, $4.90 bounty) 
Haluk74: posts the ante 10
pankos1986: posts the ante 10
Mahu2021: posts the ante 10
burbulka: posts the ante 10
jvsaid: posts the ante 10
RainDropsOnYou: posts the ante 10
gnolynot: posts the ante 10
vembrinquedo: posts the ante 10
RainDropsOnYou: posts small blind 40
gnolynot: posts big blind 80
*** HOLE CARDS ***
Dealt to Mahu2021 [2s 7d]
vembrinquedo: folds 
Haluk74: calls 80
pankos1986: calls 80
Mahu2021: folds 
burbulka: folds 
jvsaid: raises 240 to 320
RainDropsOnYou: folds 
gnolynot: folds 
Haluk74: calls 240
pankos1986: folds 
*** FLOP *** [Ad 6d 4d]
Haluk74: checks 
jvsaid: bets 230
Haluk74: calls 230
*** TURN *** [Ad 6d 4d] [7s]
Haluk74: checks 
jvsaid: bets 828
Haluk74: calls 828
*** RIVER *** [Ad 6d 4d 7s] [5s]
Haluk74: bets 2320
jvsaid: calls 2320
*** SHOW DOWN ***
Haluk74: shows [Jh Td] (high card Ace)
jvsaid: shows [6c Ac] (two pair, Aces and Sixes)
jvsaid collected 7676 from pot
*** SUMMARY ***
Total pot 7676 | Rake 0 
Board [Ad 6d 4d 7s 5s]
Seat 1: Haluk74 showed [Jh Td] and lost with high card Ace
Seat 2: pankos1986 folded before Flop
Seat 3: Mahu2021 folded before Flop (didn't bet)
Seat 4: burbulka folded before Flop (didn't bet)
Seat 5: jvsaid (button) showed [6c Ac] and won (7676) with two pair, Aces and Sixes
Seat 6: RainDropsOnYou (small blind) folded before Flop
Seat 7: gnolynot (big blind) folded before Flop
Seat 8: vembrinquedo folded before Flop (didn't bet)



PokerStars Hand #255719901019: Tournament #3875822987, $4.90+$4.90+$1.20 USD Hold'em No Limit - Level III (40/80) - 2025/04/13 20:25:59 CET [2025/04/13 14:25:59 ET]
Table '3875822987 911' 8-max Seat #6 is the button
Seat 1: Haluk74 (8135 in chips, $4.90 bounty) 
Seat 2: pankos1986 (13660 in chips, $4.90 bounty) 
Seat 3: Mahu2021 (12160 in chips, $4.90 bounty) 
Seat 4: burbulka (8880 in chips, $4.90 bounty) 
Seat 5: jvsaid (11702 in chips, $4.90 bounty) 
Seat 6: RainDropsOnYou (10035 in chips, $4.90 bounty) 
Seat 7: gnolynot (11120 in chips, $4.90 bounty) 
Seat 8: vembrinquedo (9952 in chips, $4.90 bounty) 
Haluk74: posts the ante 10
pankos1986: posts the ante 10
Mahu2021: posts the ante 10
burbulka: posts the ante 10
jvsaid: posts the ante 10
RainDropsOnYou: posts the ante 10
gnolynot: posts the ante 10
vembrinquedo: posts the ante 10
gnolynot: posts small blind 40
vembrinquedo: posts big blind 80
*** HOLE CARDS ***
Dealt to Mahu2021 [Tc 7c]
Haluk74: folds 
pankos1986: folds 
Mahu2021: folds 
burbulka: raises 80 to 160
jvsaid: folds 
RainDropsOnYou: calls 160
gnolynot: raises 640 to 800
vembrinquedo: folds 
burbulka: calls 640
RainDropsOnYou: folds 
*** FLOP *** [4c 8s 5c]
gnolynot: bets 1920
burbulka: calls 1920
*** TURN *** [4c 8s 5c] [Th]
gnolynot: bets 8390 and is all-in
burbulka: calls 6150 and is all-in
Uncalled bet (2240) returned to gnolynot
*** RIVER *** [4c 8s 5c Th] [5h]
*** SHOW DOWN ***
gnolynot: shows [Qc Qh] (two pair, Queens and Fives)
burbulka: shows [8c Ad] (two pair, Eights and Fives)
gnolynot collected 18060 from pot
gnolynot wins $2.45 for eliminating burbulka and their own bounty increases by $2.45 to $7.35
burbulka finished the tournament
*** SUMMARY ***
Total pot 18060 | Rake 0 
Board [4c 8s 5c Th 5h]
Seat 1: Haluk74 folded before Flop (didn't bet)
Seat 2: pankos1986 folded before Flop (didn't bet)
Seat 3: Mahu2021 folded before Flop (didn't bet)
Seat 4: burbulka showed [8c Ad] and lost with two pair, Eights and Fives
Seat 5: jvsaid folded before Flop (didn't bet)
Seat 6: RainDropsOnYou (button) folded before Flop
Seat 7: gnolynot (small blind) showed [Qc Qh] and won (18060) with two pair, Queens and Fives
Seat 8: vembrinquedo (big blind) folded before Flop



PokerStars Hand #255719919042: Tournament #3875822987, $4.90+$4.90+$1.20 USD Hold'em No Limit - Level III (40/80) - 2025/04/13 20:26:58 CET [2025/04/13 14:26:58 ET]
Table '3875822987 911' 8-max Seat #7 is the button
Seat 1: Haluk74 (8125 in chips, $4.90 bounty) 
Seat 2: pankos1986 (13650 in chips, $4.90 bounty) 
Seat 3: Mahu2021 (12150 in chips, $4.90 bounty) 
Seat 5: jvsaid (11692 in chips, $4.90 bounty) 
Seat 6: RainDropsOnYou (9865 in chips, $4.90 bounty) 
Seat 7: gnolynot (20300 in chips, $7.35 bounty) 
Seat 8: vembrinquedo (9862 in chips, $4.90 bounty) 
Haluk74: posts the ante 10
pankos1986: posts the ante 10
Mahu2021: posts the ante 10
jvsaid: posts the ante 10
RainDropsOnYou: posts the ante 10
gnolynot: posts the ante 10
vembrinquedo: posts the ante 10
vembrinquedo: posts small blind 40
Haluk74: posts big blind 80
*** HOLE CARDS ***
Dealt to Mahu2021 [7h 6h]
lukeaces1 is disconnected 
pankos1986: folds 
Mahu2021: folds 
jvsaid: raises 96 to 176
RainDropsOnYou: folds 
gnolynot: folds 
vembrinquedo: folds 
Haluk74: calls 96
*** FLOP *** [Kh Ts Tc]
Haluk74: checks 
jvsaid: bets 116
Haluk74: calls 116
*** TURN *** [Kh Ts Tc] [Jc]
Haluk74: checks 
jvsaid: checks 
*** RIVER *** [Kh Ts Tc Jc] [9d]
Haluk74: bets 80
jvsaid: folds 
Uncalled bet (80) returned to Haluk74
Haluk74 collected 694 from pot
Haluk74: doesn't show hand 
*** SUMMARY ***
Total pot 694 | Rake 0 
Board [Kh Ts Tc Jc 9d]
Seat 1: Haluk74 (big blind) collected (694)
Seat 2: pankos1986 folded before Flop (didn't bet)
Seat 3: Mahu2021 folded before Flop (didn't bet)
Seat 5: jvsaid folded on the River
Seat 6: RainDropsOnYou folded before Flop (didn't bet)
Seat 7: gnolynot (button) folded before Flop (didn't bet)
Seat 8: vembrinquedo (small blind) folded before Flop



PokerStars Hand #255719946598: Tournament #3875822987, $4.90+$4.90+$1.20 USD Hold'em No Limit - Level III (40/80) - 2025/04/13 20:28:27 CET [2025/04/13 14:28:27 ET]
Table '3875822987 911' 8-max Seat #8 is the button
Seat 1: Haluk74 (8517 in chips, $4.90 bounty) 
Seat 2: pankos1986 (13640 in chips, $4.90 bounty) 
Seat 3: Mahu2021 (12140 in chips, $4.90 bounty) 
Seat 4: lukeaces1 (10000 in chips, $4.90 bounty) 
Seat 5: jvsaid (11390 in chips, $4.90 bounty) 
Seat 7: gnolynot (20290 in chips, $7.35 bounty) 
Seat 8: vembrinquedo (9812 in chips, $4.90 bounty) 
Haluk74: posts the ante 10
pankos1986: posts the ante 10
Mahu2021: posts the ante 10
lukeaces1: posts the ante 10
jvsaid: posts the ante 10
gnolynot: posts the ante 10
vembrinquedo: posts the ante 10
Haluk74: posts small blind 40
pankos1986: posts big blind 80
*** HOLE CARDS ***
Dealt to Mahu2021 [9s 2c]
Mahu2021: folds 
lukeaces1: folds 
XandiM.AA is disconnected 
jvsaid: raises 96 to 176
gnolynot: folds 
vembrinquedo: folds 
Haluk74: folds 
pankos1986: folds 
Uncalled bet (96) returned to jvsaid
jvsaid collected 270 from pot
jvsaid: doesn't show hand 
*** SUMMARY ***
Total pot 270 | Rake 0 
Seat 1: Haluk74 (small blind) folded before Flop
Seat 2: pankos1986 (big blind) folded before Flop
Seat 3: Mahu2021 folded before Flop (didn't bet)
Seat 4: lukeaces1 folded before Flop (didn't bet)
Seat 5: jvsaid collected (270)
Seat 7: gnolynot folded before Flop (didn't bet)
Seat 8: vembrinquedo (button) folded before Flop (didn't bet)



PokerStars Hand #255719957901: Tournament #3875822987, $4.90+$4.90+$1.20 USD Hold'em No Limit - Level III (40/80) - 2025/04/13 20:29:04 CET [2025/04/13 14:29:04 ET]
Table '3875822987 911' 8-max Seat #1 is the button
Seat 1: Haluk74 (8467 in chips, $4.90 bounty) 
Seat 2: pankos1986 (13550 in chips, $4.90 bounty) 
Seat 3: Mahu2021 (12130 in chips, $4.90 bounty) 
Seat 4: lukeaces1 (9990 in chips, $4.90 bounty) 
Seat 5: jvsaid (11570 in chips, $4.90 bounty) 
Seat 6: XandiM.AA (10000 in chips, $4.90 bounty) 
Seat 7: gnolynot (20280 in chips, $7.35 bounty) 
Seat 8: vembrinquedo (9802 in chips, $4.90 bounty) 
Haluk74: posts the ante 10
pankos1986: posts the ante 10
Mahu2021: posts the ante 10
lukeaces1: posts the ante 10
jvsaid: posts the ante 10
XandiM.AA: posts the ante 10
gnolynot: posts the ante 10
vembrinquedo: posts the ante 10
pankos1986: posts small blind 40
Mahu2021: posts big blind 80
*** HOLE CARDS ***
Dealt to Mahu2021 [6c 6d]
lukeaces1: folds 
jvsaid: folds 
XandiM.AA: raises 80 to 160
gnolynot: folds 
vembrinquedo: folds 
Haluk74: folds 
pankos1986: calls 120
Mahu2021: calls 80
*** FLOP *** [Kh 5c 9c]
pankos1986: checks 
Mahu2021: checks 
XandiM.AA: bets 185
pankos1986: folds 
Mahu2021: folds 
Uncalled bet (185) returned to XandiM.AA
XandiM.AA collected 560 from pot
XandiM.AA: doesn't show hand 
*** SUMMARY ***
Total pot 560 | Rake 0 
Board [Kh 5c 9c]
Seat 1: Haluk74 (button) folded before Flop (didn't bet)
Seat 2: pankos1986 (small blind) folded on the Flop
Seat 3: Mahu2021 (big blind) folded on the Flop
Seat 4: lukeaces1 folded before Flop (didn't bet)
Seat 5: jvsaid folded before Flop (didn't bet)
Seat 6: XandiM.AA collected (560)
Seat 7: gnolynot folded before Flop (didn't bet)
Seat 8: vembrinquedo folded before Flop (didn't bet)



PokerStars Hand #255719978608: Tournament #3875822987, $4.90+$4.90+$1.20 USD Hold'em No Limit - Level IV (50/100) - 2025/04/13 20:30:10 CET [2025/04/13 14:30:10 ET]
Table '3875822987 911' 8-max Seat #2 is the button
Seat 1: Haluk74 (8457 in chips, $4.90 bounty) 
Seat 2: pankos1986 (13380 in chips, $4.90 bounty) 
Seat 3: Mahu2021 (11960 in chips, $4.90 bounty) 
Seat 4: lukeaces1 (9980 in chips, $4.90 bounty) 
Seat 5: jvsaid (11560 in chips, $4.90 bounty) 
Seat 6: XandiM.AA (10390 in chips, $4.90 bounty) 
Seat 7: gnolynot (20270 in chips, $7.35 bounty) 
Seat 8: vembrinquedo (9792 in chips, $4.90 bounty) 
Haluk74: posts the ante 12
pankos1986: posts the ante 12
Mahu2021: posts the ante 12
lukeaces1: posts the ante 12
jvsaid: posts the ante 12
XandiM.AA: posts the ante 12
gnolynot: posts the ante 12
vembrinquedo: posts the ante 12
Mahu2021: posts small blind 50
lukeaces1: posts big blind 100
*** HOLE CARDS ***
Dealt to Mahu2021 [Ac 3h]
jvsaid: folds 
XandiM.AA: folds 
gnolynot: folds 
vembrinquedo: folds 
Haluk74: calls 100
pankos1986: folds 
Mahu2021: calls 50
lukeaces1: checks 
*** FLOP *** [5h Qd 2d]
Mahu2021: bets 100
lukeaces1: folds 
Haluk74: calls 100
*** TURN *** [5h Qd 2d] [3c]
Mahu2021: bets 100
Haluk74: calls 100
*** RIVER *** [5h Qd 2d 3c] [2c]
Mahu2021: bets 100
Haluk74: raises 100 to 200
Mahu2021: calls 100
*** SHOW DOWN ***
Haluk74: shows [Ks 5d] (two pair, Fives and Deuces)
Mahu2021: mucks hand 
Haluk74 collected 1196 from pot
*** SUMMARY ***
Total pot 1196 | Rake 0 
Board [5h Qd 2d 3c 2c]
Seat 1: Haluk74 showed [Ks 5d] and won (1196) with two pair, Fives and Deuces
Seat 2: pankos1986 (button) folded before Flop (didn't bet)
Seat 3: Mahu2021 (small blind) mucked [Ac 3h]
Seat 4: lukeaces1 (big blind) folded on the Flop
Seat 5: jvsaid folded before Flop (didn't bet)
Seat 6: XandiM.AA folded before Flop (didn't bet)
Seat 7: gnolynot folded before Flop (didn't bet)
Seat 8: vembrinquedo folded before Flop (didn't bet)



PokerStars Hand #255719995894: Tournament #3875822987, $4.90+$4.90+$1.20 USD Hold'em No Limit - Level IV (50/100) - 2025/04/13 20:31:06 CET [2025/04/13 14:31:06 ET]
Table '3875822987 911' 8-max Seat #3 is the button
Seat 1: Haluk74 (9141 in chips, $4.90 bounty) 
Seat 2: pankos1986 (13368 in chips, $4.90 bounty) 
Seat 3: Mahu2021 (11448 in chips, $4.90 bounty) 
Seat 4: lukeaces1 (9868 in chips, $4.90 bounty) 
Seat 5: jvsaid (11548 in chips, $4.90 bounty) 
Seat 6: XandiM.AA (10378 in chips, $4.90 bounty) 
Seat 7: gnolynot (20258 in chips, $7.35 bounty) 
Seat 8: vembrinquedo (9780 in chips, $4.90 bounty) 
Haluk74: posts the ante 12
pankos1986: posts the ante 12
Mahu2021: posts the ante 12
lukeaces1: posts the ante 12
jvsaid: posts the ante 12
XandiM.AA: posts the ante 12
gnolynot: posts the ante 12
vembrinquedo: posts the ante 12
lukeaces1: posts small blind 50
jvsaid: posts big blind 100
*** HOLE CARDS ***
Dealt to Mahu2021 [4d 8s]
XandiM.AA: folds 
gnolynot: folds 
vembrinquedo: folds 
Haluk74: folds 
pankos1986: folds 
Mahu2021: folds 
lukeaces1: raises 220 to 320
jvsaid: calls 220
*** FLOP *** [6s 8d 3s]
lukeaces1: checks 
jvsaid: bets 321
lukeaces1: calls 321
*** TURN *** [6s 8d 3s] [Jd]
lukeaces1: checks 
jvsaid: bets 600
lukeaces1: raises 1805 to 2405
jvsaid: folds 
Uncalled bet (1805) returned to lukeaces1
lukeaces1 collected 2578 from pot
*** SUMMARY ***
Total pot 2578 | Rake 0 
Board [6s 8d 3s Jd]
Seat 1: Haluk74 folded before Flop (didn't bet)
Seat 2: pankos1986 folded before Flop (didn't bet)
Seat 3: Mahu2021 (button) folded before Flop (didn't bet)
Seat 4: lukeaces1 (small blind) collected (2578)
Seat 5: jvsaid (big blind) folded on the Turn
Seat 6: XandiM.AA folded before Flop (didn't bet)
Seat 7: gnolynot folded before Flop (didn't bet)
Seat 8: vembrinquedo folded before Flop (didn't bet)



PokerStars Hand #255720031518: Tournament #3875822987, $4.90+$4.90+$1.20 USD Hold'em No Limit - Level IV (50/100) - 2025/04/13 20:33:00 CET [2025/04/13 14:33:00 ET]
Table '3875822987 911' 8-max Seat #4 is the button
Seat 1: Haluk74 (9129 in chips, $4.90 bounty) 
Seat 2: pankos1986 (13356 in chips, $4.90 bounty) 
Seat 3: Mahu2021 (11436 in chips, $4.90 bounty) 
Seat 4: lukeaces1 (11193 in chips, $4.90 bounty) 
Seat 5: jvsaid (10295 in chips, $4.90 bounty) 
Seat 6: XandiM.AA (10366 in chips, $4.90 bounty) 
Seat 7: gnolynot (20246 in chips, $7.35 bounty) 
Seat 8: vembrinquedo (9768 in chips, $4.90 bounty) 
Haluk74: posts the ante 12
pankos1986: posts the ante 12
Mahu2021: posts the ante 12
lukeaces1: posts the ante 12
jvsaid: posts the ante 12
XandiM.AA: posts the ante 12
gnolynot: posts the ante 12
vembrinquedo: posts the ante 12
jvsaid: posts small blind 50
XandiM.AA: posts big blind 100
*** HOLE CARDS ***
Dealt to Mahu2021 [9c 7h]
gnolynot: folds 
vembrinquedo: folds 
Haluk74: calls 100
pankos1986: folds 
Mahu2021: folds 
lukeaces1: folds 
jvsaid: calls 50
XandiM.AA: checks 
*** FLOP *** [5s Qd 2s]
jvsaid: checks 
XandiM.AA: bets 218
Haluk74: calls 218
jvsaid: folds 
*** TURN *** [5s Qd 2s] [8h]
XandiM.AA: bets 549
Haluk74: calls 549
*** RIVER *** [5s Qd 2s 8h] [3d]
XandiM.AA: checks 
Haluk74: bets 1930
XandiM.AA: folds 
Uncalled bet (1930) returned to Haluk74
Haluk74 collected 1930 from pot
Haluk74: doesn't show hand 
*** SUMMARY ***
Total pot 1930 | Rake 0 
Board [5s Qd 2s 8h 3d]
Seat 1: Haluk74 collected (1930)
Seat 2: pankos1986 folded before Flop (didn't bet)
Seat 3: Mahu2021 folded before Flop (didn't bet)
Seat 4: lukeaces1 (button) folded before Flop (didn't bet)
Seat 5: jvsaid (small blind) folded on the Flop
Seat 6: XandiM.AA (big blind) folded on the River
Seat 7: gnolynot folded before Flop (didn't bet)
Seat 8: vembrinquedo folded before Flop (didn't bet)



PokerStars Hand #255720057488: Tournament #3875822987, $4.90+$4.90+$1.20 USD Hold'em No Limit - Level IV (50/100) - 2025/04/13 20:34:23 CET [2025/04/13 14:34:23 ET]
Table '3875822987 911' 8-max Seat #5 is the button
Seat 1: Haluk74 (10180 in chips, $4.90 bounty) 
Seat 2: pankos1986 (13344 in chips, $4.90 bounty) 
Seat 3: Mahu2021 (11424 in chips, $4.90 bounty) 
Seat 4: lukeaces1 (11181 in chips, $4.90 bounty) 
Seat 5: jvsaid (10183 in chips, $4.90 bounty) 
Seat 6: XandiM.AA (9487 in chips, $4.90 bounty) 
Seat 7: gnolynot (20234 in chips, $7.35 bounty) 
Seat 8: vembrinquedo (9756 in chips, $4.90 bounty) 
Haluk74: posts the ante 12
pankos1986: posts the ante 12
Mahu2021: posts the ante 12
lukeaces1: posts the ante 12
jvsaid: posts the ante 12
XandiM.AA: posts the ante 12
gnolynot: posts the ante 12
vembrinquedo: posts the ante 12
XandiM.AA: posts small blind 50
gnolynot: posts big blind 100
*** HOLE CARDS ***
Dealt to Mahu2021 [4c 9h]
vembrinquedo: folds 
Haluk74: folds 
pankos1986: folds 
Mahu2021: folds 
lukeaces1: folds 
jvsaid: raises 130 to 230
XandiM.AA: folds 
gnolynot: raises 606 to 836
jvsaid: folds 
Uncalled bet (606) returned to gnolynot
gnolynot collected 606 from pot
*** SUMMARY ***
Total pot 606 | Rake 0 
Seat 1: Haluk74 folded before Flop (didn't bet)
Seat 2: pankos1986 folded before Flop (didn't bet)
Seat 3: Mahu2021 folded before Flop (didn't bet)
Seat 4: lukeaces1 folded before Flop (didn't bet)
Seat 5: jvsaid (button) folded before Flop
Seat 6: XandiM.AA (small blind) folded before Flop
Seat 7: gnolynot (big blind) collected (606)
Seat 8: vembrinquedo folded before Flop (didn't bet)



PokerStars Hand #255720070190: Tournament #3875822987, $4.90+$4.90+$1.20 USD Hold'em No Limit - Level IV (50/100) - 2025/04/13 20:35:04 CET [2025/04/13 14:35:04 ET]
Table '3875822987 911' 8-max Seat #6 is the button
Seat 1: Haluk74 (10168 in chips, $4.90 bounty) 
Seat 2: pankos1986 (13332 in chips, $4.90 bounty) 
Seat 3: Mahu2021 (11412 in chips, $4.90 bounty) 
Seat 4: lukeaces1 (11169 in chips, $4.90 bounty) 
Seat 5: jvsaid (9941 in chips, $4.90 bounty) 
Seat 6: XandiM.AA (9425 in chips, $4.90 bounty) 
Seat 7: gnolynot (20598 in chips, $7.35 bounty) 
Seat 8: vembrinquedo (9744 in chips, $4.90 bounty) 
Haluk74: posts the ante 12
pankos1986: posts the ante 12
Mahu2021: posts the ante 12
lukeaces1: posts the ante 12
jvsaid: posts the ante 12
XandiM.AA: posts the ante 12
gnolynot: posts the ante 12
vembrinquedo: posts the ante 12
gnolynot: posts small blind 50
vembrinquedo: posts big blind 100
*** HOLE CARDS ***
Dealt to Mahu2021 [Qs 6d]
Haluk74: folds 
pankos1986: folds 
Mahu2021: folds 
lukeaces1: folds 
jvsaid: raises 100 to 200
XandiM.AA: raises 500 to 700
gnolynot: folds 
vembrinquedo: folds 
jvsaid: raises 900 to 1600
XandiM.AA: calls 900
*** FLOP *** [Jd 2s 6s]
jvsaid: bets 1034
XandiM.AA: calls 1034
*** TURN *** [Jd 2s 6s] [7h]
jvsaid: bets 7295 and is all-in
XandiM.AA: folds 
Uncalled bet (7295) returned to jvsaid
jvsaid collected 5514 from pot
jvsaid: doesn't show hand 
*** SUMMARY ***
Total pot 5514 | Rake 0 
Board [Jd 2s 6s 7h]
Seat 1: Haluk74 folded before Flop (didn't bet)
Seat 2: pankos1986 folded before Flop (didn't bet)
Seat 3: Mahu2021 folded before Flop (didn't bet)
Seat 4: lukeaces1 folded before Flop (didn't bet)
Seat 5: jvsaid collected (5514)
Seat 6: XandiM.AA (button) folded on the Turn
Seat 7: gnolynot (small blind) folded before Flop
Seat 8: vembrinquedo (big blind) folded before Flop



PokerStars Hand #255720097084: Tournament #3875822987, $4.90+$4.90+$1.20 USD Hold'em No Limit - Level IV (50/100) - 2025/04/13 20:36:30 CET [2025/04/13 14:36:30 ET]
Table '3875822987 911' 8-max Seat #7 is the button
Seat 1: Haluk74 (10156 in chips, $4.90 bounty) 
Seat 2: pankos1986 (13320 in chips, $4.90 bounty) 
Seat 3: Mahu2021 (11400 in chips, $4.90 bounty) 
Seat 4: lukeaces1 (11157 in chips, $4.90 bounty) 
Seat 5: jvsaid (12809 in chips, $4.90 bounty) 
Seat 6: XandiM.AA (6779 in chips, $4.90 bounty) 
Seat 7: gnolynot (20536 in chips, $7.35 bounty) 
Seat 8: vembrinquedo (9632 in chips, $4.90 bounty) 
Haluk74: posts the ante 12
pankos1986: posts the ante 12
Mahu2021: posts the ante 12
lukeaces1: posts the ante 12
jvsaid: posts the ante 12
XandiM.AA: posts the ante 12
gnolynot: posts the ante 12
vembrinquedo: posts the ante 12
vembrinquedo: posts small blind 50
Haluk74: posts big blind 100
*** HOLE CARDS ***
Dealt to Mahu2021 [9d Ac]
pankos1986: folds 
Mahu2021: folds 
lukeaces1: raises 120 to 220
jvsaid: folds 
XandiM.AA: folds 
gnolynot: folds 
vembrinquedo: folds 
Haluk74: calls 120
*** FLOP *** [9h Qh Kh]
Haluk74: checks 
lukeaces1: bets 352
Haluk74: raises 352 to 704
lukeaces1: raises 10221 to 10925 and is all-in
Haluk74: calls 9220 and is all-in
Uncalled bet (1001) returned to lukeaces1
*** TURN *** [9h Qh Kh] [9c]
*** RIVER *** [9h Qh Kh 9c] [2s]
*** SHOW DOWN ***
Haluk74: shows [Qc Jd] (two pair, Queens and Nines)
lukeaces1: shows [Ah As] (two pair, Aces and Nines)
lukeaces1 collected 20434 from pot
lukeaces1 wins $2.45 for eliminating Haluk74 and their own bounty increases by $2.45 to $7.35
Haluk74 finished the tournament
MarkCool 1 is disconnected 
*** SUMMARY ***
Total pot 20434 | Rake 0 
Board [9h Qh Kh 9c 2s]
Seat 1: Haluk74 (big blind) showed [Qc Jd] and lost with two pair, Queens and Nines
Seat 2: pankos1986 folded before Flop (didn't bet)
Seat 3: Mahu2021 folded before Flop (didn't bet)
Seat 4: lukeaces1 showed [Ah As] and won (20434) with two pair, Aces and Nines
Seat 5: jvsaid folded before Flop (didn't bet)
Seat 6: XandiM.AA folded before Flop (didn't bet)
Seat 7: gnolynot (button) folded before Flop (didn't bet)
Seat 8: vembrinquedo (small blind) folded before Flop



PokerStars Hand #255720115954: Tournament #3875822987, $4.90+$4.90+$1.20 USD Hold'em No Limit - Level IV (50/100) - 2025/04/13 20:37:31 CET [2025/04/13 14:37:31 ET]
Table '3875822987 911' 8-max Seat #8 is the button
Seat 1: MarkCool 1 (10000 in chips) out of hand (moved from another table into small blind)
Seat 2: pankos1986 (13308 in chips, $4.90 bounty) 
Seat 3: Mahu2021 (11388 in chips, $4.90 bounty) 
Seat 4: lukeaces1 (21435 in chips, $7.35 bounty) 
Seat 5: jvsaid (12797 in chips, $4.90 bounty) 
Seat 6: XandiM.AA (6767 in chips, $4.90 bounty) 
Seat 7: gnolynot (20524 in chips, $7.35 bounty) 
Seat 8: vembrinquedo (9570 in chips, $4.90 bounty) 
MarkCool 1 will be allowed to play after the button
pankos1986: posts the ante 12
Mahu2021: posts the ante 12
lukeaces1: posts the ante 12
jvsaid: posts the ante 12
XandiM.AA: posts the ante 12
gnolynot: posts the ante 12
vembrinquedo: posts the ante 12
pankos1986: posts small blind 50
Mahu2021: posts big blind 100
*** HOLE CARDS ***
Dealt to Mahu2021 [6s 6c]
lukeaces1: folds 
jvsaid: folds 
XandiM.AA: raises 100 to 200
gnolynot: folds 
vembrinquedo: folds 
pankos1986: calls 150
Mahu2021: calls 100
*** FLOP *** [Ks Qs 3h]
pankos1986: checks 
Mahu2021: checks 
XandiM.AA: bets 226
pankos1986: calls 226
Mahu2021: folds 
*** TURN *** [Ks Qs 3h] [Jd]
pankos1986: bets 190
XandiM.AA: calls 190
*** RIVER *** [Ks Qs 3h Jd] [5d]
pankos1986: bets 758
XandiM.AA: calls 758
*** SHOW DOWN ***
pankos1986: shows [Kc 5c] (two pair, Kings and Fives)
XandiM.AA: mucks hand 
pankos1986 collected 3032 from pot
*** SUMMARY ***
Total pot 3032 | Rake 0 
Board [Ks Qs 3h Jd 5d]
Seat 2: pankos1986 (small blind) showed [Kc 5c] and won (3032) with two pair, Kings and Fives
Seat 3: Mahu2021 (big blind) folded on the Flop
Seat 4: lukeaces1 folded before Flop (didn't bet)
Seat 5: jvsaid folded before Flop (didn't bet)
Seat 6: XandiM.AA mucked [Kd Ts]
Seat 7: gnolynot folded before Flop (didn't bet)
Seat 8: vembrinquedo (button) folded before Flop (didn't bet)



PokerStars Hand #255720140237: Tournament #3875822987, $4.90+$4.90+$1.20 USD Hold'em No Limit - Level IV (50/100) - 2025/04/13 20:38:48 CET [2025/04/13 14:38:48 ET]
Table '3875822987 911' 8-max Seat #2 is the button
Seat 1: MarkCool 1 (10000 in chips, $4.90 bounty) 
Seat 2: pankos1986 (14954 in chips, $4.90 bounty) 
Seat 3: Mahu2021 (11176 in chips, $4.90 bounty) 
Seat 5: jvsaid (12785 in chips, $4.90 bounty) 
Seat 6: XandiM.AA (5381 in chips, $4.90 bounty) 
Seat 7: gnolynot (20512 in chips, $7.35 bounty) 
Seat 8: vembrinquedo (9558 in chips, $4.90 bounty) 
MarkCool 1: posts the ante 12
pankos1986: posts the ante 12
Mahu2021: posts the ante 12
jvsaid: posts the ante 12
XandiM.AA: posts the ante 12
gnolynot: posts the ante 12
vembrinquedo: posts the ante 12
Mahu2021: posts small blind 50
jvsaid: posts big blind 100
*** HOLE CARDS ***
Dealt to Mahu2021 [7d Kh]
XandiM.AA: raises 100 to 200
gnolynot: calls 200
vembrinquedo: folds 
#1 Piero Conti is disconnected 
MarkCool 1: folds 
pankos1986: calls 200
Mahu2021: folds 
jvsaid: folds 
*** FLOP *** [Jh 8h 3h]
XandiM.AA: checks 
gnolynot: checks 
pankos1986: checks 
*** TURN *** [Jh 8h 3h] [Jd]
XandiM.AA: checks 
gnolynot: bets 417
pankos1986: folds 
XandiM.AA: calls 417
*** RIVER *** [Jh 8h 3h Jd] [6d]
XandiM.AA: checks 
gnolynot: checks 
*** SHOW DOWN ***
XandiM.AA: shows [5s 5d] (two pair, Jacks and Fives)
gnolynot: mucks hand 
XandiM.AA collected 1668 from pot
*** SUMMARY ***
Total pot 1668 | Rake 0 
Board [Jh 8h 3h Jd 6d]
Seat 1: MarkCool 1 folded before Flop (didn't bet)
Seat 2: pankos1986 (button) folded on the Turn
Seat 3: Mahu2021 (small blind) folded before Flop
Seat 5: jvsaid (big blind) folded before Flop
Seat 6: XandiM.AA showed [5s 5d] and won (1668) with two pair, Jacks and Fives
Seat 7: gnolynot mucked [2s 2d]
Seat 8: vembrinquedo folded before Flop (didn't bet)



PokerStars Hand #255720162155: Tournament #3875822987, $4.90+$4.90+$1.20 USD Hold'em No Limit - Level IV (50/100) - 2025/04/13 20:39:59 CET [2025/04/13 14:39:59 ET]
Table '3875822987 911' 8-max Seat #3 is the button
Seat 1: MarkCool 1 (9988 in chips, $4.90 bounty) 
Seat 2: pankos1986 (14742 in chips, $4.90 bounty) 
Seat 3: Mahu2021 (11114 in chips, $4.90 bounty) 
Seat 4: #1 Piero Conti (10000 in chips) out of hand (moved from another table into small blind)
Seat 5: jvsaid (12673 in chips, $4.90 bounty) 
Seat 6: XandiM.AA (6420 in chips, $4.90 bounty) 
Seat 7: gnolynot (19883 in chips, $7.35 bounty) 
Seat 8: vembrinquedo (9546 in chips, $4.90 bounty) 
#1 Piero Conti will be allowed to play after the button
MarkCool 1: posts the ante 12
pankos1986: posts the ante 12
Mahu2021: posts the ante 12
jvsaid: posts the ante 12
XandiM.AA: posts the ante 12
gnolynot: posts the ante 12
vembrinquedo: posts the ante 12
jvsaid: posts small blind 50
XandiM.AA: posts big blind 100
*** HOLE CARDS ***
Dealt to Mahu2021 [4h Ks]
gnolynot: raises 100 to 200
vembrinquedo: folds 
MarkCool 1: folds 
pankos1986: folds 
Mahu2021: folds 
jvsaid: folds 
XandiM.AA: folds 
Uncalled bet (100) returned to gnolynot
gnolynot collected 334 from pot
*** SUMMARY ***
Total pot 334 | Rake 0 
Seat 1: MarkCool 1 folded before Flop (didn't bet)
Seat 2: pankos1986 folded before Flop (didn't bet)
Seat 3: Mahu2021 (button) folded before Flop (didn't bet)
Seat 5: jvsaid (small blind) folded before Flop
Seat 6: XandiM.AA (big blind) folded before Flop
Seat 7: gnolynot collected (334)
Seat 8: vembrinquedo folded before Flop (didn't bet)



PokerStars Hand #255720179159: Tournament #3875822987, $4.90+$4.90+$1.20 USD Hold'em No Limit - Level V (60/120) - 2025/04/13 20:40:54 CET [2025/04/13 14:40:54 ET]
Table '3875822987 911' 8-max Seat #5 is the button
Seat 1: MarkCool 1 (9976 in chips, $4.90 bounty) 
Seat 2: pankos1986 (14730 in chips, $4.90 bounty) 
Seat 3: Mahu2021 (11102 in chips, $4.90 bounty) 
Seat 4: #1 Piero Conti (10000 in chips, $4.90 bounty) 
Seat 5: jvsaid (12611 in chips, $4.90 bounty) 
Seat 6: XandiM.AA (6308 in chips, $4.90 bounty) 
Seat 7: gnolynot (20105 in chips, $7.35 bounty) 
Seat 8: vembrinquedo (9534 in chips, $4.90 bounty) 
MarkCool 1: posts the ante 16
pankos1986: posts the ante 16
Mahu2021: posts the ante 16
#1 Piero Conti: posts the ante 16
jvsaid: posts the ante 16
XandiM.AA: posts the ante 16
gnolynot: posts the ante 16
vembrinquedo: posts the ante 16
XandiM.AA: posts small blind 60
gnolynot: posts big blind 120
*** HOLE CARDS ***
Dealt to Mahu2021 [8d Td]
vembrinquedo: folds 
MarkCool 1: raises 216 to 336
pankos1986: folds 
Mahu2021: folds 
#1 Piero Conti: folds 
jvsaid: folds 
XandiM.AA: folds 
gnolynot: calls 216
*** FLOP *** [8c 8s Qd]
gnolynot: checks 
MarkCool 1: bets 413
gnolynot: folds 
Uncalled bet (413) returned to MarkCool 1
MarkCool 1 collected 860 from pot
MarkCool 1: doesn't show hand 
*** SUMMARY ***
Total pot 860 | Rake 0 
Board [8c 8s Qd]
Seat 1: MarkCool 1 collected (860)
Seat 2: pankos1986 folded before Flop (didn't bet)
Seat 3: Mahu2021 folded before Flop (didn't bet)
Seat 4: #1 Piero Conti folded before Flop (didn't bet)
Seat 5: jvsaid (button) folded before Flop (didn't bet)
Seat 6: XandiM.AA (small blind) folded before Flop
Seat 7: gnolynot (big blind) folded on the Flop
Seat 8: vembrinquedo folded before Flop (didn't bet)



PokerStars Hand #255720191851: Tournament #3875822987, $4.90+$4.90+$1.20 USD Hold'em No Limit - Level V (60/120) - 2025/04/13 20:41:35 CET [2025/04/13 14:41:35 ET]
Table '3875822987 911' 8-max Seat #6 is the button
Seat 1: MarkCool 1 (10484 in chips, $4.90 bounty) 
Seat 2: pankos1986 (14714 in chips, $4.90 bounty) 
Seat 3: Mahu2021 (11086 in chips, $4.90 bounty) 
Seat 4: #1 Piero Conti (9984 in chips, $4.90 bounty) 
Seat 5: jvsaid (12595 in chips, $4.90 bounty) 
Seat 6: XandiM.AA (6232 in chips, $4.90 bounty) 
Seat 7: gnolynot (19753 in chips, $7.35 bounty) 
Seat 8: vembrinquedo (9518 in chips, $4.90 bounty) 
MarkCool 1: posts the ante 16
pankos1986: posts the ante 16
Mahu2021: posts the ante 16
#1 Piero Conti: posts the ante 16
jvsaid: posts the ante 16
XandiM.AA: posts the ante 16
gnolynot: posts the ante 16
vembrinquedo: posts the ante 16
gnolynot: posts small blind 60
vembrinquedo: posts big blind 120
*** HOLE CARDS ***
Dealt to Mahu2021 [2s 7d]
MarkCool 1: folds 
pankos1986: folds 
Mahu2021: folds 
#1 Piero Conti: folds 
jvsaid: folds 
XandiM.AA: raises 120 to 240
gnolynot: folds 
vembrinquedo: folds 
Uncalled bet (120) returned to XandiM.AA
XandiM.AA collected 428 from pot
XandiM.AA: doesn't show hand 
*** SUMMARY ***
Total pot 428 | Rake 0 
Seat 1: MarkCool 1 folded before Flop (didn't bet)
Seat 2: pankos1986 folded before Flop (didn't bet)
Seat 3: Mahu2021 folded before Flop (didn't bet)
Seat 4: #1 Piero Conti folded before Flop (didn't bet)
Seat 5: jvsaid folded before Flop (didn't bet)
Seat 6: XandiM.AA (button) collected (428)
Seat 7: gnolynot (small blind) folded before Flop
Seat 8: vembrinquedo (big blind) folded before Flop



PokerStars Hand #255720200038: Tournament #3875822987, $4.90+$4.90+$1.20 USD Hold'em No Limit - Level V (60/120) - 2025/04/13 20:42:01 CET [2025/04/13 14:42:01 ET]
Table '3875822987 911' 8-max Seat #7 is the button
Seat 1: MarkCool 1 (10468 in chips, $4.90 bounty) 
Seat 2: pankos1986 (14698 in chips, $4.90 bounty) 
Seat 3: Mahu2021 (11070 in chips, $4.90 bounty) 
Seat 4: #1 Piero Conti (9968 in chips, $4.90 bounty) 
Seat 5: jvsaid (12579 in chips, $4.90 bounty) 
Seat 6: XandiM.AA (6524 in chips, $4.90 bounty) 
Seat 7: gnolynot (19677 in chips, $7.35 bounty) 
Seat 8: vembrinquedo (9382 in chips, $4.90 bounty) 
MarkCool 1: posts the ante 16
pankos1986: posts the ante 16
Mahu2021: posts the ante 16
#1 Piero Conti: posts the ante 16
jvsaid: posts the ante 16
XandiM.AA: posts the ante 16
gnolynot: posts the ante 16
vembrinquedo: posts the ante 16
vembrinquedo: posts small blind 60
MarkCool 1: posts big blind 120
*** HOLE CARDS ***
Dealt to Mahu2021 [8c 3h]
pankos1986: raises 120 to 240
Mahu2021: folds 
#1 Piero Conti: folds 
jvsaid: folds 
XandiM.AA: calls 240
gnolynot: calls 240
vembrinquedo: calls 180
MarkCool 1: raises 780 to 1020
pankos1986: folds 
XandiM.AA: calls 780
gnolynot: calls 780
vembrinquedo: calls 780
*** FLOP *** [Jc 5d 8d]
vembrinquedo: checks 
MarkCool 1: checks 
XandiM.AA: checks 
gnolynot: bets 18641 and is all-in
vembrinquedo: folds 
MarkCool 1: folds 
XandiM.AA: folds 
Uncalled bet (18641) returned to gnolynot
gnolynot collected 4448 from pot
*** SUMMARY ***
Total pot 4448 | Rake 0 
Board [Jc 5d 8d]
Seat 1: MarkCool 1 (big blind) folded on the Flop
Seat 2: pankos1986 folded before Flop
Seat 3: Mahu2021 folded before Flop (didn't bet)
Seat 4: #1 Piero Conti folded before Flop (didn't bet)
Seat 5: jvsaid folded before Flop (didn't bet)
Seat 6: XandiM.AA folded on the Flop
Seat 7: gnolynot (button) collected (4448)
Seat 8: vembrinquedo (small blind) folded on the Flop



PokerStars Hand #255720227643: Tournament #3875822987, $4.90+$4.90+$1.20 USD Hold'em No Limit - Level V (60/120) - 2025/04/13 20:43:30 CET [2025/04/13 14:43:30 ET]
Table '3875822987 911' 8-max Seat #8 is the button
Seat 1: MarkCool 1 (9432 in chips, $4.90 bounty) 
Seat 2: pankos1986 (14442 in chips, $4.90 bounty) 
Seat 3: Mahu2021 (11054 in chips, $4.90 bounty) 
Seat 4: #1 Piero Conti (9952 in chips, $4.90 bounty) 
Seat 5: jvsaid (12563 in chips, $4.90 bounty) 
Seat 6: XandiM.AA (5488 in chips, $4.90 bounty) 
Seat 7: gnolynot (23089 in chips, $7.35 bounty) 
Seat 8: vembrinquedo (8346 in chips, $4.90 bounty) 
MarkCool 1: posts the ante 16
pankos1986: posts the ante 16
Mahu2021: posts the ante 16
#1 Piero Conti: posts the ante 16
jvsaid: posts the ante 16
XandiM.AA: posts the ante 16
gnolynot: posts the ante 16
vembrinquedo: posts the ante 16
MarkCool 1: posts small blind 60
pankos1986: posts big blind 120
*** HOLE CARDS ***
Dealt to Mahu2021 [4d 8h]
Mahu2021: folds 
#1 Piero Conti: raises 156 to 276
jvsaid: folds 
XandiM.AA: folds 
gnolynot: calls 276
vembrinquedo: folds 
MarkCool 1: folds 
pankos1986: folds 
*** FLOP *** [6d Kd 2d]
#1 Piero Conti: checks 
gnolynot: checks 
*** TURN *** [6d Kd 2d] [8d]
#1 Piero Conti: checks 
gnolynot: checks 
*** RIVER *** [6d Kd 2d 8d] [Kc]
#1 Piero Conti: checks 
gnolynot: checks 
*** SHOW DOWN ***
#1 Piero Conti: shows [9h Ah] (a pair of Kings)
gnolynot: mucks hand 
#1 Piero Conti collected 860 from pot
*** SUMMARY ***
Total pot 860 | Rake 0 
Board [6d Kd 2d 8d Kc]
Seat 1: MarkCool 1 (small blind) folded before Flop
Seat 2: pankos1986 (big blind) folded before Flop
Seat 3: Mahu2021 folded before Flop (didn't bet)
Seat 4: #1 Piero Conti showed [9h Ah] and won (860) with a pair of Kings
Seat 5: jvsaid folded before Flop (didn't bet)
Seat 6: XandiM.AA folded before Flop (didn't bet)
Seat 7: gnolynot mucked [Js Tc]
Seat 8: vembrinquedo (button) folded before Flop (didn't bet)



PokerStars Hand #255720248366: Tournament #3875822987, $4.90+$4.90+$1.20 USD Hold'em No Limit - Level V (60/120) - 2025/04/13 20:44:36 CET [2025/04/13 14:44:36 ET]
Table '3875822987 911' 8-max Seat #1 is the button
Seat 1: MarkCool 1 (9356 in chips, $4.90 bounty) 
Seat 2: pankos1986 (14306 in chips, $4.90 bounty) 
Seat 3: Mahu2021 (11038 in chips, $4.90 bounty) 
Seat 4: #1 Piero Conti (10520 in chips, $4.90 bounty) 
Seat 5: jvsaid (12547 in chips, $4.90 bounty) 
Seat 6: XandiM.AA (5472 in chips, $4.90 bounty) 
Seat 7: gnolynot (22797 in chips, $7.35 bounty) 
Seat 8: vembrinquedo (8330 in chips, $4.90 bounty) 
MarkCool 1: posts the ante 16
pankos1986: posts the ante 16
Mahu2021: posts the ante 16
#1 Piero Conti: posts the ante 16
jvsaid: posts the ante 16
XandiM.AA: posts the ante 16
gnolynot: posts the ante 16
vembrinquedo: posts the ante 16
pankos1986: posts small blind 60
Mahu2021: posts big blind 120
*** HOLE CARDS ***
Dealt to Mahu2021 [3c Jd]
#1 Piero Conti: raises 156 to 276
jvsaid: folds 
XandiM.AA: folds 
gnolynot: calls 276
vembrinquedo: folds 
MarkCool 1: calls 276
pankos1986: folds 
Mahu2021: folds 
*** FLOP *** [Ts 2h Ks]
#1 Piero Conti: checks 
gnolynot: checks 
MarkCool 1: bets 1477
#1 Piero Conti: folds 
gnolynot: calls 1477
*** TURN *** [Ts 2h Ks] [9d]
gnolynot: checks 
MarkCool 1: bets 5317
gnolynot: calls 5317
*** RIVER *** [Ts 2h Ks 9d] [8c]
gnolynot: checks 
MarkCool 1: bets 2270 and is all-in
gnolynot: calls 2270
*** SHOW DOWN ***
MarkCool 1: shows [Th Kc] (two pair, Kings and Tens)
gnolynot: shows [Kh Jh] (a pair of Kings)
MarkCool 1 collected 19264 from pot
*** SUMMARY ***
Total pot 19264 | Rake 0 
Board [Ts 2h Ks 9d 8c]
Seat 1: MarkCool 1 (button) showed [Th Kc] and won (19264) with two pair, Kings and Tens
Seat 2: pankos1986 (small blind) folded before Flop
Seat 3: Mahu2021 (big blind) folded before Flop
Seat 4: #1 Piero Conti folded on the Flop
Seat 5: jvsaid folded before Flop (didn't bet)
Seat 6: XandiM.AA folded before Flop (didn't bet)
Seat 7: gnolynot showed [Kh Jh] and lost with a pair of Kings
Seat 8: vembrinquedo folded before Flop (didn't bet)



PokerStars Hand #255720268172: Tournament #3875822987, $4.90+$4.90+$1.20 USD Hold'em No Limit - Level V (60/120) - 2025/04/13 20:45:40 CET [2025/04/13 14:45:40 ET]
Table '3875822987 911' 8-max Seat #2 is the button
Seat 1: MarkCool 1 (19264 in chips, $4.90 bounty) 
Seat 2: pankos1986 (14230 in chips, $4.90 bounty) 
Seat 3: Mahu2021 (10902 in chips, $4.90 bounty) 
Seat 4: #1 Piero Conti (10228 in chips, $4.90 bounty) 
Seat 5: jvsaid (12531 in chips, $4.90 bounty) 
Seat 6: XandiM.AA (5456 in chips, $4.90 bounty) 
Seat 7: gnolynot (13441 in chips, $7.35 bounty) 
Seat 8: vembrinquedo (8314 in chips, $4.90 bounty) 
MarkCool 1: posts the ante 16
pankos1986: posts the ante 16
Mahu2021: posts the ante 16
#1 Piero Conti: posts the ante 16
jvsaid: posts the ante 16
XandiM.AA: posts the ante 16
gnolynot: posts the ante 16
vembrinquedo: posts the ante 16
Mahu2021: posts small blind 60
#1 Piero Conti: posts big blind 120
*** HOLE CARDS ***
Dealt to Mahu2021 [2d As]
jvsaid: raises 120 to 240
XandiM.AA: folds 
gnolynot: folds 
vembrinquedo: folds 
MarkCool 1: folds 
pankos1986: calls 240
Mahu2021: folds 
#1 Piero Conti: folds 
*** FLOP *** [Qs 5d 5c]
jvsaid: checks 
pankos1986: checks 
*** TURN *** [Qs 5d 5c] [Qh]
jvsaid: bets 236
pankos1986: calls 236
*** RIVER *** [Qs 5d 5c Qh] [8h]
jvsaid: bets 1512
pankos1986: folds 
Uncalled bet (1512) returned to jvsaid
jvsaid collected 1260 from pot
jvsaid: doesn't show hand 
*** SUMMARY ***
Total pot 1260 | Rake 0 
Board [Qs 5d 5c Qh 8h]
Seat 1: MarkCool 1 folded before Flop (didn't bet)
Seat 2: pankos1986 (button) folded on the River
Seat 3: Mahu2021 (small blind) folded before Flop
Seat 4: #1 Piero Conti (big blind) folded before Flop
Seat 5: jvsaid collected (1260)
Seat 6: XandiM.AA folded before Flop (didn't bet)
Seat 7: gnolynot folded before Flop (didn't bet)
Seat 8: vembrinquedo folded before Flop (didn't bet)



PokerStars Hand #255720291624: Tournament #3875822987, $4.90+$4.90+$1.20 USD Hold'em No Limit - Level V (60/120) - 2025/04/13 20:46:55 CET [2025/04/13 14:46:55 ET]
Table '3875822987 911' 8-max Seat #3 is the button
Seat 1: MarkCool 1 (19248 in chips, $4.90 bounty) 
Seat 2: pankos1986 (13738 in chips, $4.90 bounty) 
Seat 3: Mahu2021 (10826 in chips, $4.90 bounty) 
Seat 4: #1 Piero Conti (10092 in chips, $4.90 bounty) 
Seat 5: jvsaid (13299 in chips, $4.90 bounty) 
Seat 6: XandiM.AA (5440 in chips, $4.90 bounty) 
Seat 7: gnolynot (13425 in chips, $7.35 bounty) 
Seat 8: vembrinquedo (8298 in chips, $4.90 bounty) 
MarkCool 1: posts the ante 16
pankos1986: posts the ante 16
Mahu2021: posts the ante 16
#1 Piero Conti: posts the ante 16
jvsaid: posts the ante 16
XandiM.AA: posts the ante 16
gnolynot: posts the ante 16
vembrinquedo: posts the ante 16
#1 Piero Conti: posts small blind 60
jvsaid: posts big blind 120
*** HOLE CARDS ***
Dealt to Mahu2021 [Ad 9d]
XandiM.AA: folds 
gnolynot: folds 
vembrinquedo: raises 123 to 243
MarkCool 1: folds 
pankos1986: folds 
Mahu2021: calls 243
#1 Piero Conti: folds 
jvsaid: folds 
*** FLOP *** [5c Ah Qd]
vembrinquedo: checks 
Mahu2021: bets 360
vembrinquedo: folds 
Uncalled bet (360) returned to Mahu2021
Mahu2021 collected 794 from pot
Mahu2021: doesn't show hand 
*** SUMMARY ***
Total pot 794 | Rake 0 
Board [5c Ah Qd]
Seat 1: MarkCool 1 folded before Flop (didn't bet)
Seat 2: pankos1986 folded before Flop (didn't bet)
Seat 3: Mahu2021 (button) collected (794)
Seat 4: #1 Piero Conti (small blind) folded before Flop
Seat 5: jvsaid (big blind) folded before Flop
Seat 6: XandiM.AA folded before Flop (didn't bet)
Seat 7: gnolynot folded before Flop (didn't bet)
Seat 8: vembrinquedo folded on the Flop



PokerStars Hand #255720304545: Tournament #3875822987, $4.90+$4.90+$1.20 USD Hold'em No Limit - Level V (60/120) - 2025/04/13 20:47:36 CET [2025/04/13 14:47:36 ET]
Table '3875822987 911' 8-max Seat #4 is the button
Seat 1: MarkCool 1 (19232 in chips, $4.90 bounty) 
Seat 2: pankos1986 (13722 in chips, $4.90 bounty) 
Seat 3: Mahu2021 (11361 in chips, $4.90 bounty) 
Seat 4: #1 Piero Conti (10016 in chips, $4.90 bounty) 
Seat 5: jvsaid (13163 in chips, $4.90 bounty) 
Seat 6: XandiM.AA (5424 in chips, $4.90 bounty) 
Seat 7: gnolynot (13409 in chips, $7.35 bounty) 
Seat 8: vembrinquedo (8039 in chips, $4.90 bounty) 
MarkCool 1: posts the ante 16
pankos1986: posts the ante 16
Mahu2021: posts the ante 16
#1 Piero Conti: posts the ante 16
jvsaid: posts the ante 16
XandiM.AA: posts the ante 16
gnolynot: posts the ante 16
vembrinquedo: posts the ante 16
jvsaid: posts small blind 60
XandiM.AA: posts big blind 120
*** HOLE CARDS ***
Dealt to Mahu2021 [Jc 4c]
gnolynot: folds 
vembrinquedo: folds 
MarkCool 1: folds 
pankos1986: raises 120 to 240
Mahu2021: folds 
#1 Piero Conti: raises 780 to 1020
jvsaid: folds 
XandiM.AA: folds 
pankos1986: folds 
Uncalled bet (780) returned to #1 Piero Conti
#1 Piero Conti collected 788 from pot
#1 Piero Conti: doesn't show hand 
*** SUMMARY ***
Total pot 788 | Rake 0 
Seat 1: MarkCool 1 folded before Flop (didn't bet)
Seat 2: pankos1986 folded before Flop
Seat 3: Mahu2021 folded before Flop (didn't bet)
Seat 4: #1 Piero Conti (button) collected (788)
Seat 5: jvsaid (small blind) folded before Flop
Seat 6: XandiM.AA (big blind) folded before Flop
Seat 7: gnolynot folded before Flop (didn't bet)
Seat 8: vembrinquedo folded before Flop (didn't bet)



PokerStars Hand #255720322767: Tournament #3875822987, $4.90+$4.90+$1.20 USD Hold'em No Limit - Level V (60/120) - 2025/04/13 20:48:36 CET [2025/04/13 14:48:36 ET]
Table '3875822987 911' 8-max Seat #5 is the button
Seat 1: MarkCool 1 (19216 in chips, $4.90 bounty) 
Seat 2: pankos1986 (13466 in chips, $4.90 bounty) 
Seat 3: Mahu2021 (11345 in chips, $4.90 bounty) 
Seat 4: #1 Piero Conti (10548 in chips, $4.90 bounty) 
Seat 5: jvsaid (13087 in chips, $4.90 bounty) 
Seat 6: XandiM.AA (5288 in chips, $4.90 bounty) 
Seat 7: gnolynot (13393 in chips, $7.35 bounty) 
Seat 8: vembrinquedo (8023 in chips, $4.90 bounty) 
MarkCool 1: posts the ante 16
pankos1986: posts the ante 16
Mahu2021: posts the ante 16
#1 Piero Conti: posts the ante 16
jvsaid: posts the ante 16
XandiM.AA: posts the ante 16
gnolynot: posts the ante 16
vembrinquedo: posts the ante 16
XandiM.AA: posts small blind 60
gnolynot: posts big blind 120
*** HOLE CARDS ***
Dealt to Mahu2021 [Qs 7c]
vembrinquedo: folds 
MarkCool 1: folds 
pankos1986: folds 
Mahu2021: folds 
#1 Piero Conti: folds 
jvsaid: raises 120 to 240
XandiM.AA: folds 
gnolynot: calls 120
*** FLOP *** [Qd 7s 6h]
gnolynot: checks 
jvsaid: bets 401
gnolynot: calls 401
*** TURN *** [Qd 7s 6h] [4d]
gnolynot: checks 
jvsaid: bets 882
gnolynot: calls 882
*** RIVER *** [Qd 7s 6h 4d] [Ac]
gnolynot: checks 
jvsaid: bets 1210
gnolynot: folds 
Uncalled bet (1210) returned to jvsaid
jvsaid collected 3234 from pot
jvsaid: doesn't show hand 
*** SUMMARY ***
Total pot 3234 | Rake 0 
Board [Qd 7s 6h 4d Ac]
Seat 1: MarkCool 1 folded before Flop (didn't bet)
Seat 2: pankos1986 folded before Flop (didn't bet)
Seat 3: Mahu2021 folded before Flop (didn't bet)
Seat 4: #1 Piero Conti folded before Flop (didn't bet)
Seat 5: jvsaid (button) collected (3234)
Seat 6: XandiM.AA (small blind) folded before Flop
Seat 7: gnolynot (big blind) folded on the River
Seat 8: vembrinquedo folded before Flop (didn't bet)



PokerStars Hand #255720357095: Tournament #3875822987, $4.90+$4.90+$1.20 USD Hold'em No Limit - Level VI (70/140) - 2025/04/13 20:50:27 CET [2025/04/13 14:50:27 ET]
Table '3875822987 911' 8-max Seat #6 is the button
Seat 1: MarkCool 1 (19200 in chips, $4.90 bounty) 
Seat 2: pankos1986 (13450 in chips, $4.90 bounty) 
Seat 3: Mahu2021 (11329 in chips, $4.90 bounty) 
Seat 4: #1 Piero Conti (10532 in chips, $4.90 bounty) 
Seat 5: jvsaid (14782 in chips, $4.90 bounty) 
Seat 6: XandiM.AA (5212 in chips, $4.90 bounty) 
Seat 7: gnolynot (11854 in chips, $7.35 bounty) 
Seat 8: vembrinquedo (8007 in chips, $4.90 bounty) 
MarkCool 1: posts the ante 18
pankos1986: posts the ante 18
Mahu2021: posts the ante 18
#1 Piero Conti: posts the ante 18
jvsaid: posts the ante 18
XandiM.AA: posts the ante 18
gnolynot: posts the ante 18
vembrinquedo: posts the ante 18
gnolynot: posts small blind 70
vembrinquedo: posts big blind 140
*** HOLE CARDS ***
Dealt to Mahu2021 [2s 3s]
MarkCool 1: folds 
pankos1986: folds 
Mahu2021: folds 
#1 Piero Conti: folds 
jvsaid: raises 168 to 308
XandiM.AA: folds 
gnolynot: folds 
vembrinquedo: folds 
Uncalled bet (168) returned to jvsaid
jvsaid collected 494 from pot
jvsaid: doesn't show hand 
*** SUMMARY ***
Total pot 494 | Rake 0 
Seat 1: MarkCool 1 folded before Flop (didn't bet)
Seat 2: pankos1986 folded before Flop (didn't bet)
Seat 3: Mahu2021 folded before Flop (didn't bet)
Seat 4: #1 Piero Conti folded before Flop (didn't bet)
Seat 5: jvsaid collected (494)
Seat 6: XandiM.AA (button) folded before Flop (didn't bet)
Seat 7: gnolynot (small blind) folded before Flop
Seat 8: vembrinquedo (big blind) folded before Flop



PokerStars Hand #255720367126: Tournament #3875822987, $4.90+$4.90+$1.20 USD Hold'em No Limit - Level VI (70/140) - 2025/04/13 20:50:59 CET [2025/04/13 14:50:59 ET]
Table '3875822987 911' 8-max Seat #7 is the button
Seat 1: MarkCool 1 (19182 in chips, $4.90 bounty) 
Seat 2: pankos1986 (13432 in chips, $4.90 bounty) 
Seat 3: Mahu2021 (11311 in chips, $4.90 bounty) 
Seat 4: #1 Piero Conti (10514 in chips, $4.90 bounty) 
Seat 5: jvsaid (15118 in chips, $4.90 bounty) 
Seat 6: XandiM.AA (5194 in chips, $4.90 bounty) 
Seat 7: gnolynot (11766 in chips, $7.35 bounty) 
Seat 8: vembrinquedo (7849 in chips, $4.90 bounty) 
MarkCool 1: posts the ante 18
pankos1986: posts the ante 18
Mahu2021: posts the ante 18
#1 Piero Conti: posts the ante 18
jvsaid: posts the ante 18
XandiM.AA: posts the ante 18
gnolynot: posts the ante 18
vembrinquedo: posts the ante 18
vembrinquedo: posts small blind 70
MarkCool 1: posts big blind 140
*** HOLE CARDS ***
Dealt to Mahu2021 [Ad 4h]
pankos1986: folds 
Mahu2021: folds 
#1 Piero Conti: folds 
jvsaid: folds 
XandiM.AA: folds 
gnolynot: calls 140
vembrinquedo: folds 
MarkCool 1: checks 
*** FLOP *** [Qh Qd 3d]
MarkCool 1: checks 
gnolynot: checks 
*** TURN *** [Qh Qd 3d] [Ac]
MarkCool 1: checks 
gnolynot: bets 494
MarkCool 1: folds 
Uncalled bet (494) returned to gnolynot
gnolynot collected 494 from pot
*** SUMMARY ***
Total pot 494 | Rake 0 
Board [Qh Qd 3d Ac]
Seat 1: MarkCool 1 (big blind) folded on the Turn
Seat 2: pankos1986 folded before Flop (didn't bet)
Seat 3: Mahu2021 folded before Flop (didn't bet)
Seat 4: #1 Piero Conti folded before Flop (didn't bet)
Seat 5: jvsaid folded before Flop (didn't bet)
Seat 6: XandiM.AA folded before Flop (didn't bet)
Seat 7: gnolynot (button) collected (494)
Seat 8: vembrinquedo (small blind) folded before Flop



PokerStars Hand #255720385289: Tournament #3875822987, $4.90+$4.90+$1.20 USD Hold'em No Limit - Level VI (70/140) - 2025/04/13 20:51:58 CET [2025/04/13 14:51:58 ET]
Table '3875822987 911' 8-max Seat #8 is the button
Seat 1: MarkCool 1 (19024 in chips, $4.90 bounty) 
Seat 2: pankos1986 (13414 in chips, $4.90 bounty) 
Seat 3: Mahu2021 (11293 in chips, $4.90 bounty) 
Seat 4: #1 Piero Conti (10496 in chips, $4.90 bounty) 
Seat 5: jvsaid (15100 in chips, $4.90 bounty) 
Seat 6: XandiM.AA (5176 in chips, $4.90 bounty) 
Seat 7: gnolynot (12102 in chips, $7.35 bounty) 
Seat 8: vembrinquedo (7761 in chips, $4.90 bounty) 
MarkCool 1: posts the ante 18
pankos1986: posts the ante 18
Mahu2021: posts the ante 18
#1 Piero Conti: posts the ante 18
jvsaid: posts the ante 18
XandiM.AA: posts the ante 18
gnolynot: posts the ante 18
vembrinquedo: posts the ante 18
MarkCool 1: posts small blind 70
pankos1986: posts big blind 140
*** HOLE CARDS ***
Dealt to Mahu2021 [7s 3d]
Mahu2021: folds 
#1 Piero Conti: folds 
jvsaid: folds 
XandiM.AA: folds 
gnolynot: raises 494 to 634
vembrinquedo: calls 634
MarkCool 1: folds 
pankos1986: folds 
*** FLOP *** [Kh 4h Th]
gnolynot: bets 811
vembrinquedo: calls 811
*** TURN *** [Kh 4h Th] [3s]
gnolynot: bets 1622
vembrinquedo: calls 1622
*** RIVER *** [Kh 4h Th 3s] [7h]
gnolynot: checks 
vembrinquedo: bets 4676 and is all-in
gnolynot: folds 
Uncalled bet (4676) returned to vembrinquedo
vembrinquedo collected 6488 from pot
vembrinquedo: doesn't show hand 
*** SUMMARY ***
Total pot 6488 | Rake 0 
Board [Kh 4h Th 3s 7h]
Seat 1: MarkCool 1 (small blind) folded before Flop
Seat 2: pankos1986 (big blind) folded before Flop
Seat 3: Mahu2021 folded before Flop (didn't bet)
Seat 4: #1 Piero Conti folded before Flop (didn't bet)
Seat 5: jvsaid folded before Flop (didn't bet)
Seat 6: XandiM.AA folded before Flop (didn't bet)
Seat 7: gnolynot folded on the River
Seat 8: vembrinquedo (button) collected (6488)



PokerStars Hand #255720403643: Tournament #3875822987, $4.90+$4.90+$1.20 USD Hold'em No Limit - Level VI (70/140) - 2025/04/13 20:52:58 CET [2025/04/13 14:52:58 ET]
Table '3875822987 911' 8-max Seat #1 is the button
Seat 1: MarkCool 1 (18936 in chips, $4.90 bounty) 
Seat 2: pankos1986 (13256 in chips, $4.90 bounty) 
Seat 3: Mahu2021 (11275 in chips, $4.90 bounty) 
Seat 4: #1 Piero Conti (10478 in chips, $4.90 bounty) 
Seat 5: jvsaid (15082 in chips, $4.90 bounty) 
Seat 6: XandiM.AA (5158 in chips, $4.90 bounty) 
Seat 7: gnolynot (9017 in chips, $7.35 bounty) 
Seat 8: vembrinquedo (11164 in chips, $4.90 bounty) 
MarkCool 1: posts the ante 18
pankos1986: posts the ante 18
Mahu2021: posts the ante 18
#1 Piero Conti: posts the ante 18
jvsaid: posts the ante 18
XandiM.AA: posts the ante 18
gnolynot: posts the ante 18
vembrinquedo: posts the ante 18
pankos1986: posts small blind 70
Mahu2021: posts big blind 140
*** HOLE CARDS ***
Dealt to Mahu2021 [4h 3d]
#1 Piero Conti: folds 
jvsaid: folds 
XandiM.AA: raises 140 to 280
gnolynot: calls 280
vembrinquedo: folds 
MarkCool 1: calls 280
pankos1986: calls 210
Mahu2021: folds 
*** FLOP *** [3h Tc 9d]
pankos1986: checks 
XandiM.AA: checks 
gnolynot: bets 702
MarkCool 1: calls 702
pankos1986: folds 
XandiM.AA: folds 
*** TURN *** [3h Tc 9d] [9h]
gnolynot: bets 1404
MarkCool 1: calls 1404
*** RIVER *** [3h Tc 9d 9h] [3c]
gnolynot: bets 2808
MarkCool 1: calls 2808
*** SHOW DOWN ***
gnolynot: shows [8c Jc] (two pair, Nines and Threes)
MarkCool 1: shows [Qd Ts] (two pair, Tens and Nines)
MarkCool 1 collected 11232 from pot
*** SUMMARY ***
Total pot 11232 | Rake 0 
Board [3h Tc 9d 9h 3c]
Seat 1: MarkCool 1 (button) showed [Qd Ts] and won (11232) with two pair, Tens and Nines
Seat 2: pankos1986 (small blind) folded on the Flop
Seat 3: Mahu2021 (big blind) folded before Flop
Seat 4: #1 Piero Conti folded before Flop (didn't bet)
Seat 5: jvsaid folded before Flop (didn't bet)
Seat 6: XandiM.AA folded on the Flop
Seat 7: gnolynot showed [8c Jc] and lost with two pair, Nines and Threes
Seat 8: vembrinquedo folded before Flop (didn't bet)



PokerStars Hand #255720428633: Tournament #3875822987, $4.90+$4.90+$1.20 USD Hold'em No Limit - Level VI (70/140) - 2025/04/13 20:54:20 CET [2025/04/13 14:54:20 ET]
Table '3875822987 911' 8-max Seat #2 is the button
Seat 1: MarkCool 1 (24956 in chips, $4.90 bounty) 
Seat 2: pankos1986 (12958 in chips, $4.90 bounty) 
Seat 3: Mahu2021 (11117 in chips, $4.90 bounty) 
Seat 4: #1 Piero Conti (10460 in chips, $4.90 bounty) 
Seat 5: jvsaid (15064 in chips, $4.90 bounty) 
Seat 6: XandiM.AA (4860 in chips, $4.90 bounty) 
Seat 7: gnolynot (3805 in chips, $7.35 bounty) 
Seat 8: vembrinquedo (11146 in chips, $4.90 bounty) 
MarkCool 1: posts the ante 18
pankos1986: posts the ante 18
Mahu2021: posts the ante 18
#1 Piero Conti: posts the ante 18
jvsaid: posts the ante 18
XandiM.AA: posts the ante 18
gnolynot: posts the ante 18
vembrinquedo: posts the ante 18
Mahu2021: posts small blind 70
#1 Piero Conti: posts big blind 140
*** HOLE CARDS ***
Dealt to Mahu2021 [Tc 7s]
jvsaid: raises 140 to 280
XandiM.AA: calls 280
gnolynot: calls 280
vembrinquedo: folds 
MarkCool 1: calls 280
pankos1986: folds 
Mahu2021: folds 
pankos1986 is sitting out
#1 Piero Conti: calls 140
*** FLOP *** [5h Kd 5c]
#1 Piero Conti: checks 
jvsaid: checks 
XandiM.AA: checks 
gnolynot: checks 
MarkCool 1: checks 
*** TURN *** [5h Kd 5c] [Ah]
#1 Piero Conti: checks 
jvsaid: checks 
XandiM.AA: checks 
gnolynot: checks 
MarkCool 1: checks 
*** RIVER *** [5h Kd 5c Ah] [9c]
#1 Piero Conti: bets 490
jvsaid: folds 
XandiM.AA: raises 1712 to 2202
gnolynot: folds 
MarkCool 1: folds 
#1 Piero Conti: folds 
Uncalled bet (1712) returned to XandiM.AA
XandiM.AA collected 2594 from pot
XandiM.AA: doesn't show hand 
*** SUMMARY ***
Total pot 2594 | Rake 0 
Board [5h Kd 5c Ah 9c]
Seat 1: MarkCool 1 folded on the River
Seat 2: pankos1986 (button) folded before Flop (didn't bet)
Seat 3: Mahu2021 (small blind) folded before Flop
Seat 4: #1 Piero Conti (big blind) folded on the River
Seat 5: jvsaid folded on the River
Seat 6: XandiM.AA collected (2594)
Seat 7: gnolynot folded on the River
Seat 8: vembrinquedo folded before Flop (didn't bet)



PokerStars Hand #255720538650: Tournament #3875822987, $4.90+$4.90+$1.20 USD Hold'em No Limit - Level VI (70/140) - 2025/04/13 21:03:00 CET [2025/04/13 15:03:00 ET]
Table '3875822987 911' 8-max Seat #3 is the button
Seat 1: mouseland1009 (10000 in chips, $4.90 bounty) 
Seat 2: yagoalves (10000 in chips, $4.90 bounty) 
Seat 3: Mahu2021 (11029 in chips, $4.90 bounty) 
Seat 4: #1 Piero Conti (9672 in chips, $4.90 bounty) 
Seat 5: jvsaid (14766 in chips, $4.90 bounty) 
Seat 6: XandiM.AA (6666 in chips, $4.90 bounty) 
Seat 7: gnolynot (3507 in chips, $7.35 bounty) 
Seat 8: vembrinquedo (11128 in chips, $4.90 bounty) 
mouseland1009: posts the ante 18
yagoalves: posts the ante 18
Mahu2021: posts the ante 18
#1 Piero Conti: posts the ante 18
jvsaid: posts the ante 18
XandiM.AA: posts the ante 18
gnolynot: posts the ante 18
vembrinquedo: posts the ante 18
#1 Piero Conti: posts small blind 70
jvsaid: posts big blind 140
*** HOLE CARDS ***
Dealt to Mahu2021 [Ad 3s]
XandiM.AA: folds 
gnolynot: folds 
vembrinquedo: folds 
mouseland1009: folds 
yagoalves: folds 
Mahu2021: raises 280 to 420
#1 Piero Conti: folds 
jvsaid: folds 
Uncalled bet (280) returned to Mahu2021
Mahu2021 collected 494 from pot
Mahu2021: doesn't show hand 
*** SUMMARY ***
Total pot 494 | Rake 0 
Seat 1: mouseland1009 folded before Flop (didn't bet)
Seat 2: yagoalves folded before Flop (didn't bet)
Seat 3: Mahu2021 (button) collected (494)
Seat 4: #1 Piero Conti (small blind) folded before Flop
Seat 5: jvsaid (big blind) folded before Flop
Seat 6: XandiM.AA folded before Flop (didn't bet)
Seat 7: gnolynot folded before Flop (didn't bet)
Seat 8: vembrinquedo folded before Flop (didn't bet)



PokerStars Hand #255720551903: Tournament #3875822987, $4.90+$4.90+$1.20 USD Hold'em No Limit - Level VI (70/140) - 2025/04/13 21:03:43 CET [2025/04/13 15:03:43 ET]
Table '3875822987 911' 8-max Seat #4 is the button
Seat 1: mouseland1009 (9982 in chips, $4.90 bounty) 
Seat 2: yagoalves (9982 in chips, $4.90 bounty) 
Seat 3: Mahu2021 (11365 in chips, $4.90 bounty) 
Seat 4: #1 Piero Conti (9584 in chips, $4.90 bounty) 
Seat 5: jvsaid (14608 in chips, $4.90 bounty) 
Seat 6: XandiM.AA (6648 in chips, $4.90 bounty) 
Seat 7: gnolynot (3489 in chips, $7.35 bounty) 
Seat 8: vembrinquedo (11110 in chips, $4.90 bounty) 
mouseland1009: posts the ante 18
yagoalves: posts the ante 18
Mahu2021: posts the ante 18
#1 Piero Conti: posts the ante 18
jvsaid: posts the ante 18
XandiM.AA: posts the ante 18
gnolynot: posts the ante 18
vembrinquedo: posts the ante 18
jvsaid: posts small blind 70
XandiM.AA: posts big blind 140
*** HOLE CARDS ***
Dealt to Mahu2021 [3d Qh]
gnolynot: calls 140
vembrinquedo: folds 
mouseland1009: raises 210 to 350
yagoalves: folds 
Mahu2021: folds 
#1 Piero Conti: raises 700 to 1050
jvsaid: folds 
XandiM.AA: folds 
gnolynot: calls 910
mouseland1009: calls 700
*** FLOP *** [4d 7h 2s]
gnolynot: bets 2421 and is all-in
mouseland1009: folds 
#1 Piero Conti: calls 2421
*** TURN *** [4d 7h 2s] [3h]
*** RIVER *** [4d 7h 2s 3h] [5d]
*** SHOW DOWN ***
gnolynot: shows [7s 3s] (two pair, Sevens and Threes)
#1 Piero Conti: shows [Kd Kc] (a pair of Kings)
gnolynot collected 8346 from pot
*** SUMMARY ***
Total pot 8346 | Rake 0 
Board [4d 7h 2s 3h 5d]
Seat 1: mouseland1009 folded on the Flop
Seat 2: yagoalves folded before Flop (didn't bet)
Seat 3: Mahu2021 folded before Flop (didn't bet)
Seat 4: #1 Piero Conti (button) showed [Kd Kc] and lost with a pair of Kings
Seat 5: jvsaid (small blind) folded before Flop
Seat 6: XandiM.AA (big blind) folded before Flop
Seat 7: gnolynot showed [7s 3s] and won (8346) with two pair, Sevens and Threes
Seat 8: vembrinquedo folded before Flop (didn't bet)



PokerStars Hand #255720579990: Tournament #3875822987, $4.90+$4.90+$1.20 USD Hold'em No Limit - Level VI (70/140) - 2025/04/13 21:05:13 CET [2025/04/13 15:05:13 ET]
Table '3875822987 911' 8-max Seat #5 is the button
Seat 1: mouseland1009 (8914 in chips, $4.90 bounty) 
Seat 2: yagoalves (9964 in chips, $4.90 bounty) 
Seat 3: Mahu2021 (11347 in chips, $4.90 bounty) 
Seat 4: #1 Piero Conti (6095 in chips, $4.90 bounty) 
Seat 5: jvsaid (14520 in chips, $4.90 bounty) 
Seat 6: XandiM.AA (6490 in chips, $4.90 bounty) 
Seat 7: gnolynot (8346 in chips, $7.35 bounty) 
Seat 8: vembrinquedo (11092 in chips, $4.90 bounty) 
mouseland1009: posts the ante 18
yagoalves: posts the ante 18
Mahu2021: posts the ante 18
#1 Piero Conti: posts the ante 18
jvsaid: posts the ante 18
XandiM.AA: posts the ante 18
gnolynot: posts the ante 18
vembrinquedo: posts the ante 18
XandiM.AA: posts small blind 70
gnolynot: posts big blind 140
*** HOLE CARDS ***
Dealt to Mahu2021 [Qd 5d]
vembrinquedo: folds 
mouseland1009: folds 
yagoalves: folds 
Mahu2021: folds 
#1 Piero Conti: folds 
jvsaid: raises 182 to 322
XandiM.AA: folds 
gnolynot: raises 858 to 1180
jvsaid: folds 
Uncalled bet (858) returned to gnolynot
gnolynot collected 858 from pot
*** SUMMARY ***
Total pot 858 | Rake 0 
Seat 1: mouseland1009 folded before Flop (didn't bet)
Seat 2: yagoalves folded before Flop (didn't bet)
Seat 3: Mahu2021 folded before Flop (didn't bet)
Seat 4: #1 Piero Conti folded before Flop (didn't bet)
Seat 5: jvsaid (button) folded before Flop
Seat 6: XandiM.AA (small blind) folded before Flop
Seat 7: gnolynot (big blind) collected (858)
Seat 8: vembrinquedo folded before Flop (didn't bet)



PokerStars Hand #255720594668: Tournament #3875822987, $4.90+$4.90+$1.20 USD Hold'em No Limit - Level VI (70/140) - 2025/04/13 21:05:58 CET [2025/04/13 15:05:58 ET]
Table '3875822987 911' 8-max Seat #6 is the button
Seat 1: mouseland1009 (8896 in chips, $4.90 bounty) 
Seat 2: yagoalves (9946 in chips, $4.90 bounty) 
Seat 3: Mahu2021 (11329 in chips, $4.90 bounty) 
Seat 4: #1 Piero Conti (6077 in chips, $4.90 bounty) 
Seat 5: jvsaid (14180 in chips, $4.90 bounty) 
Seat 6: XandiM.AA (6402 in chips, $4.90 bounty) 
Seat 7: gnolynot (8864 in chips, $7.35 bounty) 
Seat 8: vembrinquedo (11074 in chips, $4.90 bounty) 
mouseland1009: posts the ante 18
yagoalves: posts the ante 18
Mahu2021: posts the ante 18
#1 Piero Conti: posts the ante 18
jvsaid: posts the ante 18
XandiM.AA: posts the ante 18
gnolynot: posts the ante 18
vembrinquedo: posts the ante 18
gnolynot: posts small blind 70
vembrinquedo: posts big blind 140
*** HOLE CARDS ***
Dealt to Mahu2021 [Jd Ad]
mouseland1009: folds 
yagoalves: folds 
Mahu2021: raises 280 to 420
#1 Piero Conti: folds 
jvsaid: raises 1120 to 1540
XandiM.AA: folds 
gnolynot: folds 
vembrinquedo: folds 
Mahu2021: calls 1120
*** FLOP *** [Qc 4h 7s]
Mahu2021: checks 
jvsaid: bets 1030
Mahu2021: folds 
Uncalled bet (1030) returned to jvsaid
jvsaid collected 3434 from pot
jvsaid: doesn't show hand 
*** SUMMARY ***
Total pot 3434 | Rake 0 
Board [Qc 4h 7s]
Seat 1: mouseland1009 folded before Flop (didn't bet)
Seat 2: yagoalves folded before Flop (didn't bet)
Seat 3: Mahu2021 folded on the Flop
Seat 4: #1 Piero Conti folded before Flop (didn't bet)
Seat 5: jvsaid collected (3434)
Seat 6: XandiM.AA (button) folded before Flop (didn't bet)
Seat 7: gnolynot (small blind) folded before Flop
Seat 8: vembrinquedo (big blind) folded before Flop



PokerStars Hand #255720618515: Tournament #3875822987, $4.90+$4.90+$1.20 USD Hold'em No Limit - Level VI (70/140) - 2025/04/13 21:07:11 CET [2025/04/13 15:07:11 ET]
Table '3875822987 911' 8-max Seat #7 is the button
Seat 1: mouseland1009 (8878 in chips, $4.90 bounty) 
Seat 2: yagoalves (9928 in chips, $4.90 bounty) 
Seat 3: Mahu2021 (9771 in chips, $4.90 bounty) 
Seat 4: #1 Piero Conti (6059 in chips, $4.90 bounty) 
Seat 5: jvsaid (16056 in chips, $4.90 bounty) 
Seat 6: XandiM.AA (6384 in chips, $4.90 bounty) 
Seat 7: gnolynot (8776 in chips, $7.35 bounty) 
Seat 8: vembrinquedo (10916 in chips, $4.90 bounty) 
mouseland1009: posts the ante 18
yagoalves: posts the ante 18
Mahu2021: posts the ante 18
#1 Piero Conti: posts the ante 18
jvsaid: posts the ante 18
XandiM.AA: posts the ante 18
gnolynot: posts the ante 18
vembrinquedo: posts the ante 18
vembrinquedo: posts small blind 70
mouseland1009: posts big blind 140
*** HOLE CARDS ***
Dealt to Mahu2021 [Jd 6d]
yagoalves: folds 
Mahu2021: folds 
#1 Piero Conti: folds 
jvsaid: folds 
XandiM.AA: folds 
gnolynot: folds 
vembrinquedo: folds 
Uncalled bet (70) returned to mouseland1009
mouseland1009 collected 284 from pot
mouseland1009: doesn't show hand 
*** SUMMARY ***
Total pot 284 | Rake 0 
Seat 1: mouseland1009 (big blind) collected (284)
Seat 2: yagoalves folded before Flop (didn't bet)
Seat 3: Mahu2021 folded before Flop (didn't bet)
Seat 4: #1 Piero Conti folded before Flop (didn't bet)
Seat 5: jvsaid folded before Flop (didn't bet)
Seat 6: XandiM.AA folded before Flop (didn't bet)
Seat 7: gnolynot (button) folded before Flop (didn't bet)
Seat 8: vembrinquedo (small blind) folded before Flop



PokerStars Hand #255720623859: Tournament #3875822987, $4.90+$4.90+$1.20 USD Hold'em No Limit - Level VI (70/140) - 2025/04/13 21:07:28 CET [2025/04/13 15:07:28 ET]
Table '3875822987 911' 8-max Seat #8 is the button
Seat 1: mouseland1009 (9074 in chips, $4.90 bounty) 
Seat 2: yagoalves (9910 in chips, $4.90 bounty) 
Seat 3: Mahu2021 (9753 in chips, $4.90 bounty) 
Seat 4: #1 Piero Conti (6041 in chips, $4.90 bounty) 
Seat 5: jvsaid (16038 in chips, $4.90 bounty) 
Seat 6: XandiM.AA (6366 in chips, $4.90 bounty) 
Seat 7: gnolynot (8758 in chips, $7.35 bounty) 
Seat 8: vembrinquedo (10828 in chips, $4.90 bounty) 
mouseland1009: posts the ante 18
yagoalves: posts the ante 18
Mahu2021: posts the ante 18
#1 Piero Conti: posts the ante 18
jvsaid: posts the ante 18
XandiM.AA: posts the ante 18
gnolynot: posts the ante 18
vembrinquedo: posts the ante 18
mouseland1009: posts small blind 70
yagoalves: posts big blind 140
*** HOLE CARDS ***
Dealt to Mahu2021 [Kc Jc]
Mahu2021: raises 140 to 280
#1 Piero Conti: folds 
jvsaid: folds 
XandiM.AA: calls 280
gnolynot is disconnected 
gnolynot is disconnected 
gnolynot is connected 
gnolynot: folds 
vembrinquedo: folds 
mouseland1009: folds 
yagoalves: calls 140
*** FLOP *** [9h 9c 6d]
yagoalves: checks 
Mahu2021: checks 
XandiM.AA: bets 348
yagoalves: folds 
Mahu2021: calls 348
*** TURN *** [9h 9c 6d] [Ks]
Mahu2021: checks 
XandiM.AA: checks 
*** RIVER *** [9h 9c 6d Ks] [5s]
Mahu2021: bets 1750
XandiM.AA: folds 
Uncalled bet (1750) returned to Mahu2021
Mahu2021 collected 1750 from pot
Mahu2021: doesn't show hand 
*** SUMMARY ***
Total pot 1750 | Rake 0 
Board [9h 9c 6d Ks 5s]
Seat 1: mouseland1009 (small blind) folded before Flop
Seat 2: yagoalves (big blind) folded on the Flop
Seat 3: Mahu2021 collected (1750)
Seat 4: #1 Piero Conti folded before Flop (didn't bet)
Seat 5: jvsaid folded before Flop (didn't bet)
Seat 6: XandiM.AA folded on the River
Seat 7: gnolynot folded before Flop (didn't bet)
Seat 8: vembrinquedo (button) folded before Flop (didn't bet)



PokerStars Hand #255720656289: Tournament #3875822987, $4.90+$4.90+$1.20 USD Hold'em No Limit - Level VII (80/160) - 2025/04/13 21:09:07 CET [2025/04/13 15:09:07 ET]
Table '3875822987 911' 8-max Seat #1 is the button
Seat 1: mouseland1009 (8986 in chips, $4.90 bounty) 
Seat 2: yagoalves (9612 in chips, $4.90 bounty) 
Seat 3: Mahu2021 (10857 in chips, $4.90 bounty) 
Seat 4: #1 Piero Conti (6023 in chips, $4.90 bounty) 
Seat 5: jvsaid (16020 in chips, $4.90 bounty) 
Seat 6: XandiM.AA (5720 in chips, $4.90 bounty) 
Seat 7: gnolynot (8740 in chips, $7.35 bounty) 
Seat 8: vembrinquedo (10810 in chips, $4.90 bounty) 
mouseland1009: posts the ante 20
yagoalves: posts the ante 20
Mahu2021: posts the ante 20
#1 Piero Conti: posts the ante 20
jvsaid: posts the ante 20
XandiM.AA: posts the ante 20
gnolynot: posts the ante 20
vembrinquedo: posts the ante 20
yagoalves: posts small blind 80
Mahu2021: posts big blind 160
*** HOLE CARDS ***
Dealt to Mahu2021 [Jc 7s]
#1 Piero Conti: folds 
jvsaid: raises 160 to 320
XandiM.AA: folds 
gnolynot: folds 
vembrinquedo: folds 
mouseland1009: folds 
yagoalves: folds 
Mahu2021: folds 
Uncalled bet (160) returned to jvsaid
jvsaid collected 560 from pot
jvsaid: doesn't show hand 
*** SUMMARY ***
Total pot 560 | Rake 0 
Seat 1: mouseland1009 (button) folded before Flop (didn't bet)
Seat 2: yagoalves (small blind) folded before Flop
Seat 3: Mahu2021 (big blind) folded before Flop
Seat 4: #1 Piero Conti folded before Flop (didn't bet)
Seat 5: jvsaid collected (560)
Seat 6: XandiM.AA folded before Flop (didn't bet)
Seat 7: gnolynot folded before Flop (didn't bet)
Seat 8: vembrinquedo folded before Flop (didn't bet)



PokerStars Hand #255720670274: Tournament #3875822987, $4.90+$4.90+$1.20 USD Hold'em No Limit - Level VII (80/160) - 2025/04/13 21:09:50 CET [2025/04/13 15:09:50 ET]
Table '3875822987 911' 8-max Seat #2 is the button
Seat 1: mouseland1009 (8966 in chips, $4.90 bounty) 
Seat 2: yagoalves (9512 in chips, $4.90 bounty) 
Seat 3: Mahu2021 (10677 in chips, $4.90 bounty) 
Seat 4: #1 Piero Conti (6003 in chips, $4.90 bounty) 
Seat 5: jvsaid (16400 in chips, $4.90 bounty) 
Seat 6: XandiM.AA (5700 in chips, $4.90 bounty) 
Seat 7: gnolynot (8720 in chips, $7.35 bounty) 
Seat 8: vembrinquedo (10790 in chips, $4.90 bounty) 
mouseland1009: posts the ante 20
yagoalves: posts the ante 20
Mahu2021: posts the ante 20
#1 Piero Conti: posts the ante 20
jvsaid: posts the ante 20
XandiM.AA: posts the ante 20
gnolynot: posts the ante 20
vembrinquedo: posts the ante 20
Mahu2021: posts small blind 80
#1 Piero Conti: posts big blind 160
*** HOLE CARDS ***
Dealt to Mahu2021 [2d 5h]
jvsaid: folds 
XandiM.AA: folds 
gnolynot: folds 
vembrinquedo: folds 
mouseland1009: folds 
yagoalves: raises 160 to 320
Mahu2021: folds 
#1 Piero Conti: calls 160
*** FLOP *** [8h 2h Qs]
#1 Piero Conti: checks 
yagoalves: bets 290
#1 Piero Conti: folds 
Uncalled bet (290) returned to yagoalves
yagoalves collected 880 from pot
*** SUMMARY ***
Total pot 880 | Rake 0 
Board [8h 2h Qs]
Seat 1: mouseland1009 folded before Flop (didn't bet)
Seat 2: yagoalves (button) collected (880)
Seat 3: Mahu2021 (small blind) folded before Flop
Seat 4: #1 Piero Conti (big blind) folded on the Flop
Seat 5: jvsaid folded before Flop (didn't bet)
Seat 6: XandiM.AA folded before Flop (didn't bet)
Seat 7: gnolynot folded before Flop (didn't bet)
Seat 8: vembrinquedo folded before Flop (didn't bet)



PokerStars Hand #255720693159: Tournament #3875822987, $4.90+$4.90+$1.20 USD Hold'em No Limit - Level VII (80/160) - 2025/04/13 21:11:00 CET [2025/04/13 15:11:00 ET]
Table '3875822987 911' 8-max Seat #3 is the button
Seat 1: mouseland1009 (8946 in chips, $4.90 bounty) 
Seat 2: yagoalves (10052 in chips, $4.90 bounty) 
Seat 3: Mahu2021 (10577 in chips, $4.90 bounty) 
Seat 4: #1 Piero Conti (5663 in chips, $4.90 bounty) 
Seat 5: jvsaid (16380 in chips, $4.90 bounty) 
Seat 6: XandiM.AA (5680 in chips, $4.90 bounty) 
Seat 7: gnolynot (8700 in chips, $7.35 bounty) 
Seat 8: vembrinquedo (10770 in chips, $4.90 bounty) 
mouseland1009: posts the ante 20
yagoalves: posts the ante 20
Mahu2021: posts the ante 20
#1 Piero Conti: posts the ante 20
jvsaid: posts the ante 20
XandiM.AA: posts the ante 20
gnolynot: posts the ante 20
vembrinquedo: posts the ante 20
#1 Piero Conti: posts small blind 80
jvsaid: posts big blind 160
*** HOLE CARDS ***
Dealt to Mahu2021 [2c Kd]
XandiM.AA: folds 
gnolynot: folds 
vembrinquedo: folds 
mouseland1009: folds 
yagoalves: raises 160 to 320
Mahu2021: folds 
#1 Piero Conti: folds 
jvsaid: raises 1360 to 1680
yagoalves: calls 1360
*** FLOP *** [Ts 7c Td]
jvsaid: checks 
yagoalves: bets 1188
jvsaid: calls 1188
*** TURN *** [Ts 7c Td] [7s]
jvsaid: checks 
yagoalves: checks 
*** RIVER *** [Ts 7c Td 7s] [As]
jvsaid: checks 
yagoalves: checks 
*** SHOW DOWN ***
jvsaid: shows [Qd Ac] (two pair, Aces and Tens)
yagoalves: mucks hand 
jvsaid collected 5976 from pot
*** SUMMARY ***
Total pot 5976 | Rake 0 
Board [Ts 7c Td 7s As]
Seat 1: mouseland1009 folded before Flop (didn't bet)
Seat 2: yagoalves mucked [Kh 9h]
Seat 3: Mahu2021 (button) folded before Flop (didn't bet)
Seat 4: #1 Piero Conti (small blind) folded before Flop
Seat 5: jvsaid (big blind) showed [Qd Ac] and won (5976) with two pair, Aces and Tens
Seat 6: XandiM.AA folded before Flop (didn't bet)
Seat 7: gnolynot folded before Flop (didn't bet)
Seat 8: vembrinquedo folded before Flop (didn't bet)



PokerStars Hand #255720734770: Tournament #3875822987, $4.90+$4.90+$1.20 USD Hold'em No Limit - Level VII (80/160) - 2025/04/13 21:13:08 CET [2025/04/13 15:13:08 ET]
Table '3875822987 911' 8-max Seat #4 is the button
Seat 1: mouseland1009 (8926 in chips, $4.90 bounty) 
Seat 2: yagoalves (7164 in chips, $4.90 bounty) 
Seat 3: Mahu2021 (10557 in chips, $4.90 bounty) 
Seat 4: #1 Piero Conti (5563 in chips, $4.90 bounty) 
Seat 5: jvsaid (19468 in chips, $4.90 bounty) 
Seat 6: XandiM.AA (5660 in chips, $4.90 bounty) 
Seat 7: gnolynot (8680 in chips, $7.35 bounty) 
Seat 8: vembrinquedo (10750 in chips, $4.90 bounty) 
mouseland1009: posts the ante 20
yagoalves: posts the ante 20
Mahu2021: posts the ante 20
#1 Piero Conti: posts the ante 20
jvsaid: posts the ante 20
XandiM.AA: posts the ante 20
gnolynot: posts the ante 20
vembrinquedo: posts the ante 20
jvsaid: posts small blind 80
XandiM.AA: posts big blind 160
*** HOLE CARDS ***
Dealt to Mahu2021 [3d Qd]
gnolynot: folds 
vembrinquedo: folds 
mouseland1009: folds 
yagoalves: folds 
Mahu2021: folds 
#1 Piero Conti: folds 
jvsaid: raises 400 to 560
XandiM.AA: raises 1040 to 1600
jvsaid: raises 17848 to 19448 and is all-in
XandiM.AA: calls 4040 and is all-in
Uncalled bet (13808) returned to jvsaid
*** FLOP *** [Ks Kh Jc]
*** TURN *** [Ks Kh Jc] [2h]
*** RIVER *** [Ks Kh Jc 2h] [6s]
*** SHOW DOWN ***
jvsaid: shows [8h 8d] (two pair, Kings and Eights)
XandiM.AA: shows [Ah Jh] (two pair, Kings and Jacks)
XandiM.AA collected 11440 from pot
*** SUMMARY ***
Total pot 11440 | Rake 0 
Board [Ks Kh Jc 2h 6s]
Seat 1: mouseland1009 folded before Flop (didn't bet)
Seat 2: yagoalves folded before Flop (didn't bet)
Seat 3: Mahu2021 folded before Flop (didn't bet)
Seat 4: #1 Piero Conti (button) folded before Flop (didn't bet)
Seat 5: jvsaid (small blind) showed [8h 8d] and lost with two pair, Kings and Eights
Seat 6: XandiM.AA (big blind) showed [Ah Jh] and won (11440) with two pair, Kings and Jacks
Seat 7: gnolynot folded before Flop (didn't bet)
Seat 8: vembrinquedo folded before Flop (didn't bet)



PokerStars Hand #255720756685: Tournament #3875822987, $4.90+$4.90+$1.20 USD Hold'em No Limit - Level VII (80/160) - 2025/04/13 21:14:14 CET [2025/04/13 15:14:14 ET]
Table '3875822987 911' 8-max Seat #5 is the button
Seat 1: mouseland1009 (8906 in chips, $4.90 bounty) 
Seat 2: yagoalves (7144 in chips, $4.90 bounty) 
Seat 3: Mahu2021 (10537 in chips, $4.90 bounty) 
Seat 4: #1 Piero Conti (5543 in chips, $4.90 bounty) 
Seat 5: jvsaid (13808 in chips, $4.90 bounty) 
Seat 6: XandiM.AA (11440 in chips, $4.90 bounty) 
Seat 7: gnolynot (8660 in chips, $7.35 bounty) 
Seat 8: vembrinquedo (10730 in chips, $4.90 bounty) 
mouseland1009: posts the ante 20
yagoalves: posts the ante 20
Mahu2021: posts the ante 20
#1 Piero Conti: posts the ante 20
jvsaid: posts the ante 20
XandiM.AA: posts the ante 20
gnolynot: posts the ante 20
vembrinquedo: posts the ante 20
XandiM.AA: posts small blind 80
gnolynot: posts big blind 160
*** HOLE CARDS ***
Dealt to Mahu2021 [2c Jd]
vembrinquedo: folds 
mouseland1009: folds 
yagoalves: folds 
Mahu2021: folds 
#1 Piero Conti: folds 
jvsaid: raises 208 to 368
XandiM.AA: folds 
gnolynot: folds 
Uncalled bet (208) returned to jvsaid
jvsaid collected 560 from pot
jvsaid: doesn't show hand 
*** SUMMARY ***
Total pot 560 | Rake 0 
Seat 1: mouseland1009 folded before Flop (didn't bet)
Seat 2: yagoalves folded before Flop (didn't bet)
Seat 3: Mahu2021 folded before Flop (didn't bet)
Seat 4: #1 Piero Conti folded before Flop (didn't bet)
Seat 5: jvsaid (button) collected (560)
Seat 6: XandiM.AA (small blind) folded before Flop
Seat 7: gnolynot (big blind) folded before Flop
Seat 8: vembrinquedo folded before Flop (didn't bet)



PokerStars Hand #255720773855: Tournament #3875822987, $4.90+$4.90+$1.20 USD Hold'em No Limit - Level VII (80/160) - 2025/04/13 21:15:06 CET [2025/04/13 15:15:06 ET]
Table '3875822987 911' 8-max Seat #6 is the button
Seat 1: mouseland1009 (8886 in chips, $4.90 bounty) 
Seat 2: yagoalves (7124 in chips, $4.90 bounty) 
Seat 3: Mahu2021 (10517 in chips, $4.90 bounty) 
Seat 4: #1 Piero Conti (5523 in chips, $4.90 bounty) 
Seat 5: jvsaid (14188 in chips, $4.90 bounty) 
Seat 6: XandiM.AA (11340 in chips, $4.90 bounty) 
Seat 7: gnolynot (8480 in chips, $7.35 bounty) 
Seat 8: vembrinquedo (10710 in chips, $4.90 bounty) 
mouseland1009: posts the ante 20
yagoalves: posts the ante 20
Mahu2021: posts the ante 20
#1 Piero Conti: posts the ante 20
jvsaid: posts the ante 20
XandiM.AA: posts the ante 20
gnolynot: posts the ante 20
vembrinquedo: posts the ante 20
gnolynot: posts small blind 80
vembrinquedo: posts big blind 160
*** HOLE CARDS ***
Dealt to Mahu2021 [4c 5d]
mouseland1009: folds 
yagoalves: folds 
Mahu2021: folds 
#1 Piero Conti: folds 
jvsaid: folds 
XandiM.AA: raises 160 to 320
gnolynot: calls 240
vembrinquedo: raises 1131 to 1451
XandiM.AA: folds 
gnolynot: folds 
Uncalled bet (1131) returned to vembrinquedo
vembrinquedo collected 1120 from pot
vembrinquedo: doesn't show hand 
*** SUMMARY ***
Total pot 1120 | Rake 0 
Seat 1: mouseland1009 folded before Flop (didn't bet)
Seat 2: yagoalves folded before Flop (didn't bet)
Seat 3: Mahu2021 folded before Flop (didn't bet)
Seat 4: #1 Piero Conti folded before Flop (didn't bet)
Seat 5: jvsaid folded before Flop (didn't bet)
Seat 6: XandiM.AA (button) folded before Flop
Seat 7: gnolynot (small blind) folded before Flop
Seat 8: vembrinquedo (big blind) collected (1120)



PokerStars Hand #255720790602: Tournament #3875822987, $4.90+$4.90+$1.20 USD Hold'em No Limit - Level VII (80/160) - 2025/04/13 21:15:57 CET [2025/04/13 15:15:57 ET]
Table '3875822987 911' 8-max Seat #7 is the button
Seat 1: mouseland1009 (8866 in chips, $4.90 bounty) 
Seat 2: yagoalves (7104 in chips, $4.90 bounty) 
Seat 3: Mahu2021 (10497 in chips, $4.90 bounty) 
Seat 4: #1 Piero Conti (5503 in chips, $4.90 bounty) 
Seat 5: jvsaid (14168 in chips, $4.90 bounty) 
Seat 6: XandiM.AA (11000 in chips, $4.90 bounty) 
Seat 7: gnolynot (8140 in chips, $7.35 bounty) 
Seat 8: vembrinquedo (11490 in chips, $4.90 bounty) 
mouseland1009: posts the ante 20
yagoalves: posts the ante 20
Mahu2021: posts the ante 20
#1 Piero Conti: posts the ante 20
jvsaid: posts the ante 20
XandiM.AA: posts the ante 20
gnolynot: posts the ante 20
vembrinquedo: posts the ante 20
vembrinquedo: posts small blind 80
mouseland1009: posts big blind 160
*** HOLE CARDS ***
Dealt to Mahu2021 [Td Kh]
yagoalves: folds 
Mahu2021: folds 
#1 Piero Conti: folds 
jvsaid: folds 
XandiM.AA: raises 160 to 320
gnolynot: folds 
vembrinquedo: calls 240
mouseland1009: calls 160
*** FLOP *** [7c Th 8s]
vembrinquedo: checks 
mouseland1009: checks 
XandiM.AA: checks 
*** TURN *** [7c Th 8s] [9d]
vembrinquedo: checks 
mouseland1009: bets 896
XandiM.AA: folds 
vembrinquedo: folds 
Uncalled bet (896) returned to mouseland1009
mouseland1009 collected 1120 from pot
mouseland1009: doesn't show hand 
*** SUMMARY ***
Total pot 1120 | Rake 0 
Board [7c Th 8s 9d]
Seat 1: mouseland1009 (big blind) collected (1120)
Seat 2: yagoalves folded before Flop (didn't bet)
Seat 3: Mahu2021 folded before Flop (didn't bet)
Seat 4: #1 Piero Conti folded before Flop (didn't bet)
Seat 5: jvsaid folded before Flop (didn't bet)
Seat 6: XandiM.AA folded on the Turn
Seat 7: gnolynot (button) folded before Flop (didn't bet)
Seat 8: vembrinquedo (small blind) folded on the Turn



PokerStars Hand #255720812351: Tournament #3875822987, $4.90+$4.90+$1.20 USD Hold'em No Limit - Level VII (80/160) - 2025/04/13 21:17:04 CET [2025/04/13 15:17:04 ET]
Table '3875822987 911' 8-max Seat #8 is the button
Seat 1: mouseland1009 (9646 in chips, $4.90 bounty) 
Seat 2: yagoalves (7084 in chips, $4.90 bounty) 
Seat 3: Mahu2021 (10477 in chips, $4.90 bounty) 
Seat 4: #1 Piero Conti (5483 in chips, $4.90 bounty) 
Seat 5: jvsaid (14148 in chips, $4.90 bounty) 
Seat 6: XandiM.AA (10660 in chips, $4.90 bounty) 
Seat 7: gnolynot (8120 in chips, $7.35 bounty) 
Seat 8: vembrinquedo (11150 in chips, $4.90 bounty) 
mouseland1009: posts the ante 20
yagoalves: posts the ante 20
Mahu2021: posts the ante 20
#1 Piero Conti: posts the ante 20
jvsaid: posts the ante 20
XandiM.AA: posts the ante 20
gnolynot: posts the ante 20
vembrinquedo: posts the ante 20
mouseland1009: posts small blind 80
yagoalves: posts big blind 160
*** HOLE CARDS ***
Dealt to Mahu2021 [Tc Ac]
Mahu2021: folds 
#1 Piero Conti: folds 
jvsaid: folds 
XandiM.AA: folds 
gnolynot is disconnected 
gnolynot is connected 
gnolynot is disconnected 
gnolynot is connected 
gnolynot: folds 
vembrinquedo: folds 
mouseland1009: raises 400 to 560
yagoalves: raises 1008 to 1568
mouseland1009: folds 
Uncalled bet (1008) returned to yagoalves
yagoalves collected 1280 from pot
*** SUMMARY ***
Total pot 1280 | Rake 0 
Seat 1: mouseland1009 (small blind) folded before Flop
Seat 2: yagoalves (big blind) collected (1280)
Seat 3: Mahu2021 folded before Flop (didn't bet)
Seat 4: #1 Piero Conti folded before Flop (didn't bet)
Seat 5: jvsaid folded before Flop (didn't bet)
Seat 6: XandiM.AA folded before Flop (didn't bet)
Seat 7: gnolynot folded before Flop (didn't bet)
Seat 8: vembrinquedo (button) folded before Flop (didn't bet)



PokerStars Hand #255720847943: Tournament #3875822987, $4.90+$4.90+$1.20 USD Hold'em No Limit - Level VIII (100/200) - 2025/04/13 21:18:51 CET [2025/04/13 15:18:51 ET]
Table '3875822987 911' 8-max Seat #1 is the button
Seat 1: mouseland1009 (9066 in chips, $4.90 bounty) 
Seat 2: yagoalves (7784 in chips, $4.90 bounty) 
Seat 3: Mahu2021 (10457 in chips, $4.90 bounty) 
Seat 4: #1 Piero Conti (5463 in chips, $4.90 bounty) 
Seat 5: jvsaid (14128 in chips, $4.90 bounty) 
Seat 6: XandiM.AA (10640 in chips, $4.90 bounty) 
Seat 7: gnolynot (8100 in chips, $7.35 bounty) 
Seat 8: vembrinquedo (11130 in chips, $4.90 bounty) 
mouseland1009: posts the ante 25
yagoalves: posts the ante 25
Mahu2021: posts the ante 25
#1 Piero Conti: posts the ante 25
jvsaid: posts the ante 25
XandiM.AA: posts the ante 25
gnolynot: posts the ante 25
vembrinquedo: posts the ante 25
yagoalves: posts small blind 100
Mahu2021: posts big blind 200
*** HOLE CARDS ***
Dealt to Mahu2021 [As 8c]
#1 Piero Conti: folds 
gnolynot is disconnected 
jvsaid: raises 200 to 400
XandiM.AA: folds 
gnolynot has timed out while disconnected
gnolynot: folds 
gnolynot is sitting out
vembrinquedo: folds 
mouseland1009: folds 
gnolynot is disconnected 
gnolynot has returned
yagoalves: folds 
Mahu2021: folds 
Uncalled bet (200) returned to jvsaid
jvsaid collected 700 from pot
jvsaid: doesn't show hand 
*** SUMMARY ***
Total pot 700 | Rake 0 
Seat 1: mouseland1009 (button) folded before Flop (didn't bet)
Seat 2: yagoalves (small blind) folded before Flop
Seat 3: Mahu2021 (big blind) folded before Flop
Seat 4: #1 Piero Conti folded before Flop (didn't bet)
Seat 5: jvsaid collected (700)
Seat 6: XandiM.AA folded before Flop (didn't bet)
Seat 7: gnolynot folded before Flop (didn't bet)
Seat 8: vembrinquedo folded before Flop (didn't bet)



PokerStars Hand #255720860506: Tournament #3875822987, $4.90+$4.90+$1.20 USD Hold'em No Limit - Level VIII (100/200) - 2025/04/13 21:19:30 CET [2025/04/13 15:19:30 ET]
Table '3875822987 911' 8-max Seat #2 is the button
Seat 1: mouseland1009 (9041 in chips, $4.90 bounty) 
Seat 2: yagoalves (7659 in chips, $4.90 bounty) 
Seat 3: Mahu2021 (10232 in chips, $4.90 bounty) 
Seat 4: #1 Piero Conti (5438 in chips, $4.90 bounty) 
Seat 5: jvsaid (14603 in chips, $4.90 bounty) 
Seat 6: XandiM.AA (10615 in chips, $4.90 bounty) 
Seat 7: gnolynot (8075 in chips, $7.35 bounty) 
Seat 8: vembrinquedo (11105 in chips, $4.90 bounty) 
mouseland1009: posts the ante 25
yagoalves: posts the ante 25
Mahu2021: posts the ante 25
#1 Piero Conti: posts the ante 25
jvsaid: posts the ante 25
XandiM.AA: posts the ante 25
gnolynot: posts the ante 25
vembrinquedo: posts the ante 25
Mahu2021: posts small blind 100
#1 Piero Conti: posts big blind 200
*** HOLE CARDS ***
Dealt to Mahu2021 [5s 2d]
jvsaid: folds 
XandiM.AA: folds 
gnolynot is disconnected 
gnolynot has timed out while being disconnected
gnolynot: folds 
gnolynot is sitting out
vembrinquedo: folds 
gnolynot is disconnected 
mouseland1009: raises 200 to 400
gnolynot has returned
yagoalves: raises 800 to 1200
Mahu2021: folds 
#1 Piero Conti: folds 
mouseland1009: raises 7816 to 9016 and is all-in
yagoalves: calls 6434 and is all-in
Uncalled bet (1382) returned to mouseland1009
*** FLOP *** [7d 2s 8c]
*** TURN *** [7d 2s 8c] [7s]
*** RIVER *** [7d 2s 8c 7s] [6d]
*** SHOW DOWN ***
mouseland1009: shows [Ad Qs] (a pair of Sevens)
yagoalves: shows [Ac Jd] (a pair of Sevens - lower kicker)
mouseland1009 collected 15768 from pot
mouseland1009 wins $2.45 for eliminating yagoalves and their own bounty increases by $2.45 to $7.35
yagoalves finished the tournament
*** SUMMARY ***
Total pot 15768 | Rake 0 
Board [7d 2s 8c 7s 6d]
Seat 1: mouseland1009 showed [Ad Qs] and won (15768) with a pair of Sevens
Seat 2: yagoalves (button) showed [Ac Jd] and lost with a pair of Sevens
Seat 3: Mahu2021 (small blind) folded before Flop
Seat 4: #1 Piero Conti (big blind) folded before Flop
Seat 5: jvsaid folded before Flop (didn't bet)
Seat 6: XandiM.AA folded before Flop (didn't bet)
Seat 7: gnolynot folded before Flop (didn't bet)
Seat 8: vembrinquedo folded before Flop (didn't bet)



PokerStars Hand #255720898966: Tournament #3875822987, $4.90+$4.90+$1.20 USD Hold'em No Limit - Level VIII (100/200) - 2025/04/13 21:21:27 CET [2025/04/13 15:21:27 ET]
Table '3875822987 911' 8-max Seat #3 is the button
Seat 1: mouseland1009 (17150 in chips, $7.35 bounty) 
Seat 3: Mahu2021 (10107 in chips, $4.90 bounty) 
Seat 4: #1 Piero Conti (5213 in chips, $4.90 bounty) 
Seat 5: jvsaid (14578 in chips, $4.90 bounty) 
Seat 6: XandiM.AA (10590 in chips, $4.90 bounty) 
Seat 7: gnolynot (8050 in chips, $7.35 bounty) 
Seat 8: vembrinquedo (11080 in chips, $4.90 bounty) 
mouseland1009: posts the ante 25
Mahu2021: posts the ante 25
#1 Piero Conti: posts the ante 25
jvsaid: posts the ante 25
XandiM.AA: posts the ante 25
gnolynot: posts the ante 25
vembrinquedo: posts the ante 25
#1 Piero Conti: posts small blind 100
jvsaid: posts big blind 200
*** HOLE CARDS ***
Dealt to Mahu2021 [9c Kd]
XandiM.AA: folds 
gnolynot: folds 
vembrinquedo: raises 206 to 406
mouseland1009: folds 
Mahu2021: calls 406
#1 Piero Conti: folds 
jvsaid: calls 206
*** FLOP *** [7h Ks 5s]
jvsaid: checks 
vembrinquedo: checks 
Mahu2021: bets 600
jvsaid: calls 600
vembrinquedo: folds 
*** TURN *** [7h Ks 5s] [8c]
jvsaid: checks 
Mahu2021: bets 2693
jvsaid: calls 2693
*** RIVER *** [7h Ks 5s 8c] [5c]
jvsaid: checks 
Mahu2021: checks 
*** SHOW DOWN ***
jvsaid: shows [Tc Kh] (two pair, Kings and Fives)
Mahu2021: mucks hand 
jvsaid collected 8079 from pot
*** SUMMARY ***
Total pot 8079 | Rake 0 
Board [7h Ks 5s 8c 5c]
Seat 1: mouseland1009 folded before Flop (didn't bet)
Seat 3: Mahu2021 (button) mucked [9c Kd]
Seat 4: #1 Piero Conti (small blind) folded before Flop
Seat 5: jvsaid (big blind) showed [Tc Kh] and won (8079) with two pair, Kings and Fives
Seat 6: XandiM.AA folded before Flop (didn't bet)
Seat 7: gnolynot folded before Flop (didn't bet)
Seat 8: vembrinquedo folded on the Flop



PokerStars Hand #255720926277: Tournament #3875822987, $4.90+$4.90+$1.20 USD Hold'em No Limit - Level VIII (100/200) - 2025/04/13 21:22:51 CET [2025/04/13 15:22:51 ET]
Table '3875822987 911' 8-max Seat #4 is the button
Seat 1: mouseland1009 (17125 in chips, $7.35 bounty) 
Seat 2: steviecyall (10000 in chips, $4.90 bounty) 
Seat 3: Mahu2021 (6383 in chips, $4.90 bounty) 
Seat 4: #1 Piero Conti (5088 in chips, $4.90 bounty) 
Seat 5: jvsaid (18933 in chips, $4.90 bounty) 
Seat 6: XandiM.AA (10565 in chips, $4.90 bounty) 
Seat 7: gnolynot (8025 in chips, $7.35 bounty) 
Seat 8: vembrinquedo (10649 in chips, $4.90 bounty) 
mouseland1009: posts the ante 25
steviecyall: posts the ante 25
Mahu2021: posts the ante 25
#1 Piero Conti: posts the ante 25
jvsaid: posts the ante 25
XandiM.AA: posts the ante 25
gnolynot: posts the ante 25
vembrinquedo: posts the ante 25
jvsaid: posts small blind 100
XandiM.AA: posts big blind 200
*** HOLE CARDS ***
Dealt to Mahu2021 [8c 9d]
gnolynot: folds 
vembrinquedo: folds 
mouseland1009: folds 
steviecyall: raises 400 to 600
Mahu2021: folds 
#1 Piero Conti: folds 
jvsaid: folds 
XandiM.AA: calls 400
*** FLOP *** [Qs Qh Qc]
XandiM.AA: checks 
steviecyall: checks 
*** TURN *** [Qs Qh Qc] [2h]
XandiM.AA: bets 495
steviecyall: calls 495
*** RIVER *** [Qs Qh Qc 2h] [6c]
XandiM.AA: bets 3843
steviecyall: folds 
Uncalled bet (3843) returned to XandiM.AA
XandiM.AA collected 2490 from pot
XandiM.AA: doesn't show hand 
*** SUMMARY ***
Total pot 2490 | Rake 0 
Board [Qs Qh Qc 2h 6c]
Seat 1: mouseland1009 folded before Flop (didn't bet)
Seat 2: steviecyall folded on the River
Seat 3: Mahu2021 folded before Flop (didn't bet)
Seat 4: #1 Piero Conti (button) folded before Flop (didn't bet)
Seat 5: jvsaid (small blind) folded before Flop
Seat 6: XandiM.AA (big blind) collected (2490)
Seat 7: gnolynot folded before Flop (didn't bet)
Seat 8: vembrinquedo folded before Flop (didn't bet)



PokerStars Hand #255720943214: Tournament #3875822987, $4.90+$4.90+$1.20 USD Hold'em No Limit - Level VIII (100/200) - 2025/04/13 21:23:43 CET [2025/04/13 15:23:43 ET]
Table '3875822987 911' 8-max Seat #5 is the button
Seat 1: mouseland1009 (17100 in chips, $7.35 bounty) 
Seat 2: steviecyall (8880 in chips, $4.90 bounty) 
Seat 3: Mahu2021 (6358 in chips, $4.90 bounty) 
Seat 4: #1 Piero Conti (5063 in chips, $4.90 bounty) 
Seat 5: jvsaid (18808 in chips, $4.90 bounty) 
Seat 6: XandiM.AA (11935 in chips, $4.90 bounty) 
Seat 7: gnolynot (8000 in chips, $7.35 bounty) 
Seat 8: vembrinquedo (10624 in chips, $4.90 bounty) 
mouseland1009: posts the ante 25
steviecyall: posts the ante 25
Mahu2021: posts the ante 25
#1 Piero Conti: posts the ante 25
jvsaid: posts the ante 25
XandiM.AA: posts the ante 25
gnolynot: posts the ante 25
vembrinquedo: posts the ante 25
XandiM.AA: posts small blind 100
gnolynot: posts big blind 200
*** HOLE CARDS ***
Dealt to Mahu2021 [2h 5s]
vembrinquedo: folds 
mouseland1009: folds 
steviecyall: folds 
Mahu2021: folds 
#1 Piero Conti: folds 
jvsaid: folds 
XandiM.AA: calls 100
gnolynot: checks 
*** FLOP *** [Qd Jd 4c]
XandiM.AA: checks 
gnolynot: bets 200
XandiM.AA: calls 200
*** TURN *** [Qd Jd 4c] [Ad]
XandiM.AA: checks 
gnolynot: bets 500
XandiM.AA: raises 1100 to 1600
gnolynot: calls 1100
*** RIVER *** [Qd Jd 4c Ad] [Kd]
XandiM.AA: checks 
gnolynot: checks 
*** SHOW DOWN ***
XandiM.AA: shows [Ah 9c] (a pair of Aces)
gnolynot: shows [8d Qc] (a flush, Ace high)
gnolynot collected 4200 from pot
*** SUMMARY ***
Total pot 4200 | Rake 0 
Board [Qd Jd 4c Ad Kd]
Seat 1: mouseland1009 folded before Flop (didn't bet)
Seat 2: steviecyall folded before Flop (didn't bet)
Seat 3: Mahu2021 folded before Flop (didn't bet)
Seat 4: #1 Piero Conti folded before Flop (didn't bet)
Seat 5: jvsaid (button) folded before Flop (didn't bet)
Seat 6: XandiM.AA (small blind) showed [Ah 9c] and lost with a pair of Aces
Seat 7: gnolynot (big blind) showed [8d Qc] and won (4200) with a flush, Ace high
Seat 8: vembrinquedo folded before Flop (didn't bet)



PokerStars Hand #255720964514: Tournament #3875822987, $4.90+$4.90+$1.20 USD Hold'em No Limit - Level VIII (100/200) - 2025/04/13 21:24:48 CET [2025/04/13 15:24:48 ET]
Table '3875822987 911' 8-max Seat #6 is the button
Seat 1: mouseland1009 (17075 in chips, $7.35 bounty) 
Seat 2: steviecyall (8855 in chips, $4.90 bounty) 
Seat 3: Mahu2021 (6333 in chips, $4.90 bounty) 
Seat 4: #1 Piero Conti (5038 in chips, $4.90 bounty) 
Seat 5: jvsaid (18783 in chips, $4.90 bounty) 
Seat 6: XandiM.AA (9910 in chips, $4.90 bounty) 
Seat 7: gnolynot (10175 in chips, $7.35 bounty) 
Seat 8: vembrinquedo (10599 in chips, $4.90 bounty) 
mouseland1009: posts the ante 25
steviecyall: posts the ante 25
Mahu2021: posts the ante 25
#1 Piero Conti: posts the ante 25
jvsaid: posts the ante 25
XandiM.AA: posts the ante 25
gnolynot: posts the ante 25
vembrinquedo: posts the ante 25
gnolynot: posts small blind 100
vembrinquedo: posts big blind 200
*** HOLE CARDS ***
Dealt to Mahu2021 [2d 5c]
mouseland1009: folds 
gnolynot is disconnected 
steviecyall: raises 200 to 400
Mahu2021: folds 
#1 Piero Conti: folds 
jvsaid: folds 
XandiM.AA: calls 400
gnolynot: calls 300
vembrinquedo: calls 200
*** FLOP *** [8s 3c 8d]
gnolynot: checks 
vembrinquedo: checks 
steviecyall: bets 400
XandiM.AA: calls 400
gnolynot: folds 
vembrinquedo: calls 400
*** TURN *** [8s 3c 8d] [Jd]
vembrinquedo: checks 
steviecyall: checks 
XandiM.AA: checks 
*** RIVER *** [8s 3c 8d Jd] [4d]
vembrinquedo: checks 
steviecyall: bets 1000
XandiM.AA: folds 
vembrinquedo: raises 8774 to 9774 and is all-in
steviecyall: folds 
Uncalled bet (8774) returned to vembrinquedo
vembrinquedo collected 5000 from pot
vembrinquedo: doesn't show hand 
*** SUMMARY ***
Total pot 5000 | Rake 0 
Board [8s 3c 8d Jd 4d]
Seat 1: mouseland1009 folded before Flop (didn't bet)
Seat 2: steviecyall folded on the River
Seat 3: Mahu2021 folded before Flop (didn't bet)
Seat 4: #1 Piero Conti folded before Flop (didn't bet)
Seat 5: jvsaid folded before Flop (didn't bet)
Seat 6: XandiM.AA (button) folded on the River
Seat 7: gnolynot (small blind) folded on the Flop
Seat 8: vembrinquedo (big blind) collected (5000)



PokerStars Hand #255721005466: Tournament #3875822987, $4.90+$4.90+$1.20 USD Hold'em No Limit - Level VIII (100/200) - 2025/04/13 21:26:53 CET [2025/04/13 15:26:53 ET]
Table '3875822987 911' 8-max Seat #7 is the button
Seat 1: mouseland1009 (17050 in chips, $7.35 bounty) 
Seat 2: steviecyall (7030 in chips, $4.90 bounty) 
Seat 3: Mahu2021 (6308 in chips, $4.90 bounty) 
Seat 4: #1 Piero Conti (5013 in chips, $4.90 bounty) 
Seat 5: jvsaid (18758 in chips, $4.90 bounty) 
Seat 6: XandiM.AA (9085 in chips, $4.90 bounty) 
Seat 7: gnolynot (9750 in chips, $7.35 bounty) 
Seat 8: vembrinquedo (13774 in chips, $4.90 bounty) 
mouseland1009: posts the ante 25
steviecyall: posts the ante 25
Mahu2021: posts the ante 25
#1 Piero Conti: posts the ante 25
jvsaid: posts the ante 25
XandiM.AA: posts the ante 25
gnolynot: posts the ante 25
vembrinquedo: posts the ante 25
vembrinquedo: posts small blind 100
mouseland1009: posts big blind 200
*** HOLE CARDS ***
Dealt to Mahu2021 [2s Ks]
steviecyall: folds 
Mahu2021: folds 
#1 Piero Conti: folds 
jvsaid: raises 200 to 400
XandiM.AA: folds 
gnolynot: calls 400
vembrinquedo: folds 
mouseland1009: calls 200
*** FLOP *** [5h 8h Ac]
mouseland1009: checks 
jvsaid: bets 400
gnolynot: folds 
mouseland1009: folds 
Uncalled bet (400) returned to jvsaid
jvsaid collected 1500 from pot
jvsaid: doesn't show hand 
*** SUMMARY ***
Total pot 1500 | Rake 0 
Board [5h 8h Ac]
Seat 1: mouseland1009 (big blind) folded on the Flop
Seat 2: steviecyall folded before Flop (didn't bet)
Seat 3: Mahu2021 folded before Flop (didn't bet)
Seat 4: #1 Piero Conti folded before Flop (didn't bet)
Seat 5: jvsaid collected (1500)
Seat 6: XandiM.AA folded before Flop (didn't bet)
Seat 7: gnolynot (button) folded on the Flop
Seat 8: vembrinquedo (small blind) folded before Flop



PokerStars Hand #255721038379: Tournament #3875822987, $4.90+$4.90+$1.20 USD Hold'em No Limit - Level IX (125/250) - 2025/04/13 21:28:33 CET [2025/04/13 15:28:33 ET]
Table '3875822987 911' 8-max Seat #8 is the button
Seat 1: mouseland1009 (16625 in chips, $7.35 bounty) 
Seat 2: steviecyall (7005 in chips, $4.90 bounty) 
Seat 3: Mahu2021 (6283 in chips, $4.90 bounty) 
Seat 4: #1 Piero Conti (4988 in chips, $4.90 bounty) 
Seat 5: jvsaid (19833 in chips, $4.90 bounty) 
Seat 6: XandiM.AA (9060 in chips, $4.90 bounty) 
Seat 7: gnolynot (9325 in chips, $7.35 bounty) 
Seat 8: vembrinquedo (13649 in chips, $4.90 bounty) 
mouseland1009: posts the ante 30
steviecyall: posts the ante 30
Mahu2021: posts the ante 30
#1 Piero Conti: posts the ante 30
jvsaid: posts the ante 30
XandiM.AA: posts the ante 30
gnolynot: posts the ante 30
vembrinquedo: posts the ante 30
mouseland1009: posts small blind 125
steviecyall: posts big blind 250
*** HOLE CARDS ***
Dealt to Mahu2021 [5h 9s]
Mahu2021: folds 
#1 Piero Conti: folds 
jvsaid: folds 
XandiM.AA: folds 
gnolynot: folds 
vembrinquedo: folds 
mouseland1009: calls 125
steviecyall: checks 
*** FLOP *** [3s 8d 6c]
mouseland1009: bets 250
steviecyall: calls 250
*** TURN *** [3s 8d 6c] [4c]
mouseland1009: bets 992
steviecyall: calls 992
*** RIVER *** [3s 8d 6c 4c] [7d]
mouseland1009: checks 
steviecyall: bets 2000
mouseland1009: folds 
Uncalled bet (2000) returned to steviecyall
steviecyall collected 3224 from pot
steviecyall: doesn't show hand 
*** SUMMARY ***
Total pot 3224 | Rake 0 
Board [3s 8d 6c 4c 7d]
Seat 1: mouseland1009 (small blind) folded on the River
Seat 2: steviecyall (big blind) collected (3224)
Seat 3: Mahu2021 folded before Flop (didn't bet)
Seat 4: #1 Piero Conti folded before Flop (didn't bet)
Seat 5: jvsaid folded before Flop (didn't bet)
Seat 6: XandiM.AA folded before Flop (didn't bet)
Seat 7: gnolynot folded before Flop (didn't bet)
Seat 8: vembrinquedo (button) folded before Flop (didn't bet)



PokerStars Hand #255721070189: Tournament #3875822987, $4.90+$4.90+$1.20 USD Hold'em No Limit - Level IX (125/250) - 2025/04/13 21:30:10 CET [2025/04/13 15:30:10 ET]
Table '3875822987 911' 8-max Seat #1 is the button
Seat 1: mouseland1009 (15103 in chips, $7.35 bounty) 
Seat 2: steviecyall (8707 in chips, $4.90 bounty) 
Seat 3: Mahu2021 (6253 in chips, $4.90 bounty) 
Seat 4: #1 Piero Conti (4958 in chips, $4.90 bounty) 
Seat 5: jvsaid (19803 in chips, $4.90 bounty) 
Seat 6: XandiM.AA (9030 in chips, $4.90 bounty) 
Seat 7: gnolynot (9295 in chips, $7.35 bounty) 
Seat 8: vembrinquedo (13619 in chips, $4.90 bounty) 
mouseland1009: posts the ante 30
steviecyall: posts the ante 30
Mahu2021: posts the ante 30
#1 Piero Conti: posts the ante 30
jvsaid: posts the ante 30
XandiM.AA: posts the ante 30
gnolynot: posts the ante 30
vembrinquedo: posts the ante 30
steviecyall: posts small blind 125
Mahu2021: posts big blind 250
*** HOLE CARDS ***
Dealt to Mahu2021 [2h 6d]
#1 Piero Conti: folds 
jvsaid: folds 
XandiM.AA: raises 250 to 500
gnolynot: folds 
vembrinquedo: folds 
mouseland1009: folds 
steviecyall: folds 
Mahu2021: folds 
Uncalled bet (250) returned to XandiM.AA
XandiM.AA collected 865 from pot
XandiM.AA: doesn't show hand 
*** SUMMARY ***
Total pot 865 | Rake 0 
Seat 1: mouseland1009 (button) folded before Flop (didn't bet)
Seat 2: steviecyall (small blind) folded before Flop
Seat 3: Mahu2021 (big blind) folded before Flop
Seat 4: #1 Piero Conti folded before Flop (didn't bet)
Seat 5: jvsaid folded before Flop (didn't bet)
Seat 6: XandiM.AA collected (865)
Seat 7: gnolynot folded before Flop (didn't bet)
Seat 8: vembrinquedo folded before Flop (didn't bet)



PokerStars Hand #255721079343: Tournament #3875822987, $4.90+$4.90+$1.20 USD Hold'em No Limit - Level IX (125/250) - 2025/04/13 21:30:38 CET [2025/04/13 15:30:38 ET]
Table '3875822987 911' 8-max Seat #2 is the button
Seat 1: mouseland1009 (15073 in chips, $7.35 bounty) 
Seat 2: steviecyall (8552 in chips, $4.90 bounty) 
Seat 3: Mahu2021 (5973 in chips, $4.90 bounty) 
Seat 4: #1 Piero Conti (4928 in chips, $4.90 bounty) 
Seat 5: jvsaid (19773 in chips, $4.90 bounty) 
Seat 6: XandiM.AA (9615 in chips, $4.90 bounty) 
Seat 7: gnolynot (9265 in chips, $7.35 bounty) 
Seat 8: vembrinquedo (13589 in chips, $4.90 bounty) 
mouseland1009: posts the ante 30
steviecyall: posts the ante 30
Mahu2021: posts the ante 30
#1 Piero Conti: posts the ante 30
jvsaid: posts the ante 30
XandiM.AA: posts the ante 30
gnolynot: posts the ante 30
vembrinquedo: posts the ante 30
Mahu2021: posts small blind 125
#1 Piero Conti: posts big blind 250
*** HOLE CARDS ***
Dealt to Mahu2021 [2d 9d]
jvsaid: folds 
XandiM.AA: folds 
gnolynot: folds 
vembrinquedo: raises 257 to 507
mouseland1009: folds 
steviecyall: folds 
Mahu2021: folds 
#1 Piero Conti: calls 257
*** FLOP *** [Qc Qd 2h]
#1 Piero Conti: checks 
vembrinquedo: checks 
*** TURN *** [Qc Qd 2h] [Qs]
#1 Piero Conti: checks 
vembrinquedo: checks 
*** RIVER *** [Qc Qd 2h Qs] [As]
#1 Piero Conti: checks 
vembrinquedo: bets 455
#1 Piero Conti: folds 
Uncalled bet (455) returned to vembrinquedo
vembrinquedo collected 1379 from pot
vembrinquedo: doesn't show hand 
*** SUMMARY ***
Total pot 1379 | Rake 0 
Board [Qc Qd 2h Qs As]
Seat 1: mouseland1009 folded before Flop (didn't bet)
Seat 2: steviecyall (button) folded before Flop (didn't bet)
Seat 3: Mahu2021 (small blind) folded before Flop
Seat 4: #1 Piero Conti (big blind) folded on the River
Seat 5: jvsaid folded before Flop (didn't bet)
Seat 6: XandiM.AA folded before Flop (didn't bet)
Seat 7: gnolynot folded before Flop (didn't bet)
Seat 8: vembrinquedo collected (1379)



PokerStars Hand #255721098377: Tournament #3875822987, $4.90+$4.90+$1.20 USD Hold'em No Limit - Level IX (125/250) - 2025/04/13 21:31:35 CET [2025/04/13 15:31:35 ET]
Table '3875822987 911' 8-max Seat #3 is the button
Seat 1: mouseland1009 (15043 in chips, $7.35 bounty) 
Seat 2: steviecyall (8522 in chips, $4.90 bounty) 
Seat 3: Mahu2021 (5818 in chips, $4.90 bounty) 
Seat 4: #1 Piero Conti (4391 in chips, $4.90 bounty) 
Seat 5: jvsaid (19743 in chips, $4.90 bounty) 
Seat 6: XandiM.AA (9585 in chips, $4.90 bounty) 
Seat 7: gnolynot (9235 in chips, $7.35 bounty) 
Seat 8: vembrinquedo (14431 in chips, $4.90 bounty) 
mouseland1009: posts the ante 30
steviecyall: posts the ante 30
Mahu2021: posts the ante 30
#1 Piero Conti: posts the ante 30
jvsaid: posts the ante 30
XandiM.AA: posts the ante 30
gnolynot: posts the ante 30
vembrinquedo: posts the ante 30
#1 Piero Conti: posts small blind 125
jvsaid: posts big blind 250
*** HOLE CARDS ***
Dealt to Mahu2021 [Qh 6c]
XandiM.AA: folds 
gnolynot: calls 250
vembrinquedo: folds 
mouseland1009: folds 
steviecyall: folds 
Mahu2021: folds 
#1 Piero Conti: folds 
jvsaid: checks 
*** FLOP *** [3d Kc 8d]
jvsaid: checks 
gnolynot: checks 
*** TURN *** [3d Kc 8d] [3s]
jvsaid: checks 
gnolynot: bets 433
jvsaid: calls 433
*** RIVER *** [3d Kc 8d 3s] [4c]
jvsaid: checks 
gnolynot: bets 866
jvsaid: folds 
Uncalled bet (866) returned to gnolynot
gnolynot collected 1731 from pot
*** SUMMARY ***
Total pot 1731 | Rake 0 
Board [3d Kc 8d 3s 4c]
Seat 1: mouseland1009 folded before Flop (didn't bet)
Seat 2: steviecyall folded before Flop (didn't bet)
Seat 3: Mahu2021 (button) folded before Flop (didn't bet)
Seat 4: #1 Piero Conti (small blind) folded before Flop
Seat 5: jvsaid (big blind) folded on the River
Seat 6: XandiM.AA folded before Flop (didn't bet)
Seat 7: gnolynot collected (1731)
Seat 8: vembrinquedo folded before Flop (didn't bet)



PokerStars Hand #255721130927: Tournament #3875822987, $4.90+$4.90+$1.20 USD Hold'em No Limit - Level IX (125/250) - 2025/04/13 21:33:16 CET [2025/04/13 15:33:16 ET]
Table '3875822987 911' 8-max Seat #4 is the button
Seat 1: mouseland1009 (15013 in chips, $7.35 bounty) 
Seat 2: steviecyall (8492 in chips, $4.90 bounty) 
Seat 3: Mahu2021 (5788 in chips, $4.90 bounty) 
Seat 4: #1 Piero Conti (4236 in chips, $4.90 bounty) 
Seat 5: jvsaid (19030 in chips, $4.90 bounty) 
Seat 6: XandiM.AA (9555 in chips, $4.90 bounty) 
Seat 7: gnolynot (10253 in chips, $7.35 bounty) 
Seat 8: vembrinquedo (14401 in chips, $4.90 bounty) 
mouseland1009: posts the ante 30
steviecyall: posts the ante 30
Mahu2021: posts the ante 30
#1 Piero Conti: posts the ante 30
jvsaid: posts the ante 30
XandiM.AA: posts the ante 30
gnolynot: posts the ante 30
vembrinquedo: posts the ante 30
jvsaid: posts small blind 125
XandiM.AA: posts big blind 250
*** HOLE CARDS ***
Dealt to Mahu2021 [Kd 9s]
gnolynot: folds 
vembrinquedo: folds 
mouseland1009: raises 250 to 500
steviecyall: calls 500
Mahu2021: folds 
#1 Piero Conti: folds 
jvsaid: folds 
XandiM.AA: calls 250
*** FLOP *** [7s Jd 5h]
XandiM.AA: checks 
mouseland1009: bets 615
steviecyall: calls 615
XandiM.AA: folds 
*** TURN *** [7s Jd 5h] [2h]
mouseland1009: bets 2476
steviecyall: folds 
Uncalled bet (2476) returned to mouseland1009
mouseland1009 collected 3095 from pot
mouseland1009: doesn't show hand 
*** SUMMARY ***
Total pot 3095 | Rake 0 
Board [7s Jd 5h 2h]
Seat 1: mouseland1009 collected (3095)
Seat 2: steviecyall folded on the Turn
Seat 3: Mahu2021 folded before Flop (didn't bet)
Seat 4: #1 Piero Conti (button) folded before Flop (didn't bet)
Seat 5: jvsaid (small blind) folded before Flop
Seat 6: XandiM.AA (big blind) folded on the Flop
Seat 7: gnolynot folded before Flop (didn't bet)
Seat 8: vembrinquedo folded before Flop (didn't bet)



PokerStars Hand #255721151786: Tournament #3875822987, $4.90+$4.90+$1.20 USD Hold'em No Limit - Level IX (125/250) - 2025/04/13 21:34:19 CET [2025/04/13 15:34:19 ET]
Table '3875822987 911' 8-max Seat #5 is the button
Seat 1: mouseland1009 (16963 in chips, $7.35 bounty) 
Seat 2: steviecyall (7347 in chips, $4.90 bounty) 
Seat 3: Mahu2021 (5758 in chips, $4.90 bounty) 
Seat 4: #1 Piero Conti (4206 in chips, $4.90 bounty) 
Seat 5: jvsaid (18875 in chips, $4.90 bounty) 
Seat 6: XandiM.AA (9025 in chips, $4.90 bounty) 
Seat 7: gnolynot (10223 in chips, $7.35 bounty) 
Seat 8: vembrinquedo (14371 in chips, $4.90 bounty) 
mouseland1009: posts the ante 30
steviecyall: posts the ante 30
Mahu2021: posts the ante 30
#1 Piero Conti: posts the ante 30
jvsaid: posts the ante 30
XandiM.AA: posts the ante 30
gnolynot: posts the ante 30
vembrinquedo: posts the ante 30
XandiM.AA: posts small blind 125
gnolynot: posts big blind 250
*** HOLE CARDS ***
Dealt to Mahu2021 [7c 8s]
vembrinquedo: folds 
mouseland1009: raises 250 to 500
steviecyall: folds 
Mahu2021: folds 
#1 Piero Conti: folds 
jvsaid: calls 500
XandiM.AA: folds 
gnolynot: calls 250
*** FLOP *** [Jd Jh 8c]
gnolynot: checks 
mouseland1009: bets 466
jvsaid: raises 1089 to 1555
gnolynot: folds 
mouseland1009: raises 1445 to 3000
jvsaid: calls 1445
*** TURN *** [Jd Jh 8c] [2s]
mouseland1009: checks 
jvsaid: checks 
*** RIVER *** [Jd Jh 8c 2s] [Ad]
mouseland1009: bets 3932
jvsaid: calls 3932
*** SHOW DOWN ***
mouseland1009: shows [Kd Qc] (a pair of Jacks)
jvsaid: shows [Qd Js] (three of a kind, Jacks)
jvsaid collected 15729 from pot
*** SUMMARY ***
Total pot 15729 | Rake 0 
Board [Jd Jh 8c 2s Ad]
Seat 1: mouseland1009 showed [Kd Qc] and lost with a pair of Jacks
Seat 2: steviecyall folded before Flop (didn't bet)
Seat 3: Mahu2021 folded before Flop (didn't bet)
Seat 4: #1 Piero Conti folded before Flop (didn't bet)
Seat 5: jvsaid (button) showed [Qd Js] and won (15729) with three of a kind, Jacks
Seat 6: XandiM.AA (small blind) folded before Flop
Seat 7: gnolynot (big blind) folded on the Flop
Seat 8: vembrinquedo folded before Flop (didn't bet)



PokerStars Hand #255721191309: Tournament #3875822987, $4.90+$4.90+$1.20 USD Hold'em No Limit - Level IX (125/250) - 2025/04/13 21:36:20 CET [2025/04/13 15:36:20 ET]
Table '3875822987 911' 8-max Seat #6 is the button
Seat 1: mouseland1009 (9501 in chips, $7.35 bounty) 
Seat 2: steviecyall (7317 in chips, $4.90 bounty) 
Seat 3: Mahu2021 (5728 in chips, $4.90 bounty) 
Seat 4: #1 Piero Conti (4176 in chips, $4.90 bounty) 
Seat 5: jvsaid (27142 in chips, $4.90 bounty) 
Seat 6: XandiM.AA (8870 in chips, $4.90 bounty) 
Seat 7: gnolynot (9693 in chips, $7.35 bounty) 
Seat 8: vembrinquedo (14341 in chips, $4.90 bounty) 
mouseland1009: posts the ante 30
steviecyall: posts the ante 30
Mahu2021: posts the ante 30
#1 Piero Conti: posts the ante 30
jvsaid: posts the ante 30
XandiM.AA: posts the ante 30
gnolynot: posts the ante 30
vembrinquedo: posts the ante 30
gnolynot: posts small blind 125
vembrinquedo: posts big blind 250
*** HOLE CARDS ***
Dealt to Mahu2021 [Jd 8h]
mouseland1009: folds 
steviecyall: folds 
Mahu2021: folds 
#1 Piero Conti: folds 
jvsaid: folds 
XandiM.AA: folds 
gnolynot: raises 740 to 990
vembrinquedo: raises 1199 to 2189
gnolynot: raises 7474 to 9663 and is all-in
vembrinquedo: calls 7474
*** FLOP *** [6c Td 5d]
*** TURN *** [6c Td 5d] [7d]
*** RIVER *** [6c Td 5d 7d] [4h]
*** SHOW DOWN ***
gnolynot: shows [Kd As] (high card Ace)
vembrinquedo: shows [Kh Ah] (high card Ace)
gnolynot collected 9783 from pot
vembrinquedo collected 9783 from pot
*** SUMMARY ***
Total pot 19566 | Rake 0 
Board [6c Td 5d 7d 4h]
Seat 1: mouseland1009 folded before Flop (didn't bet)
Seat 2: steviecyall folded before Flop (didn't bet)
Seat 3: Mahu2021 folded before Flop (didn't bet)
Seat 4: #1 Piero Conti folded before Flop (didn't bet)
Seat 5: jvsaid folded before Flop (didn't bet)
Seat 6: XandiM.AA (button) folded before Flop (didn't bet)
Seat 7: gnolynot (small blind) showed [Kd As] and won (9783) with high card Ace
Seat 8: vembrinquedo (big blind) showed [Kh Ah] and won (9783) with high card Ace



PokerStars Hand #255721206722: Tournament #3875822987, $4.90+$4.90+$1.20 USD Hold'em No Limit - Level IX (125/250) - 2025/04/13 21:37:06 CET [2025/04/13 15:37:06 ET]
Table '3875822987 911' 8-max Seat #7 is the button
Seat 1: mouseland1009 (9471 in chips, $7.35 bounty) 
Seat 2: steviecyall (7287 in chips, $4.90 bounty) 
Seat 3: Mahu2021 (5698 in chips, $4.90 bounty) 
Seat 4: #1 Piero Conti (4146 in chips, $4.90 bounty) 
Seat 5: jvsaid (27112 in chips, $4.90 bounty) 
Seat 6: XandiM.AA (8840 in chips, $4.90 bounty) 
Seat 7: gnolynot (9783 in chips, $7.35 bounty) 
Seat 8: vembrinquedo (14431 in chips, $4.90 bounty) 
mouseland1009: posts the ante 30
steviecyall: posts the ante 30
Mahu2021: posts the ante 30
#1 Piero Conti: posts the ante 30
jvsaid: posts the ante 30
XandiM.AA: posts the ante 30
gnolynot: posts the ante 30
vembrinquedo: posts the ante 30
vembrinquedo: posts small blind 125
mouseland1009: posts big blind 250
*** HOLE CARDS ***
Dealt to Mahu2021 [3d 8h]
steviecyall: folds 
Mahu2021: folds 
#1 Piero Conti: raises 250 to 500
jvsaid: folds 
XandiM.AA: raises 750 to 1250
gnolynot: folds 
vembrinquedo: folds 
mouseland1009: raises 8191 to 9441 and is all-in
#1 Piero Conti: folds 
XandiM.AA: calls 7560 and is all-in
Uncalled bet (631) returned to mouseland1009
*** FLOP *** [6h 5h 5c]
*** TURN *** [6h 5h 5c] [6d]
*** RIVER *** [6h 5h 5c 6d] [2h]
*** SHOW DOWN ***
mouseland1009: shows [9d 9c] (two pair, Nines and Sixes)
XandiM.AA: shows [Ad Ks] (two pair, Sixes and Fives)
mouseland1009 collected 18485 from pot
mouseland1009 wins $2.45 for eliminating XandiM.AA and their own bounty increases by $2.45 to $9.80
XandiM.AA finished the tournament
*** SUMMARY ***
Total pot 18485 | Rake 0 
Board [6h 5h 5c 6d 2h]
Seat 1: mouseland1009 (big blind) showed [9d 9c] and won (18485) with two pair, Nines and Sixes
Seat 2: steviecyall folded before Flop (didn't bet)
Seat 3: Mahu2021 folded before Flop (didn't bet)
Seat 4: #1 Piero Conti folded before Flop
Seat 5: jvsaid folded before Flop (didn't bet)
Seat 6: XandiM.AA showed [Ad Ks] and lost with two pair, Sixes and Fives
Seat 7: gnolynot (button) folded before Flop (didn't bet)
Seat 8: vembrinquedo (small blind) folded before Flop



PokerStars Hand #255721222220: Tournament #3875822987, $4.90+$4.90+$1.20 USD Hold'em No Limit - Level IX (125/250) - 2025/04/13 21:37:53 CET [2025/04/13 15:37:53 ET]
Table '3875822987 911' 8-max Seat #8 is the button
Seat 1: mouseland1009 (19116 in chips, $9.80 bounty) 
Seat 2: steviecyall (7257 in chips, $4.90 bounty) 
Seat 3: Mahu2021 (5668 in chips, $4.90 bounty) 
Seat 4: #1 Piero Conti (3616 in chips, $4.90 bounty) 
Seat 5: jvsaid (27082 in chips, $4.90 bounty) 
Seat 7: gnolynot (9753 in chips, $7.35 bounty) 
Seat 8: vembrinquedo (14276 in chips, $4.90 bounty) 
mouseland1009: posts the ante 30
steviecyall: posts the ante 30
Mahu2021: posts the ante 30
#1 Piero Conti: posts the ante 30
jvsaid: posts the ante 30
gnolynot: posts the ante 30
vembrinquedo: posts the ante 30
mouseland1009: posts small blind 125
steviecyall: posts big blind 250
*** HOLE CARDS ***
Dealt to Mahu2021 [9c 3h]
kurt23x is disconnected 
Mahu2021: folds 
#1 Piero Conti: folds 
jvsaid: folds 
gnolynot: folds 
vembrinquedo: folds 
mouseland1009: raises 625 to 875
steviecyall: raises 6352 to 7227 and is all-in
mouseland1009: folds 
Uncalled bet (6352) returned to steviecyall
steviecyall collected 1960 from pot
steviecyall: doesn't show hand 
*** SUMMARY ***
Total pot 1960 | Rake 0 
Seat 1: mouseland1009 (small blind) folded before Flop
Seat 2: steviecyall (big blind) collected (1960)
Seat 3: Mahu2021 folded before Flop (didn't bet)
Seat 4: #1 Piero Conti folded before Flop (didn't bet)
Seat 5: jvsaid folded before Flop (didn't bet)
Seat 7: gnolynot folded before Flop (didn't bet)
Seat 8: vembrinquedo (button) folded before Flop (didn't bet)



PokerStars Hand #255721234808: Tournament #3875822987, $4.90+$4.90+$1.20 USD Hold'em No Limit - Level X (150/300) - 2025/04/13 21:38:31 CET [2025/04/13 15:38:31 ET]
Table '3875822987 911' 8-max Seat #1 is the button
Seat 1: mouseland1009 (18211 in chips, $9.80 bounty) 
Seat 2: steviecyall (8312 in chips, $4.90 bounty) 
Seat 3: Mahu2021 (5638 in chips, $4.90 bounty) 
Seat 4: #1 Piero Conti (3586 in chips, $4.90 bounty) 
Seat 5: jvsaid (27052 in chips, $4.90 bounty) 
Seat 6: kurt23x (10000 in chips, $4.90 bounty) 
Seat 7: gnolynot (9723 in chips, $7.35 bounty) 
Seat 8: vembrinquedo (14246 in chips, $4.90 bounty) 
mouseland1009: posts the ante 40
steviecyall: posts the ante 40
Mahu2021: posts the ante 40
#1 Piero Conti: posts the ante 40
jvsaid: posts the ante 40
kurt23x: posts the ante 40
gnolynot: posts the ante 40
vembrinquedo: posts the ante 40
steviecyall: posts small blind 150
Mahu2021: posts big blind 300
*** HOLE CARDS ***
Dealt to Mahu2021 [5d 6c]
#1 Piero Conti: folds 
jvsaid: folds 
kurt23x: folds 
gnolynot is disconnected 
gnolynot has timed out while disconnected
gnolynot: folds 
gnolynot is sitting out
vembrinquedo: folds 
mouseland1009: raises 300 to 600
gnolynot is disconnected 
gnolynot has returned
steviecyall: raises 801 to 1401
Mahu2021: folds 
mouseland1009: folds 
Uncalled bet (801) returned to steviecyall
steviecyall collected 1820 from pot
steviecyall: doesn't show hand 
*** SUMMARY ***
Total pot 1820 | Rake 0 
Seat 1: mouseland1009 (button) folded before Flop
Seat 2: steviecyall (small blind) collected (1820)
Seat 3: Mahu2021 (big blind) folded before Flop
Seat 4: #1 Piero Conti folded before Flop (didn't bet)
Seat 5: jvsaid folded before Flop (didn't bet)
Seat 6: kurt23x folded before Flop (didn't bet)
Seat 7: gnolynot folded before Flop (didn't bet)
Seat 8: vembrinquedo folded before Flop (didn't bet)



PokerStars Hand #255721251015: Tournament #3875822987, $4.90+$4.90+$1.20 USD Hold'em No Limit - Level X (150/300) - 2025/04/13 21:39:20 CET [2025/04/13 15:39:20 ET]
Table '3875822987 911' 8-max Seat #2 is the button
Seat 1: mouseland1009 (17571 in chips, $9.80 bounty) 
Seat 2: steviecyall (9492 in chips, $4.90 bounty) 
Seat 3: Mahu2021 (5298 in chips, $4.90 bounty) 
Seat 4: #1 Piero Conti (3546 in chips, $4.90 bounty) 
Seat 5: jvsaid (27012 in chips, $4.90 bounty) 
Seat 6: kurt23x (9960 in chips, $4.90 bounty) 
Seat 7: gnolynot (9683 in chips, $7.35 bounty) 
Seat 8: vembrinquedo (14206 in chips, $4.90 bounty) 
mouseland1009: posts the ante 40
steviecyall: posts the ante 40
Mahu2021: posts the ante 40
#1 Piero Conti: posts the ante 40
jvsaid: posts the ante 40
kurt23x: posts the ante 40
gnolynot: posts the ante 40
vembrinquedo: posts the ante 40
Mahu2021: posts small blind 150
#1 Piero Conti: posts big blind 300
*** HOLE CARDS ***
Dealt to Mahu2021 [8s Kh]
jvsaid: folds 
kurt23x: folds 
gnolynot: folds 
vembrinquedo: raises 309 to 609
mouseland1009: raises 1191 to 1800
steviecyall: folds 
Mahu2021: folds 
#1 Piero Conti: folds 
vembrinquedo: raises 12366 to 14166 and is all-in
mouseland1009: folds 
Uncalled bet (12366) returned to vembrinquedo
vembrinquedo collected 4370 from pot
vembrinquedo: doesn't show hand 
*** SUMMARY ***
Total pot 4370 | Rake 0 
Seat 1: mouseland1009 folded before Flop
Seat 2: steviecyall (button) folded before Flop (didn't bet)
Seat 3: Mahu2021 (small blind) folded before Flop
Seat 4: #1 Piero Conti (big blind) folded before Flop
Seat 5: jvsaid folded before Flop (didn't bet)
Seat 6: kurt23x folded before Flop (didn't bet)
Seat 7: gnolynot folded before Flop (didn't bet)
Seat 8: vembrinquedo collected (4370)



PokerStars Hand #255721264698: Tournament #3875822987, $4.90+$4.90+$1.20 USD Hold'em No Limit - Level X (150/300) - 2025/04/13 21:40:02 CET [2025/04/13 15:40:02 ET]
Table '3875822987 911' 8-max Seat #3 is the button
Seat 1: mouseland1009 (15731 in chips, $9.80 bounty) 
Seat 2: steviecyall (9452 in chips, $4.90 bounty) 
Seat 3: Mahu2021 (5108 in chips, $4.90 bounty) 
Seat 4: #1 Piero Conti (3206 in chips, $4.90 bounty) 
Seat 5: jvsaid (26972 in chips, $4.90 bounty) 
Seat 6: kurt23x (9920 in chips, $4.90 bounty) 
Seat 7: gnolynot (9643 in chips, $7.35 bounty) 
Seat 8: vembrinquedo (16736 in chips, $4.90 bounty) 
mouseland1009: posts the ante 40
steviecyall: posts the ante 40
Mahu2021: posts the ante 40
#1 Piero Conti: posts the ante 40
jvsaid: posts the ante 40
kurt23x: posts the ante 40
gnolynot: posts the ante 40
vembrinquedo: posts the ante 40
#1 Piero Conti: posts small blind 150
jvsaid: posts big blind 300
*** HOLE CARDS ***
Dealt to Mahu2021 [9s 3s]
kurt23x: folds 
gnolynot: folds 
vembrinquedo: folds 
mouseland1009: raises 300 to 600
steviecyall: folds 
Mahu2021: folds 
#1 Piero Conti: folds 
jvsaid: folds 
Uncalled bet (300) returned to mouseland1009
mouseland1009 collected 1070 from pot
mouseland1009: doesn't show hand 
*** SUMMARY ***
Total pot 1070 | Rake 0 
Seat 1: mouseland1009 collected (1070)
Seat 2: steviecyall folded before Flop (didn't bet)
Seat 3: Mahu2021 (button) folded before Flop (didn't bet)
Seat 4: #1 Piero Conti (small blind) folded before Flop
Seat 5: jvsaid (big blind) folded before Flop
Seat 6: kurt23x folded before Flop (didn't bet)
Seat 7: gnolynot folded before Flop (didn't bet)
Seat 8: vembrinquedo folded before Flop (didn't bet)



PokerStars Hand #255721274238: Tournament #3875822987, $4.90+$4.90+$1.20 USD Hold'em No Limit - Level X (150/300) - 2025/04/13 21:40:31 CET [2025/04/13 15:40:31 ET]
Table '3875822987 911' 8-max Seat #4 is the button
Seat 1: mouseland1009 (16461 in chips, $9.80 bounty) 
Seat 2: steviecyall (9412 in chips, $4.90 bounty) 
Seat 3: Mahu2021 (5068 in chips, $4.90 bounty) 
Seat 4: #1 Piero Conti (3016 in chips, $4.90 bounty) 
Seat 5: jvsaid (26632 in chips, $4.90 bounty) 
Seat 6: kurt23x (9880 in chips, $4.90 bounty) 
Seat 7: gnolynot (9603 in chips, $7.35 bounty) 
Seat 8: vembrinquedo (16696 in chips, $4.90 bounty) 
mouseland1009: posts the ante 40
steviecyall: posts the ante 40
Mahu2021: posts the ante 40
#1 Piero Conti: posts the ante 40
jvsaid: posts the ante 40
kurt23x: posts the ante 40
gnolynot: posts the ante 40
vembrinquedo: posts the ante 40
jvsaid: posts small blind 150
kurt23x: posts big blind 300
*** HOLE CARDS ***
Dealt to Mahu2021 [Th Jc]
gnolynot: folds 
vembrinquedo: folds 
mouseland1009: raises 300 to 600
steviecyall: folds 
Mahu2021: calls 600
#1 Piero Conti: folds 
jvsaid: folds 
kurt23x: calls 300
*** FLOP *** [2c 8h Kc]
kurt23x: checks 
mouseland1009: bets 749
Mahu2021: folds 
kurt23x: folds 
Uncalled bet (749) returned to mouseland1009
mouseland1009 collected 2270 from pot
mouseland1009: doesn't show hand 
gnolynot is disconnected 
*** SUMMARY ***
Total pot 2270 | Rake 0 
Board [2c 8h Kc]
Seat 1: mouseland1009 collected (2270)
Seat 2: steviecyall folded before Flop (didn't bet)
Seat 3: Mahu2021 folded on the Flop
Seat 4: #1 Piero Conti (button) folded before Flop (didn't bet)
Seat 5: jvsaid (small blind) folded before Flop
Seat 6: kurt23x (big blind) folded on the Flop
Seat 7: gnolynot folded before Flop (didn't bet)
Seat 8: vembrinquedo folded before Flop (didn't bet)



PokerStars Hand #255721294305: Tournament #3875822987, $4.90+$4.90+$1.20 USD Hold'em No Limit - Level X (150/300) - 2025/04/13 21:41:32 CET [2025/04/13 15:41:32 ET]
Table '3875822987 911' 8-max Seat #5 is the button
Seat 1: mouseland1009 (18091 in chips, $9.80 bounty) 
Seat 2: steviecyall (9372 in chips, $4.90 bounty) 
Seat 3: Mahu2021 (4428 in chips, $4.90 bounty) 
Seat 4: #1 Piero Conti (2976 in chips, $4.90 bounty) 
Seat 5: jvsaid (26442 in chips, $4.90 bounty) 
Seat 6: kurt23x (9240 in chips, $4.90 bounty) 
Seat 7: gnolynot (9563 in chips, $7.35 bounty) 
Seat 8: vembrinquedo (16656 in chips, $4.90 bounty) 
mouseland1009: posts the ante 40
steviecyall: posts the ante 40
Mahu2021: posts the ante 40
#1 Piero Conti: posts the ante 40
jvsaid: posts the ante 40
kurt23x: posts the ante 40
gnolynot: posts the ante 40
vembrinquedo: posts the ante 40
kurt23x: posts small blind 150
gnolynot: posts big blind 300
*** HOLE CARDS ***
Dealt to Mahu2021 [9s 9h]
vembrinquedo: folds 
mouseland1009: raises 300 to 600
steviecyall: folds 
Mahu2021: raises 3788 to 4388 and is all-in
gnolynot is disconnected 
#1 Piero Conti: folds 
jvsaid: folds 
kurt23x: folds 
gnolynot: folds 
mouseland1009: folds 
Uncalled bet (3788) returned to Mahu2021
Mahu2021 collected 1970 from pot
Mahu2021: doesn't show hand 
*** SUMMARY ***
Total pot 1970 | Rake 0 
Seat 1: mouseland1009 folded before Flop
Seat 2: steviecyall folded before Flop (didn't bet)
Seat 3: Mahu2021 collected (1970)
Seat 4: #1 Piero Conti folded before Flop (didn't bet)
Seat 5: jvsaid (button) folded before Flop (didn't bet)
Seat 6: kurt23x (small blind) folded before Flop
Seat 7: gnolynot (big blind) folded before Flop
Seat 8: vembrinquedo folded before Flop (didn't bet)



PokerStars Hand #255721303197: Tournament #3875822987, $4.90+$4.90+$1.20 USD Hold'em No Limit - Level X (150/300) - 2025/04/13 21:41:59 CET [2025/04/13 15:41:59 ET]
Table '3875822987 911' 8-max Seat #6 is the button
Seat 1: mouseland1009 (17451 in chips, $9.80 bounty) 
Seat 2: steviecyall (9332 in chips, $4.90 bounty) 
Seat 3: Mahu2021 (5758 in chips, $4.90 bounty) 
Seat 4: #1 Piero Conti (2936 in chips, $4.90 bounty) 
Seat 5: jvsaid (26402 in chips, $4.90 bounty) 
Seat 6: kurt23x (9050 in chips, $4.90 bounty) 
Seat 7: gnolynot (9223 in chips, $7.35 bounty) 
Seat 8: vembrinquedo (16616 in chips, $4.90 bounty) 
mouseland1009: posts the ante 40
steviecyall: posts the ante 40
Mahu2021: posts the ante 40
#1 Piero Conti: posts the ante 40
jvsaid: posts the ante 40
kurt23x: posts the ante 40
gnolynot: posts the ante 40
vembrinquedo: posts the ante 40
gnolynot: posts small blind 150
vembrinquedo: posts big blind 300
*** HOLE CARDS ***
Dealt to Mahu2021 [Qs 3d]
mouseland1009: folds 
steviecyall: folds 
Mahu2021: folds 
#1 Piero Conti: folds 
jvsaid: folds 
kurt23x: folds 
gnolynot is disconnected 
gnolynot has timed out while being disconnected
gnolynot: folds 
gnolynot is sitting out
Uncalled bet (150) returned to vembrinquedo
vembrinquedo collected 620 from pot
vembrinquedo: doesn't show hand 
*** SUMMARY ***
Total pot 620 | Rake 0 
Seat 1: mouseland1009 folded before Flop (didn't bet)
Seat 2: steviecyall folded before Flop (didn't bet)
Seat 3: Mahu2021 folded before Flop (didn't bet)
Seat 4: #1 Piero Conti folded before Flop (didn't bet)
Seat 5: jvsaid folded before Flop (didn't bet)
Seat 6: kurt23x (button) folded before Flop (didn't bet)
Seat 7: gnolynot (small blind) folded before Flop
Seat 8: vembrinquedo (big blind) collected (620)



PokerStars Hand #255721321082: Tournament #3875822987, $4.90+$4.90+$1.20 USD Hold'em No Limit - Level X (150/300) - 2025/04/13 21:42:53 CET [2025/04/13 15:42:53 ET]
Table '3875822987 911' 8-max Seat #7 is the button
Seat 1: mouseland1009 (17411 in chips, $9.80 bounty) 
Seat 2: steviecyall (9292 in chips, $4.90 bounty) 
Seat 3: Mahu2021 (5718 in chips, $4.90 bounty) 
Seat 4: #1 Piero Conti (2896 in chips, $4.90 bounty) 
Seat 5: jvsaid (26362 in chips, $4.90 bounty) 
Seat 6: kurt23x (9010 in chips, $4.90 bounty) 
Seat 7: gnolynot (9033 in chips, $7.35 bounty) is sitting out
Seat 8: vembrinquedo (17046 in chips, $4.90 bounty) 
mouseland1009: posts the ante 40
steviecyall: posts the ante 40
Mahu2021: posts the ante 40
#1 Piero Conti: posts the ante 40
jvsaid: posts the ante 40
kurt23x: posts the ante 40
gnolynot: posts the ante 40
vembrinquedo: posts the ante 40
vembrinquedo: posts small blind 150
mouseland1009: posts big blind 300
*** HOLE CARDS ***
Dealt to Mahu2021 [5h Qh]
steviecyall: folds 
Mahu2021: folds 
#1 Piero Conti: folds 
jvsaid: folds 
kurt23x: folds 
gnolynot: folds 
vembrinquedo: raises 591 to 891
mouseland1009: calls 591
*** FLOP *** [6d Tc 3d]
gnolynot is disconnected 
gnolynot has returned
vembrinquedo: bets 694
mouseland1009: raises 1706 to 2400
vembrinquedo: calls 1706
*** TURN *** [6d Tc 3d] [7d]
vembrinquedo: checks 
mouseland1009: bets 4140
vembrinquedo: raises 9575 to 13715 and is all-in
mouseland1009: calls 9575
*** RIVER *** [6d Tc 3d 7d] [5d]
*** SHOW DOWN ***
vembrinquedo: shows [8d Kd] (a flush, King high)
mouseland1009: shows [5c 4d] (a straight flush, Three to Seven)
mouseland1009 collected 34332 from pot
mouseland1009 wins $2.45 for eliminating vembrinquedo and their own bounty increases by $2.45 to $12.25
vembrinquedo finished the tournament
*** SUMMARY ***
Total pot 34332 | Rake 0 
Board [6d Tc 3d 7d 5d]
Seat 1: mouseland1009 (big blind) showed [5c 4d] and won (34332) with a straight flush, Three to Seven
Seat 2: steviecyall folded before Flop (didn't bet)
Seat 3: Mahu2021 folded before Flop (didn't bet)
Seat 4: #1 Piero Conti folded before Flop (didn't bet)
Seat 5: jvsaid folded before Flop (didn't bet)
Seat 6: kurt23x folded before Flop (didn't bet)
Seat 7: gnolynot (button) folded before Flop (didn't bet)
Seat 8: vembrinquedo (small blind) showed [8d Kd] and lost with a flush, King high



PokerStars Hand #255721349197: Tournament #3875822987, $4.90+$4.90+$1.20 USD Hold'em No Limit - Level X (150/300) - 2025/04/13 21:44:19 CET [2025/04/13 15:44:19 ET]
Table '3875822987 911' 8-max Seat #1 is the button
Seat 1: mouseland1009 (34697 in chips, $12.25 bounty) 
Seat 2: steviecyall (9252 in chips, $4.90 bounty) 
Seat 3: Mahu2021 (5678 in chips, $4.90 bounty) 
Seat 4: #1 Piero Conti (2856 in chips, $4.90 bounty) 
Seat 5: jvsaid (26322 in chips, $4.90 bounty) 
Seat 6: kurt23x (8970 in chips, $4.90 bounty) 
Seat 7: gnolynot (8993 in chips, $7.35 bounty) 
mouseland1009: posts the ante 40
steviecyall: posts the ante 40
Mahu2021: posts the ante 40
#1 Piero Conti: posts the ante 40
jvsaid: posts the ante 40
kurt23x: posts the ante 40
gnolynot: posts the ante 40
steviecyall: posts small blind 150
Mahu2021: posts big blind 300
*** HOLE CARDS ***
Dealt to Mahu2021 [7c 2h]
#1 Piero Conti: raises 2516 to 2816 and is all-in
jvsaid: folds 
kurt23x: raises 6114 to 8930 and is all-in
gnolynot: folds 
mouseland1009: folds 
steviecyall: folds 
Mahu2021: folds 
Uncalled bet (6114) returned to kurt23x
*** FLOP *** [Qd Td 2d]
*** TURN *** [Qd Td 2d] [4h]
*** RIVER *** [Qd Td 2d 4h] [2s]
*** SHOW DOWN ***
#1 Piero Conti: shows [Qs Kc] (two pair, Queens and Deuces)
kurt23x: shows [As Ac] (two pair, Aces and Deuces)
kurt23x collected 6362 from pot
kurt23x wins $2.45 for eliminating #1 Piero Conti and their own bounty increases by $2.45 to $7.35
#1 Piero Conti finished the tournament
*** SUMMARY ***
Total pot 6362 | Rake 0 
Board [Qd Td 2d 4h 2s]
Seat 1: mouseland1009 (button) folded before Flop (didn't bet)
Seat 2: steviecyall (small blind) folded before Flop
Seat 3: Mahu2021 (big blind) folded before Flop
Seat 4: #1 Piero Conti showed [Qs Kc] and lost with two pair, Queens and Deuces
Seat 5: jvsaid folded before Flop (didn't bet)
Seat 6: kurt23x showed [As Ac] and won (6362) with two pair, Aces and Deuces
Seat 7: gnolynot folded before Flop (didn't bet)



PokerStars Hand #255721362573: Tournament #3875822987, $4.90+$4.90+$1.20 USD Hold'em No Limit - Level X (150/300) - 2025/04/13 21:44:59 CET [2025/04/13 15:44:59 ET]
Table '3875822987 911' 8-max Seat #2 is the button
Seat 1: mouseland1009 (34657 in chips, $12.25 bounty) 
Seat 2: steviecyall (9062 in chips, $4.90 bounty) 
Seat 3: Mahu2021 (5338 in chips, $4.90 bounty) 
Seat 5: jvsaid (26282 in chips, $4.90 bounty) 
Seat 6: kurt23x (12476 in chips, $7.35 bounty) 
Seat 7: gnolynot (8953 in chips, $7.35 bounty) 
Seat 8: kjone_kjone (10000 in chips, $4.90 bounty) 
mouseland1009: posts the ante 40
steviecyall: posts the ante 40
Mahu2021: posts the ante 40
jvsaid: posts the ante 40
kurt23x: posts the ante 40
gnolynot: posts the ante 40
kjone_kjone: posts the ante 40
Mahu2021: posts small blind 150
jvsaid: posts big blind 300
*** HOLE CARDS ***
Dealt to Mahu2021 [Jh 6c]
Nushubv13 is disconnected 
kurt23x: raises 300 to 600
gnolynot: folds 
kjone_kjone: folds 
mouseland1009: folds 
steviecyall: folds 
Mahu2021: folds 
jvsaid: calls 300
*** FLOP *** [9h 3s 4s]
jvsaid: checks 
kurt23x: bets 408
jvsaid: raises 1392 to 1800
kurt23x: folds 
Uncalled bet (1392) returned to jvsaid
jvsaid collected 2446 from pot
jvsaid: doesn't show hand 
*** SUMMARY ***
Total pot 2446 | Rake 0 
Board [9h 3s 4s]
Seat 1: mouseland1009 folded before Flop (didn't bet)
Seat 2: steviecyall (button) folded before Flop (didn't bet)
Seat 3: Mahu2021 (small blind) folded before Flop
Seat 5: jvsaid (big blind) collected (2446)
Seat 6: kurt23x folded on the Flop
Seat 7: gnolynot folded before Flop (didn't bet)
Seat 8: kjone_kjone folded before Flop (didn't bet)



PokerStars Hand #255721382822: Tournament #3875822987, $4.90+$4.90+$1.20 USD Hold'em No Limit - Level X (150/300) - 2025/04/13 21:46:01 CET [2025/04/13 15:46:01 ET]
Table '3875822987 911' 8-max Seat #3 is the button
Seat 1: mouseland1009 (34617 in chips, $12.25 bounty) 
Seat 2: steviecyall (9022 in chips, $4.90 bounty) 
Seat 3: Mahu2021 (5148 in chips, $4.90 bounty) 
Seat 4: Nushubv13 (10000 in chips) out of hand (moved from another table into small blind)
Seat 5: jvsaid (27680 in chips, $4.90 bounty) 
Seat 6: kurt23x (11428 in chips, $7.35 bounty) 
Seat 7: gnolynot (8913 in chips, $7.35 bounty) 
Seat 8: kjone_kjone (9960 in chips, $4.90 bounty) 
Nushubv13 will be allowed to play after the button
mouseland1009: posts the ante 40
steviecyall: posts the ante 40
Mahu2021: posts the ante 40
jvsaid: posts the ante 40
kurt23x: posts the ante 40
gnolynot: posts the ante 40
kjone_kjone: posts the ante 40
jvsaid: posts small blind 150
kurt23x: posts big blind 300
*** HOLE CARDS ***
Dealt to Mahu2021 [8c 7c]
gnolynot: folds 
kjone_kjone: folds 
mouseland1009: folds 
steviecyall: folds 
Mahu2021: raises 600 to 900
jvsaid: raises 1800 to 2700
kurt23x: folds 
Mahu2021: folds 
Uncalled bet (1800) returned to jvsaid
jvsaid collected 2380 from pot
jvsaid: doesn't show hand 
*** SUMMARY ***
Total pot 2380 | Rake 0 
Seat 1: mouseland1009 folded before Flop (didn't bet)
Seat 2: steviecyall folded before Flop (didn't bet)
Seat 3: Mahu2021 (button) folded before Flop
Seat 5: jvsaid (small blind) collected (2380)
Seat 6: kurt23x (big blind) folded before Flop
Seat 7: gnolynot folded before Flop (didn't bet)
Seat 8: kjone_kjone folded before Flop (didn't bet)



PokerStars Hand #255721398890: Tournament #3875822987, $4.90+$4.90+$1.20 USD Hold'em No Limit - Level X (150/300) - 2025/04/13 21:46:50 CET [2025/04/13 15:46:50 ET]
Table '3875822987 911' 8-max Seat #5 is the button
Seat 1: mouseland1009 (34577 in chips, $12.25 bounty) 
Seat 2: steviecyall (8982 in chips, $4.90 bounty) 
Seat 3: Mahu2021 (4208 in chips, $4.90 bounty) 
Seat 4: Nushubv13 (10000 in chips, $4.90 bounty) 
Seat 5: jvsaid (29120 in chips, $4.90 bounty) 
Seat 6: kurt23x (11088 in chips, $7.35 bounty) 
Seat 7: gnolynot (8873 in chips, $7.35 bounty) 
Seat 8: kjone_kjone (9920 in chips, $4.90 bounty) 
mouseland1009: posts the ante 40
steviecyall: posts the ante 40
Mahu2021: posts the ante 40
Nushubv13: posts the ante 40
jvsaid: posts the ante 40
kurt23x: posts the ante 40
gnolynot: posts the ante 40
kjone_kjone: posts the ante 40
kurt23x: posts small blind 150
gnolynot: posts big blind 300
*** HOLE CARDS ***
Dealt to Mahu2021 [2d Jd]
kjone_kjone: folds 
mouseland1009: folds 
steviecyall: folds 
Mahu2021: folds 
Nushubv13: folds 
jvsaid: folds 
kurt23x: calls 150
gnolynot: checks 
*** FLOP *** [Kh 3s Ad]
kurt23x: bets 300
gnolynot: folds 
Uncalled bet (300) returned to kurt23x
kurt23x collected 920 from pot
*** SUMMARY ***
Total pot 920 | Rake 0 
Board [Kh 3s Ad]
Seat 1: mouseland1009 folded before Flop (didn't bet)
Seat 2: steviecyall folded before Flop (didn't bet)
Seat 3: Mahu2021 folded before Flop (didn't bet)
Seat 4: Nushubv13 folded before Flop (didn't bet)
Seat 5: jvsaid (button) folded before Flop (didn't bet)
Seat 6: kurt23x (small blind) collected (920)
Seat 7: gnolynot (big blind) folded on the Flop
Seat 8: kjone_kjone folded before Flop (didn't bet)



PokerStars Hand #255721414266: Tournament #3875822987, $4.90+$4.90+$1.20 USD Hold'em No Limit - Level X (150/300) - 2025/04/13 21:47:37 CET [2025/04/13 15:47:37 ET]
Table '3875822987 911' 8-max Seat #6 is the button
Seat 1: mouseland1009 (34537 in chips, $12.25 bounty) 
Seat 2: steviecyall (8942 in chips, $4.90 bounty) 
Seat 3: Mahu2021 (4168 in chips, $4.90 bounty) 
Seat 4: Nushubv13 (9960 in chips, $4.90 bounty) 
Seat 5: jvsaid (29080 in chips, $4.90 bounty) 
Seat 6: kurt23x (11668 in chips, $7.35 bounty) 
Seat 7: gnolynot (8533 in chips, $7.35 bounty) 
Seat 8: kjone_kjone (9880 in chips, $4.90 bounty) 
mouseland1009: posts the ante 40
steviecyall: posts the ante 40
Mahu2021: posts the ante 40
Nushubv13: posts the ante 40
jvsaid: posts the ante 40
kurt23x: posts the ante 40
gnolynot: posts the ante 40
kjone_kjone: posts the ante 40
gnolynot: posts small blind 150
kjone_kjone: posts big blind 300
*** HOLE CARDS ***
Dealt to Mahu2021 [8c Tc]
mouseland1009: folds 
steviecyall: folds 
Mahu2021: folds 
Nushubv13: folds 
jvsaid: folds 
kurt23x: folds 
gnolynot: calls 150
kjone_kjone: checks 
*** FLOP *** [3h 7d 7h]
gnolynot: bets 300
kjone_kjone: raises 300 to 600
gnolynot: calls 300
*** TURN *** [3h 7d 7h] [3d]
gnolynot: checks 
kjone_kjone: bets 600
gnolynot: calls 600
*** RIVER *** [3h 7d 7h 3d] [7s]
gnolynot: checks 
kjone_kjone: bets 8340 and is all-in
gnolynot: calls 6993 and is all-in
Uncalled bet (1347) returned to kjone_kjone
*** SHOW DOWN ***
kjone_kjone: shows [9c 2c] (a full house, Sevens full of Threes)
gnolynot: shows [5h Kh] (a full house, Sevens full of Threes)
gnolynot collected 8653 from pot
kjone_kjone collected 8653 from pot
*** SUMMARY ***
Total pot 17306 | Rake 0 
Board [3h 7d 7h 3d 7s]
Seat 1: mouseland1009 folded before Flop (didn't bet)
Seat 2: steviecyall folded before Flop (didn't bet)
Seat 3: Mahu2021 folded before Flop (didn't bet)
Seat 4: Nushubv13 folded before Flop (didn't bet)
Seat 5: jvsaid folded before Flop (didn't bet)
Seat 6: kurt23x (button) folded before Flop (didn't bet)
Seat 7: gnolynot (small blind) showed [5h Kh] and won (8653) with a full house, Sevens full of Threes
Seat 8: kjone_kjone (big blind) showed [9c 2c] and won (8653) with a full house, Sevens full of Threes



PokerStars Hand #255721432366: Tournament #3875822987, $4.90+$4.90+$1.20 USD Hold'em No Limit - Level XI (175/350) - 2025/04/13 21:48:33 CET [2025/04/13 15:48:33 ET]
Table '3875822987 911' 8-max Seat #7 is the button
Seat 1: mouseland1009 (34497 in chips, $12.25 bounty) 
Seat 2: steviecyall (8902 in chips, $4.90 bounty) 
Seat 3: Mahu2021 (4128 in chips, $4.90 bounty) 
Seat 4: Nushubv13 (9920 in chips, $4.90 bounty) 
Seat 5: jvsaid (29040 in chips, $4.90 bounty) 
Seat 6: kurt23x (11628 in chips, $7.35 bounty) 
Seat 7: gnolynot (8653 in chips, $7.35 bounty) 
Seat 8: kjone_kjone (10000 in chips, $4.90 bounty) 
mouseland1009: posts the ante 45
steviecyall: posts the ante 45
Mahu2021: posts the ante 45
Nushubv13: posts the ante 45
jvsaid: posts the ante 45
kurt23x: posts the ante 45
gnolynot: posts the ante 45
kjone_kjone: posts the ante 45
kjone_kjone: posts small blind 175
mouseland1009: posts big blind 350
*** HOLE CARDS ***
Dealt to Mahu2021 [Th 4s]
steviecyall: folds 
Mahu2021: folds 
Nushubv13: folds 
jvsaid: folds 
kurt23x: folds 
gnolynot has timed out
gnolynot: folds 
gnolynot is sitting out
gnolynot is disconnected 
kjone_kjone: raises 350 to 700
mouseland1009: calls 350
*** FLOP *** [Td 8d 5h]
kjone_kjone: bets 1050
mouseland1009: calls 1050
*** TURN *** [Td 8d 5h] [7h]
gnolynot is disconnected 
gnolynot has returned
kjone_kjone: bets 700
mouseland1009: calls 700
*** RIVER *** [Td 8d 5h 7h] [9h]
kjone_kjone: bets 1050
mouseland1009: raises 30952 to 32002 and is all-in
kjone_kjone: folds 
Uncalled bet (30952) returned to mouseland1009
mouseland1009 collected 7360 from pot
mouseland1009: doesn't show hand 
*** SUMMARY ***
Total pot 7360 | Rake 0 
Board [Td 8d 5h 7h 9h]
Seat 1: mouseland1009 (big blind) collected (7360)
Seat 2: steviecyall folded before Flop (didn't bet)
Seat 3: Mahu2021 folded before Flop (didn't bet)
Seat 4: Nushubv13 folded before Flop (didn't bet)
Seat 5: jvsaid folded before Flop (didn't bet)
Seat 6: kurt23x folded before Flop (didn't bet)
Seat 7: gnolynot (button) folded before Flop (didn't bet)
Seat 8: kjone_kjone (small blind) folded on the River



PokerStars Hand #255721463661: Tournament #3875822987, $4.90+$4.90+$1.20 USD Hold'em No Limit - Level XI (175/350) - 2025/04/13 21:50:09 CET [2025/04/13 15:50:09 ET]
Table '3875822987 911' 8-max Seat #8 is the button
Seat 1: mouseland1009 (38312 in chips, $12.25 bounty) 
Seat 2: steviecyall (8857 in chips, $4.90 bounty) 
Seat 3: Mahu2021 (4083 in chips, $4.90 bounty) 
Seat 4: Nushubv13 (9875 in chips, $4.90 bounty) 
Seat 5: jvsaid (28995 in chips, $4.90 bounty) 
Seat 6: kurt23x (11583 in chips, $7.35 bounty) 
Seat 7: gnolynot (8608 in chips, $7.35 bounty) 
Seat 8: kjone_kjone (6455 in chips, $4.90 bounty) 
mouseland1009: posts the ante 45
steviecyall: posts the ante 45
Mahu2021: posts the ante 45
Nushubv13: posts the ante 45
jvsaid: posts the ante 45
kurt23x: posts the ante 45
gnolynot: posts the ante 45
kjone_kjone: posts the ante 45
mouseland1009: posts small blind 175
steviecyall: posts big blind 350
*** HOLE CARDS ***
Dealt to Mahu2021 [Th Jd]
Mahu2021: folds 
Nushubv13: raises 350 to 700
jvsaid: folds 
kurt23x: folds 
gnolynot: folds 
kjone_kjone: raises 350 to 1050
mouseland1009: folds 
steviecyall: folds 
Nushubv13: calls 350
*** FLOP *** [7s 6c 2d]
Nushubv13: bets 350
kjone_kjone: calls 350
*** TURN *** [7s 6c 2d] [2s]
Nushubv13: bets 700
kjone_kjone: raises 4310 to 5010 and is all-in
Nushubv13: folds 
Uncalled bet (4310) returned to kjone_kjone
kjone_kjone collected 5085 from pot
kjone_kjone: doesn't show hand 
*** SUMMARY ***
Total pot 5085 | Rake 0 
Board [7s 6c 2d 2s]
Seat 1: mouseland1009 (small blind) folded before Flop
Seat 2: steviecyall (big blind) folded before Flop
Seat 3: Mahu2021 folded before Flop (didn't bet)
Seat 4: Nushubv13 folded on the Turn
Seat 5: jvsaid folded before Flop (didn't bet)
Seat 6: kurt23x folded before Flop (didn't bet)
Seat 7: gnolynot folded before Flop (didn't bet)
Seat 8: kjone_kjone (button) collected (5085)



PokerStars Hand #255721492392: Tournament #3875822987, $4.90+$4.90+$1.20 USD Hold'em No Limit - Level XI (175/350) - 2025/04/13 21:51:37 CET [2025/04/13 15:51:37 ET]
Table '3875822987 911' 8-max Seat #1 is the button
Seat 1: mouseland1009 (38092 in chips, $12.25 bounty) 
Seat 2: steviecyall (8462 in chips, $4.90 bounty) 
Seat 3: Mahu2021 (4038 in chips, $4.90 bounty) 
Seat 4: Nushubv13 (7730 in chips, $4.90 bounty) 
Seat 5: jvsaid (28950 in chips, $4.90 bounty) 
Seat 6: kurt23x (11538 in chips, $7.35 bounty) 
Seat 7: gnolynot (8563 in chips, $7.35 bounty) 
Seat 8: kjone_kjone (9395 in chips, $4.90 bounty) 
mouseland1009: posts the ante 45
steviecyall: posts the ante 45
Mahu2021: posts the ante 45
Nushubv13: posts the ante 45
jvsaid: posts the ante 45
kurt23x: posts the ante 45
gnolynot: posts the ante 45
kjone_kjone: posts the ante 45
steviecyall: posts small blind 175
Mahu2021: posts big blind 350
*** HOLE CARDS ***
Dealt to Mahu2021 [3s Ah]
Nushubv13: folds 
jvsaid: folds 
kurt23x: folds 
gnolynot: folds 
kjone_kjone: folds 
mouseland1009: raises 37697 to 38047 and is all-in
steviecyall: folds 
Mahu2021: folds 
Uncalled bet (37697) returned to mouseland1009
mouseland1009 collected 1235 from pot
mouseland1009: doesn't show hand 
*** SUMMARY ***
Total pot 1235 | Rake 0 
Seat 1: mouseland1009 (button) collected (1235)
Seat 2: steviecyall (small blind) folded before Flop
Seat 3: Mahu2021 (big blind) folded before Flop
Seat 4: Nushubv13 folded before Flop (didn't bet)
Seat 5: jvsaid folded before Flop (didn't bet)
Seat 6: kurt23x folded before Flop (didn't bet)
Seat 7: gnolynot folded before Flop (didn't bet)
Seat 8: kjone_kjone folded before Flop (didn't bet)



PokerStars Hand #255721499147: Tournament #3875822987, $4.90+$4.90+$1.20 USD Hold'em No Limit - Level XI (175/350) - 2025/04/13 21:51:58 CET [2025/04/13 15:51:58 ET]
Table '3875822987 911' 8-max Seat #2 is the button
Seat 1: mouseland1009 (38932 in chips, $12.25 bounty) 
Seat 2: steviecyall (8242 in chips, $4.90 bounty) 
Seat 3: Mahu2021 (3643 in chips, $4.90 bounty) 
Seat 4: Nushubv13 (7685 in chips, $4.90 bounty) 
Seat 5: jvsaid (28905 in chips, $4.90 bounty) 
Seat 6: kurt23x (11493 in chips, $7.35 bounty) 
Seat 7: gnolynot (8518 in chips, $7.35 bounty) 
Seat 8: kjone_kjone (9350 in chips, $4.90 bounty) 
mouseland1009: posts the ante 45
steviecyall: posts the ante 45
Mahu2021: posts the ante 45
Nushubv13: posts the ante 45
jvsaid: posts the ante 45
kurt23x: posts the ante 45
gnolynot: posts the ante 45
kjone_kjone: posts the ante 45
Mahu2021: posts small blind 175
Nushubv13: posts big blind 350
*** HOLE CARDS ***
Dealt to Mahu2021 [5s Kh]
jvsaid: folds 
kurt23x: folds 
gnolynot: raises 700 to 1050
kjone_kjone: folds 
mouseland1009: calls 1050
steviecyall: folds 
Mahu2021: folds 
Nushubv13: folds 
*** FLOP *** [3s Ks 3h]
gnolynot: bets 1493
mouseland1009: raises 36344 to 37837 and is all-in
gnolynot: folds 
Uncalled bet (36344) returned to mouseland1009
mouseland1009 collected 5971 from pot
mouseland1009: doesn't show hand 
*** SUMMARY ***
Total pot 5971 | Rake 0 
Board [3s Ks 3h]
Seat 1: mouseland1009 collected (5971)
Seat 2: steviecyall (button) folded before Flop (didn't bet)
Seat 3: Mahu2021 (small blind) folded before Flop
Seat 4: Nushubv13 (big blind) folded before Flop
Seat 5: jvsaid folded before Flop (didn't bet)
Seat 6: kurt23x folded before Flop (didn't bet)
Seat 7: gnolynot folded on the Flop
Seat 8: kjone_kjone folded before Flop (didn't bet)



PokerStars Hand #255721514409: Tournament #3875822987, $4.90+$4.90+$1.20 USD Hold'em No Limit - Level XI (175/350) - 2025/04/13 21:52:45 CET [2025/04/13 15:52:45 ET]
Table '3875822987 911' 8-max Seat #3 is the button
Seat 1: mouseland1009 (42315 in chips, $12.25 bounty) 
Seat 2: steviecyall (8197 in chips, $4.90 bounty) 
Seat 3: Mahu2021 (3423 in chips, $4.90 bounty) 
Seat 4: Nushubv13 (7290 in chips, $4.90 bounty) 
Seat 5: jvsaid (28860 in chips, $4.90 bounty) 
Seat 6: kurt23x (11448 in chips, $7.35 bounty) 
Seat 7: gnolynot (5930 in chips, $7.35 bounty) 
Seat 8: kjone_kjone (9305 in chips, $4.90 bounty) 
mouseland1009: posts the ante 45
steviecyall: posts the ante 45
Mahu2021: posts the ante 45
Nushubv13: posts the ante 45
jvsaid: posts the ante 45
kurt23x: posts the ante 45
gnolynot: posts the ante 45
kjone_kjone: posts the ante 45
Nushubv13: posts small blind 175
jvsaid: posts big blind 350
*** HOLE CARDS ***
Dealt to Mahu2021 [Qd Ac]
kurt23x: folds 
gnolynot: folds 
kjone_kjone: folds 
mouseland1009: folds 
steviecyall: folds 
Mahu2021: raises 700 to 1050
Nushubv13: folds 
jvsaid: raises 27765 to 28815 and is all-in
Mahu2021: calls 2328 and is all-in
Uncalled bet (25437) returned to jvsaid
*** FLOP *** [7d Ts 9d]
*** TURN *** [7d Ts 9d] [Ah]
*** RIVER *** [7d Ts 9d Ah] [Qh]
*** SHOW DOWN ***
jvsaid: shows [As Kh] (a pair of Aces)
Mahu2021: shows [Qd Ac] (two pair, Aces and Queens)
Mahu2021 collected 7291 from pot
*** SUMMARY ***
Total pot 7291 | Rake 0 
Board [7d Ts 9d Ah Qh]
Seat 1: mouseland1009 folded before Flop (didn't bet)
Seat 2: steviecyall folded before Flop (didn't bet)
Seat 3: Mahu2021 (button) showed [Qd Ac] and won (7291) with two pair, Aces and Queens
Seat 4: Nushubv13 (small blind) folded before Flop
Seat 5: jvsaid (big blind) showed [As Kh] and lost with a pair of Aces
Seat 6: kurt23x folded before Flop (didn't bet)
Seat 7: gnolynot folded before Flop (didn't bet)
Seat 8: kjone_kjone folded before Flop (didn't bet)



PokerStars Hand #255721525743: Tournament #3875822987, $4.90+$4.90+$1.20 USD Hold'em No Limit - Level XI (175/350) - 2025/04/13 21:53:20 CET [2025/04/13 15:53:20 ET]
Table '3875822987 911' 8-max Seat #4 is the button
Seat 1: mouseland1009 (42270 in chips, $12.25 bounty) 
Seat 2: steviecyall (8152 in chips, $4.90 bounty) 
Seat 3: Mahu2021 (7291 in chips, $4.90 bounty) 
Seat 4: Nushubv13 (7070 in chips, $4.90 bounty) 
Seat 5: jvsaid (25437 in chips, $4.90 bounty) 
Seat 6: kurt23x (11403 in chips, $7.35 bounty) 
Seat 7: gnolynot (5885 in chips, $7.35 bounty) 
Seat 8: kjone_kjone (9260 in chips, $4.90 bounty) 
mouseland1009: posts the ante 45
steviecyall: posts the ante 45
Mahu2021: posts the ante 45
Nushubv13: posts the ante 45
jvsaid: posts the ante 45
kurt23x: posts the ante 45
gnolynot: posts the ante 45
kjone_kjone: posts the ante 45
jvsaid: posts small blind 175
kurt23x: posts big blind 350
*** HOLE CARDS ***
Dealt to Mahu2021 [6h As]
gnolynot has timed out
gnolynot: folds 
gnolynot is sitting out
gnolynot has returned
kjone_kjone is disconnected 
kjone_kjone is connected 
kjone_kjone is disconnected 
kjone_kjone is connected 
kjone_kjone: raises 350 to 700
mouseland1009: folds 
steviecyall: folds 
Mahu2021: folds 
Nushubv13: folds 
jvsaid: folds 
kurt23x: calls 350
*** FLOP *** [9h Kh 3h]
kurt23x: checks 
kjone_kjone: bets 700
kurt23x: calls 700
*** TURN *** [9h Kh 3h] [5s]
kurt23x: checks 
kjone_kjone: bets 1050
kurt23x: raises 8050 to 9100
kjone_kjone: calls 6765 and is all-in
Uncalled bet (1285) returned to kurt23x
*** RIVER *** [9h Kh 3h 5s] [Jd]
*** SHOW DOWN ***
kurt23x: shows [7h 5h] (a flush, King high)
kjone_kjone: shows [9d Ad] (a pair of Nines)
kurt23x collected 18965 from pot
kurt23x wins $2.45 for eliminating kjone_kjone and their own bounty increases by $2.45 to $9.80
kjone_kjone finished the tournament
*** SUMMARY ***
Total pot 18965 | Rake 0 
Board [9h Kh 3h 5s Jd]
Seat 1: mouseland1009 folded before Flop (didn't bet)
Seat 2: steviecyall folded before Flop (didn't bet)
Seat 3: Mahu2021 folded before Flop (didn't bet)
Seat 4: Nushubv13 (button) folded before Flop (didn't bet)
Seat 5: jvsaid (small blind) folded before Flop
Seat 6: kurt23x (big blind) showed [7h 5h] and won (18965) with a flush, King high
Seat 7: gnolynot folded before Flop (didn't bet)
Seat 8: kjone_kjone showed [9d Ad] and lost with a pair of Nines



PokerStars Hand #255721645524: Tournament #3875822987, $4.90+$4.90+$1.20 USD Hold'em No Limit - Level XI (175/350) - 2025/04/13 22:02:10 CET [2025/04/13 16:02:10 ET]
Table '3875822987 911' 8-max Seat #5 is the button
Seat 1: mouseland1009 (42225 in chips, $12.25 bounty) 
Seat 2: steviecyall (8107 in chips, $4.90 bounty) 
Seat 3: Mahu2021 (7246 in chips, $4.90 bounty) 
Seat 4: Nushubv13 (7025 in chips, $4.90 bounty) 
Seat 5: jvsaid (25217 in chips, $4.90 bounty) 
Seat 6: kurt23x (21108 in chips, $9.80 bounty) 
Seat 7: gnolynot (5840 in chips, $7.35 bounty) 
Seat 8: monz191 (10000 in chips, $4.90 bounty) 
mouseland1009: posts the ante 45
steviecyall: posts the ante 45
Mahu2021: posts the ante 45
Nushubv13: posts the ante 45
jvsaid: posts the ante 45
kurt23x: posts the ante 45
gnolynot: posts the ante 45
monz191: posts the ante 45
kurt23x: posts small blind 175
gnolynot: posts big blind 350
*** HOLE CARDS ***
Dealt to Mahu2021 [Ah 2d]
monz191: folds 
mouseland1009: folds 
steviecyall: folds 
gnolynot is disconnected 
Nushubv13 is disconnected 
Nushubv13 is disconnected 
Mahu2021: folds 
Nushubv13 has timed out while disconnected
Nushubv13: folds 
Nushubv13 is sitting out
jvsaid: folds 
kurt23x: calls 175
gnolynot: raises 5445 to 5795 and is all-in
kurt23x: folds 
Uncalled bet (5445) returned to gnolynot
gnolynot collected 1060 from pot
*** SUMMARY ***
Total pot 1060 | Rake 0 
Seat 1: mouseland1009 folded before Flop (didn't bet)
Seat 2: steviecyall folded before Flop (didn't bet)
Seat 3: Mahu2021 folded before Flop (didn't bet)
Seat 4: Nushubv13 folded before Flop (didn't bet)
Seat 5: jvsaid (button) folded before Flop (didn't bet)
Seat 6: kurt23x (small blind) folded before Flop
Seat 7: gnolynot (big blind) collected (1060)
Seat 8: monz191 folded before Flop (didn't bet)



PokerStars Hand #255721665604: Tournament #3875822987, $4.90+$4.90+$1.20 USD Hold'em No Limit - Level XI (175/350) - 2025/04/13 22:03:15 CET [2025/04/13 16:03:15 ET]
Table '3875822987 911' 8-max Seat #6 is the button
Seat 1: mouseland1009 (42180 in chips, $12.25 bounty) 
Seat 2: steviecyall (8062 in chips, $4.90 bounty) 
Seat 3: Mahu2021 (7201 in chips, $4.90 bounty) 
Seat 4: Nushubv13 (6980 in chips, $4.90 bounty) is sitting out
Seat 5: jvsaid (25172 in chips, $4.90 bounty) 
Seat 6: kurt23x (20713 in chips, $9.80 bounty) 
Seat 7: gnolynot (6505 in chips, $7.35 bounty) 
Seat 8: monz191 (9955 in chips, $4.90 bounty) 
mouseland1009: posts the ante 45
steviecyall: posts the ante 45
Mahu2021: posts the ante 45
Nushubv13: posts the ante 45
jvsaid: posts the ante 45
kurt23x: posts the ante 45
gnolynot: posts the ante 45
monz191: posts the ante 45
gnolynot: posts small blind 175
monz191: posts big blind 350
*** HOLE CARDS ***
Dealt to Mahu2021 [3d 7h]
mouseland1009: folds 
steviecyall: folds 
Mahu2021: folds 
Nushubv13: folds 
jvsaid: folds 
kurt23x: folds 
gnolynot: folds 
Uncalled bet (175) returned to monz191
monz191 collected 710 from pot
*** SUMMARY ***
Total pot 710 | Rake 0 
Seat 1: mouseland1009 folded before Flop (didn't bet)
Seat 2: steviecyall folded before Flop (didn't bet)
Seat 3: Mahu2021 folded before Flop (didn't bet)
Seat 4: Nushubv13 folded before Flop (didn't bet)
Seat 5: jvsaid folded before Flop (didn't bet)
Seat 6: kurt23x (button) folded before Flop (didn't bet)
Seat 7: gnolynot (small blind) folded before Flop
Seat 8: monz191 (big blind) collected (710)



PokerStars Hand #255721672007: Tournament #3875822987, $4.90+$4.90+$1.20 USD Hold'em No Limit - Level XI (175/350) - 2025/04/13 22:03:35 CET [2025/04/13 16:03:35 ET]
Table '3875822987 911' 8-max Seat #7 is the button
Seat 1: mouseland1009 (42135 in chips, $12.25 bounty) 
Seat 2: steviecyall (8017 in chips, $4.90 bounty) 
Seat 3: Mahu2021 (7156 in chips, $4.90 bounty) 
Seat 4: Nushubv13 (6935 in chips, $4.90 bounty) is sitting out
Seat 5: jvsaid (25127 in chips, $4.90 bounty) 
Seat 6: kurt23x (20668 in chips, $9.80 bounty) 
Seat 7: gnolynot (6285 in chips, $7.35 bounty) 
Seat 8: monz191 (10445 in chips, $4.90 bounty) 
mouseland1009: posts the ante 45
steviecyall: posts the ante 45
Mahu2021: posts the ante 45
Nushubv13: posts the ante 45
jvsaid: posts the ante 45
kurt23x: posts the ante 45
gnolynot: posts the ante 45
monz191: posts the ante 45
monz191: posts small blind 175
mouseland1009: posts big blind 350
*** HOLE CARDS ***
Dealt to Mahu2021 [9h 7h]
steviecyall: folds 
Mahu2021: folds 
Nushubv13: folds 
jvsaid: folds 
kurt23x: folds 
gnolynot: folds 
monz191: raises 1060 to 1410
mouseland1009: calls 1060
*** FLOP *** [2d 2h Ts]
monz191: bets 8990 and is all-in
mouseland1009: folds 
Uncalled bet (8990) returned to monz191
monz191 collected 3180 from pot
*** SUMMARY ***
Total pot 3180 | Rake 0 
Board [2d 2h Ts]
Seat 1: mouseland1009 (big blind) folded on the Flop
Seat 2: steviecyall folded before Flop (didn't bet)
Seat 3: Mahu2021 folded before Flop (didn't bet)
Seat 4: Nushubv13 folded before Flop (didn't bet)
Seat 5: jvsaid folded before Flop (didn't bet)
Seat 6: kurt23x folded before Flop (didn't bet)
Seat 7: gnolynot (button) folded before Flop (didn't bet)
Seat 8: monz191 (small blind) collected (3180)



PokerStars Hand #255721686619: Tournament #3875822987, $4.90+$4.90+$1.20 USD Hold'em No Limit - Level XI (175/350) - 2025/04/13 22:04:21 CET [2025/04/13 16:04:21 ET]
Table '3875822987 911' 8-max Seat #8 is the button
Seat 1: mouseland1009 (40680 in chips, $12.25 bounty) 
Seat 2: steviecyall (7972 in chips, $4.90 bounty) 
Seat 3: Mahu2021 (7111 in chips, $4.90 bounty) 
Seat 4: Nushubv13 (6890 in chips, $4.90 bounty) is sitting out
Seat 5: jvsaid (25082 in chips, $4.90 bounty) 
Seat 6: kurt23x (20623 in chips, $9.80 bounty) 
Seat 7: gnolynot (6240 in chips, $7.35 bounty) 
Seat 8: monz191 (12170 in chips, $4.90 bounty) 
mouseland1009: posts the ante 45
steviecyall: posts the ante 45
Mahu2021: posts the ante 45
Nushubv13: posts the ante 45
jvsaid: posts the ante 45
kurt23x: posts the ante 45
gnolynot: posts the ante 45
monz191: posts the ante 45
mouseland1009: posts small blind 175
steviecyall: posts big blind 350
*** HOLE CARDS ***
Dealt to Mahu2021 [3d 4d]
Mahu2021: folds 
Nushubv13: folds 
jvsaid: folds 
kurt23x: raises 350 to 700
gnolynot: raises 5495 to 6195 and is all-in
monz191: calls 6195
mouseland1009: folds 
steviecyall: folds 
kurt23x: folds 
*** FLOP *** [Ts 6c Qd]
*** TURN *** [Ts 6c Qd] [7h]
*** RIVER *** [Ts 6c Qd 7h] [9s]
*** SHOW DOWN ***
gnolynot: shows [5c As] (high card Ace)
monz191: shows [Kd Td] (a pair of Tens)
monz191 collected 13975 from pot
monz191 wins $3.68 for eliminating gnolynot and their own bounty increases by $3.67 to $8.57
gnolynot finished the tournament
Nushubv13 is disconnected 
*** SUMMARY ***
Total pot 13975 | Rake 0 
Board [Ts 6c Qd 7h 9s]
Seat 1: mouseland1009 (small blind) folded before Flop
Seat 2: steviecyall (big blind) folded before Flop
Seat 3: Mahu2021 folded before Flop (didn't bet)
Seat 4: Nushubv13 folded before Flop (didn't bet)
Seat 5: jvsaid folded before Flop (didn't bet)
Seat 6: kurt23x folded before Flop
Seat 7: gnolynot showed [5c As] and lost with high card Ace
Seat 8: monz191 (button) showed [Kd Td] and won (13975) with a pair of Tens



PokerStars Hand #255721698181: Tournament #3875822987, $4.90+$4.90+$1.20 USD Hold'em No Limit - Level XI (175/350) - 2025/04/13 22:04:57 CET [2025/04/13 16:04:57 ET]
Table '3875822987 911' 8-max Seat #1 is the button
Seat 1: mouseland1009 (40460 in chips, $12.25 bounty) 
Seat 2: steviecyall (7577 in chips, $4.90 bounty) 
Seat 3: Mahu2021 (7066 in chips, $4.90 bounty) 
Seat 4: Nushubv13 (6845 in chips, $4.90 bounty) is sitting out
Seat 5: jvsaid (25037 in chips, $4.90 bounty) 
Seat 6: kurt23x (19878 in chips, $9.80 bounty) 
Seat 8: monz191 (19905 in chips, $8.57 bounty) 
mouseland1009: posts the ante 45
steviecyall: posts the ante 45
Mahu2021: posts the ante 45
Nushubv13: posts the ante 45
jvsaid: posts the ante 45
kurt23x: posts the ante 45
monz191: posts the ante 45
steviecyall: posts small blind 175
Mahu2021: posts big blind 350
*** HOLE CARDS ***
Dealt to Mahu2021 [7s 7d]
Nushubv13: folds 
Nushubv13 has returned
Samgaye is disconnected 
jvsaid: folds 
kurt23x: folds 
monz191: folds 
mouseland1009: folds 
steviecyall: raises 1400 to 1750
Mahu2021: calls 1400
*** FLOP *** [9c 6c Qh]
steviecyall: bets 3815
Nushubv13 is disconnected 
Mahu2021: raises 1456 to 5271 and is all-in
steviecyall: calls 1456
Nushubv13 is disconnected 
*** TURN *** [9c 6c Qh] [3d]
*** RIVER *** [9c 6c Qh 3d] [6d]
*** SHOW DOWN ***
steviecyall: shows [Qs Kh] (two pair, Queens and Sixes)
Mahu2021: shows [7s 7d] (two pair, Sevens and Sixes)
steviecyall collected 14357 from pot
steviecyall wins $2.45 for eliminating Mahu2021 and their own bounty increases by $2.45 to $7.35
Mahu2021 finished the tournament
*** SUMMARY ***
Total pot 14357 | Rake 0 
Board [9c 6c Qh 3d 6d]
Seat 1: mouseland1009 (button) folded before Flop (didn't bet)
Seat 2: steviecyall (small blind) showed [Qs Kh] and won (14357) with two pair, Queens and Sixes
Seat 3: Mahu2021 (big blind) showed [7s 7d] and lost with two pair, Sevens and Sixes
Seat 4: Nushubv13 folded before Flop (didn't bet)
Seat 5: jvsaid folded before Flop (didn't bet)
Seat 6: kurt23x folded before Flop (didn't bet)
Seat 8: monz191 folded before Flop (didn't bet)



