PokerStars Hand #252606138516: Tournament #3804569495, $1.84+$0.16 USD Hold'em No Limit - Level I (10/20) - 2024/09/24 17:32:31 CET [2024/09/24 11:32:31 ET]
Table '3804569495 1' 3-max Seat #1 is the button
Seat 1: o_siro (500 in chips) 
Seat 2: Mahu2021 (500 in chips) 
Seat 3: netmenace (500 in chips) 
Mahu2021: posts small blind 10
netmenace: posts big blind 20
*** HOLE CARDS ***
Dealt to Mahu2021 [9s Td]
o_siro: folds 
Mahu2021: calls 10
netmenace: raises 480 to 500 and is all-in
Mahu2021: folds 
Uncalled bet (480) returned to netmenace
netmenace collected 40 from pot
*** SUMMARY ***
Total pot 40 | Rake 0 
Seat 1: o_siro (button) folded before Flop (didn't bet)
Seat 2: Mahu2021 (small blind) folded before Flop
Seat 3: netmenace (big blind) collected (40)



PokerStars Hand #252606141050: Tournament #3804569495, $1.84+$0.16 USD Hold'em No Limit - Level I (10/20) - 2024/09/24 17:32:42 CET [2024/09/24 11:32:42 ET]
Table '3804569495 1' 3-max Seat #2 is the button
Seat 1: o_siro (500 in chips) 
Seat 2: Mahu2021 (480 in chips) 
Seat 3: netmenace (520 in chips) 
netmenace: posts small blind 10
o_siro: posts big blind 20
*** HOLE CARDS ***
Dealt to Mahu2021 [4c Ad]
Mahu2021: calls 20
netmenace: calls 10
o_siro: checks 
*** FLOP *** [5d 9s Th]
netmenace: checks 
o_siro: checks 
Mahu2021: checks 
*** TURN *** [5d 9s Th] [9h]
netmenace: checks 
o_siro: checks 
Mahu2021: bets 20
netmenace: folds 
o_siro: folds 
Uncalled bet (20) returned to Mahu2021
Mahu2021 collected 60 from pot
Mahu2021: doesn't show hand 
*** SUMMARY ***
Total pot 60 | Rake 0 
Board [5d 9s Th 9h]
Seat 1: o_siro (big blind) folded on the Turn
Seat 2: Mahu2021 (button) collected (60)
Seat 3: netmenace (small blind) folded on the Turn



PokerStars Hand #252606149480: Tournament #3804569495, $1.84+$0.16 USD Hold'em No Limit - Level I (10/20) - 2024/09/24 17:33:21 CET [2024/09/24 11:33:21 ET]
Table '3804569495 1' 3-max Seat #3 is the button
Seat 1: o_siro (480 in chips) 
Seat 2: Mahu2021 (520 in chips) 
Seat 3: netmenace (500 in chips) 
o_siro: posts small blind 10
Mahu2021: posts big blind 20
*** HOLE CARDS ***
Dealt to Mahu2021 [4h 5h]
netmenace: calls 20
o_siro: calls 10
Mahu2021: checks 
*** FLOP *** [Jd 4s 3d]
o_siro: checks 
Mahu2021: checks 
netmenace: checks 
*** TURN *** [Jd 4s 3d] [Jc]
o_siro: checks 
Mahu2021: bets 20
netmenace: folds 
o_siro: calls 20
*** RIVER *** [Jd 4s 3d Jc] [Th]
o_siro: checks 
Mahu2021: checks 
*** SHOW DOWN ***
o_siro: shows [2s Ks] (a pair of Jacks)
Mahu2021: shows [4h 5h] (two pair, Jacks and Fours)
Mahu2021 collected 100 from pot
*** SUMMARY ***
Total pot 100 | Rake 0 
Board [Jd 4s 3d Jc Th]
Seat 1: o_siro (small blind) showed [2s Ks] and lost with a pair of Jacks
Seat 2: Mahu2021 (big blind) showed [4h 5h] and won (100) with two pair, Jacks and Fours
Seat 3: netmenace (button) folded on the Turn



PokerStars Hand #252606155831: Tournament #3804569495, $1.84+$0.16 USD Hold'em No Limit - Level I (10/20) - 2024/09/24 17:33:51 CET [2024/09/24 11:33:51 ET]
Table '3804569495 1' 3-max Seat #1 is the button
Seat 1: o_siro (440 in chips) 
Seat 2: Mahu2021 (580 in chips) 
Seat 3: netmenace (480 in chips) 
Mahu2021: posts small blind 10
netmenace: posts big blind 20
*** HOLE CARDS ***
Dealt to Mahu2021 [Ah Ac]
o_siro: folds 
Mahu2021: raises 560 to 580 and is all-in
netmenace: calls 460 and is all-in
Uncalled bet (100) returned to Mahu2021
*** FLOP *** [9h Qc Ks]
*** TURN *** [9h Qc Ks] [Qs]
*** RIVER *** [9h Qc Ks Qs] [3d]
*** SHOW DOWN ***
Mahu2021: shows [Ah Ac] (two pair, Aces and Queens)
netmenace: shows [Jh Qh] (three of a kind, Queens)
netmenace collected 960 from pot
*** SUMMARY ***
Total pot 960 | Rake 0 
Board [9h Qc Ks Qs 3d]
Seat 1: o_siro (button) folded before Flop (didn't bet)
Seat 2: Mahu2021 (small blind) showed [Ah Ac] and lost with two pair, Aces and Queens
Seat 3: netmenace (big blind) showed [Jh Qh] and won (960) with three of a kind, Queens



PokerStars Hand #252606158965: Tournament #3804569495, $1.84+$0.16 USD Hold'em No Limit - Level I (10/20) - 2024/09/24 17:34:05 CET [2024/09/24 11:34:05 ET]
Table '3804569495 1' 3-max Seat #2 is the button
Seat 1: o_siro (440 in chips) 
Seat 2: Mahu2021 (100 in chips) 
Seat 3: netmenace (960 in chips) 
netmenace: posts small blind 10
o_siro: posts big blind 20
*** HOLE CARDS ***
Dealt to Mahu2021 [2d 2c]
Mahu2021: raises 80 to 100 and is all-in
netmenace: folds 
o_siro: calls 80
*** FLOP *** [Kc Js 4c]
*** TURN *** [Kc Js 4c] [8s]
*** RIVER *** [Kc Js 4c 8s] [5s]
*** SHOW DOWN ***
o_siro: shows [Kd 7s] (a pair of Kings)
Mahu2021: shows [2d 2c] (a pair of Deuces)
o_siro collected 210 from pot
Mahu2021 finished the tournament in 3rd place
*** SUMMARY ***
Total pot 210 | Rake 0 
Board [Kc Js 4c 8s 5s]
Seat 1: o_siro (big blind) showed [Kd 7s] and won (210) with a pair of Kings
Seat 2: Mahu2021 (button) showed [2d 2c] and lost with a pair of Deuces
Seat 3: netmenace (small blind) folded before Flop



