PokerStars Hand #252905391253: Tournament #3811447019, $1.84+$0.16 USD Hold'em No Limit - Level I (10/20) - 2024/10/13 13:38:59 CET [2024/10/13 7:38:59 ET]
Table '3811447019 1' 3-max Seat #1 is the button
Seat 1: Mahu2021 (500 in chips) 
Seat 2: tedostar420 (500 in chips) 
Seat 3: TYNAMOO66 (500 in chips) 
tedostar420: posts small blind 10
TYNAMOO66: posts big blind 20
*** HOLE CARDS ***
Dealt to Mahu2021 [7s 6c]
Mahu2021: folds 
tedostar420: raises 36 to 56
TYNAMOO66: raises 444 to 500 and is all-in
tedostar420: calls 444 and is all-in
*** FLOP *** [8s Ah 7d]
*** TURN *** [8s Ah 7d] [Jc]
*** RIVER *** [8s Ah 7d Jc] [3s]
*** SHOW DOWN ***
tedostar420: shows [Ac Qh] (a pair of Aces)
TYNAMOO66: shows [Ad 4s] (a pair of Aces - lower kicker)
tedostar420 collected 1000 from pot
TYNAMOO66 finished the tournament in 3rd place
*** SUMMARY ***
Total pot 1000 | Rake 0 
Board [8s Ah 7d Jc 3s]
Seat 1: Mahu2021 (button) folded before Flop (didn't bet)
Seat 2: tedostar420 (small blind) showed [Ac Qh] and won (1000) with a pair of Aces
Seat 3: TYNAMOO66 (big blind) showed [Ad 4s] and lost with a pair of Aces



PokerStars Hand #252905394393: Tournament #3811447019, $1.84+$0.16 USD Hold'em No Limit - Level I (10/20) - 2024/10/13 13:39:20 CET [2024/10/13 7:39:20 ET]
Table '3811447019 1' 3-max Seat #2 is the button
Seat 1: Mahu2021 (500 in chips) 
Seat 2: tedostar420 (1000 in chips) 
tedostar420: posts small blind 10
Mahu2021: posts big blind 20
*** HOLE CARDS ***
Dealt to Mahu2021 [7h Jc]
tedostar420: folds 
Uncalled bet (10) returned to Mahu2021
Mahu2021 collected 20 from pot
Mahu2021: doesn't show hand 
*** SUMMARY ***
Total pot 20 | Rake 0 
Seat 1: Mahu2021 (big blind) collected (20)
Seat 2: tedostar420 (button) (small blind) folded before Flop



PokerStars Hand #252905395245: Tournament #3811447019, $1.84+$0.16 USD Hold'em No Limit - Level I (10/20) - 2024/10/13 13:39:25 CET [2024/10/13 7:39:25 ET]
Table '3811447019 1' 3-max Seat #1 is the button
Seat 1: Mahu2021 (510 in chips) 
Seat 2: tedostar420 (990 in chips) 
Mahu2021: posts small blind 10
tedostar420: posts big blind 20
*** HOLE CARDS ***
Dealt to Mahu2021 [5c Ks]
Mahu2021: calls 10
tedostar420: checks 
*** FLOP *** [Qd As 4c]
tedostar420: checks 
Mahu2021: checks 
*** TURN *** [Qd As 4c] [6h]
tedostar420: checks 
Mahu2021: bets 40
tedostar420: folds 
Uncalled bet (40) returned to Mahu2021
Mahu2021 collected 40 from pot
Mahu2021: doesn't show hand 
*** SUMMARY ***
Total pot 40 | Rake 0 
Board [Qd As 4c 6h]
Seat 1: Mahu2021 (button) (small blind) collected (40)
Seat 2: tedostar420 (big blind) folded on the Turn



PokerStars Hand #252905398930: Tournament #3811447019, $1.84+$0.16 USD Hold'em No Limit - Level I (10/20) - 2024/10/13 13:39:49 CET [2024/10/13 7:39:49 ET]
Table '3811447019 1' 3-max Seat #2 is the button
Seat 1: Mahu2021 (530 in chips) 
Seat 2: tedostar420 (970 in chips) 
tedostar420: posts small blind 10
Mahu2021: posts big blind 20
*** HOLE CARDS ***
Dealt to Mahu2021 [2c Ac]
tedostar420: calls 10
Mahu2021: checks 
*** FLOP *** [2h 2d 5d]
Mahu2021: checks 
tedostar420: checks 
*** TURN *** [2h 2d 5d] [7h]
Mahu2021: checks 
tedostar420: bets 20
Mahu2021: calls 20
*** RIVER *** [2h 2d 5d 7h] [Jc]
Mahu2021: bets 80
tedostar420: calls 80
*** SHOW DOWN ***
Mahu2021: shows [2c Ac] (three of a kind, Deuces)
tedostar420: mucks hand 
Mahu2021 collected 240 from pot
*** SUMMARY ***
Total pot 240 | Rake 0 
Board [2h 2d 5d 7h Jc]
Seat 1: Mahu2021 (big blind) showed [2c Ac] and won (240) with three of a kind, Deuces
Seat 2: tedostar420 (button) (small blind) mucked [Td 7c]



PokerStars Hand #252905404292: Tournament #3811447019, $1.84+$0.16 USD Hold'em No Limit - Level I (10/20) - 2024/10/13 13:40:23 CET [2024/10/13 7:40:23 ET]
Table '3811447019 1' 3-max Seat #1 is the button
Seat 1: Mahu2021 (650 in chips) 
Seat 2: tedostar420 (850 in chips) 
Mahu2021: posts small blind 10
tedostar420: posts big blind 20
*** HOLE CARDS ***
Dealt to Mahu2021 [5d 2d]
Mahu2021: calls 10
tedostar420: checks 
*** FLOP *** [Ac 4d 6h]
tedostar420: bets 20
Mahu2021: calls 20
*** TURN *** [Ac 4d 6h] [8c]
tedostar420: bets 20
Mahu2021: calls 20
*** RIVER *** [Ac 4d 6h 8c] [8d]
tedostar420: bets 20
Mahu2021: folds 
Uncalled bet (20) returned to tedostar420
tedostar420 collected 120 from pot
tedostar420: doesn't show hand 
*** SUMMARY ***
Total pot 120 | Rake 0 
Board [Ac 4d 6h 8c 8d]
Seat 1: Mahu2021 (button) (small blind) folded on the River
Seat 2: tedostar420 (big blind) collected (120)



PokerStars Hand #252905406894: Tournament #3811447019, $1.84+$0.16 USD Hold'em No Limit - Level I (10/20) - 2024/10/13 13:40:39 CET [2024/10/13 7:40:39 ET]
Table '3811447019 1' 3-max Seat #2 is the button
Seat 1: Mahu2021 (590 in chips) 
Seat 2: tedostar420 (910 in chips) 
tedostar420: posts small blind 10
Mahu2021: posts big blind 20
*** HOLE CARDS ***
Dealt to Mahu2021 [2h 6s]
tedostar420: raises 20 to 40
Mahu2021: folds 
Uncalled bet (20) returned to tedostar420
tedostar420 collected 40 from pot
tedostar420: doesn't show hand 
*** SUMMARY ***
Total pot 40 | Rake 0 
Seat 1: Mahu2021 (big blind) folded before Flop
Seat 2: tedostar420 (button) (small blind) collected (40)



PokerStars Hand #252905407558: Tournament #3811447019, $1.84+$0.16 USD Hold'em No Limit - Level I (10/20) - 2024/10/13 13:40:43 CET [2024/10/13 7:40:43 ET]
Table '3811447019 1' 3-max Seat #1 is the button
Seat 1: Mahu2021 (570 in chips) 
Seat 2: tedostar420 (930 in chips) 
Mahu2021: posts small blind 10
tedostar420: posts big blind 20
*** HOLE CARDS ***
Dealt to Mahu2021 [7s 3d]
Mahu2021: folds 
Uncalled bet (10) returned to tedostar420
tedostar420 collected 20 from pot
tedostar420: doesn't show hand 
*** SUMMARY ***
Total pot 20 | Rake 0 
Seat 1: Mahu2021 (button) (small blind) folded before Flop
Seat 2: tedostar420 (big blind) collected (20)



PokerStars Hand #252905408227: Tournament #3811447019, $1.84+$0.16 USD Hold'em No Limit - Level I (10/20) - 2024/10/13 13:40:48 CET [2024/10/13 7:40:48 ET]
Table '3811447019 1' 3-max Seat #2 is the button
Seat 1: Mahu2021 (560 in chips) 
Seat 2: tedostar420 (940 in chips) 
tedostar420: posts small blind 10
Mahu2021: posts big blind 20
*** HOLE CARDS ***
Dealt to Mahu2021 [Kh 9h]
tedostar420: folds 
Uncalled bet (10) returned to Mahu2021
Mahu2021 collected 20 from pot
Mahu2021: doesn't show hand 
*** SUMMARY ***
Total pot 20 | Rake 0 
Seat 1: Mahu2021 (big blind) collected (20)
Seat 2: tedostar420 (button) (small blind) folded before Flop



PokerStars Hand #252905409047: Tournament #3811447019, $1.84+$0.16 USD Hold'em No Limit - Level I (10/20) - 2024/10/13 13:40:53 CET [2024/10/13 7:40:53 ET]
Table '3811447019 1' 3-max Seat #1 is the button
Seat 1: Mahu2021 (570 in chips) 
Seat 2: tedostar420 (930 in chips) 
Mahu2021: posts small blind 10
tedostar420: posts big blind 20
*** HOLE CARDS ***
Dealt to Mahu2021 [Jd Ac]
Mahu2021: raises 40 to 60
tedostar420: calls 40
*** FLOP *** [Ah Kc 9h]
tedostar420: checks 
Mahu2021: bets 120
tedostar420: folds 
Uncalled bet (120) returned to Mahu2021
Mahu2021 collected 120 from pot
Mahu2021: doesn't show hand 
*** SUMMARY ***
Total pot 120 | Rake 0 
Board [Ah Kc 9h]
Seat 1: Mahu2021 (button) (small blind) collected (120)
Seat 2: tedostar420 (big blind) folded on the Flop



PokerStars Hand #252905414046: Tournament #3811447019, $1.84+$0.16 USD Hold'em No Limit - Level II (15/30) - 2024/10/13 13:41:23 CET [2024/10/13 7:41:23 ET]
Table '3811447019 1' 3-max Seat #2 is the button
Seat 1: Mahu2021 (630 in chips) 
Seat 2: tedostar420 (870 in chips) 
tedostar420: posts small blind 15
Mahu2021: posts big blind 30
*** HOLE CARDS ***
Dealt to Mahu2021 [Jd Jc]
tedostar420: folds 
Uncalled bet (15) returned to Mahu2021
Mahu2021 collected 30 from pot
Mahu2021: doesn't show hand 
*** SUMMARY ***
Total pot 30 | Rake 0 
Seat 1: Mahu2021 (big blind) collected (30)
Seat 2: tedostar420 (button) (small blind) folded before Flop



PokerStars Hand #252905414929: Tournament #3811447019, $1.84+$0.16 USD Hold'em No Limit - Level II (15/30) - 2024/10/13 13:41:29 CET [2024/10/13 7:41:29 ET]
Table '3811447019 1' 3-max Seat #1 is the button
Seat 1: Mahu2021 (645 in chips) 
Seat 2: tedostar420 (855 in chips) 
Mahu2021: posts small blind 15
tedostar420: posts big blind 30
*** HOLE CARDS ***
Dealt to Mahu2021 [Ad Ac]
Mahu2021: raises 615 to 645 and is all-in
tedostar420: calls 615
*** FLOP *** [6h Jc 3d]
*** TURN *** [6h Jc 3d] [4h]
*** RIVER *** [6h Jc 3d 4h] [Ts]
*** SHOW DOWN ***
tedostar420: shows [Jh Js] (three of a kind, Jacks)
Mahu2021: shows [Ad Ac] (a pair of Aces)
tedostar420 collected 1290 from pot
Mahu2021 finished the tournament in 2nd place
tedostar420 wins the tournament and receives $4.00 - congratulations!
*** SUMMARY ***
Total pot 1290 | Rake 0 
Board [6h Jc 3d 4h Ts]
Seat 1: Mahu2021 (button) (small blind) showed [Ad Ac] and lost with a pair of Aces
Seat 2: tedostar420 (big blind) showed [Jh Js] and won (1290) with three of a kind, Jacks



