PokerStars Hand #243912534399: Tournament #3596230785, $0.92+$0.08 USD Hold'em No Limit - Level I (10/20) - 2023/05/26 11:04:27 CET [2023/05/26 5:04:27 ET]
Table '3596230785 1' 3-max Seat #1 is the button
Seat 1: Lesane24 (500 in chips) 
Seat 2: Mahu2021 (500 in chips) 
Seat 3: BatmanNegao (500 in chips) 
Mahu2021: posts small blind 10
BatmanNegao: posts big blind 20
*** HOLE CARDS ***
Dealt to Mahu2021 [9s Qs]
Lesane24: raises 20 to 40
Mahu2021: calls 30
BatmanNegao: folds 
*** FLOP *** [9c 7c 7h]
Mahu2021: checks 
Lesane24: bets 50
Mahu2021: calls 50
*** TURN *** [9c 7c 7h] [Kh]
Mahu2021: checks 
Lesane24: bets 200
Mahu2021: folds 
Uncalled bet (200) returned to Lesane24
Lesane24 collected 200 from pot
Lesane24: doesn't show hand 
*** SUMMARY ***
Total pot 200 | Rake 0 
Board [9c 7c 7h Kh]
Seat 1: Lesane24 (button) collected (200)
Seat 2: Mahu2021 (small blind) folded on the Turn
Seat 3: BatmanNegao (big blind) folded before Flop



PokerStars Hand #243912537319: Tournament #3596230785, $0.92+$0.08 USD Hold'em No Limit - Level I (10/20) - 2023/05/26 11:04:51 CET [2023/05/26 5:04:51 ET]
Table '3596230785 1' 3-max Seat #2 is the button
Seat 1: Lesane24 (610 in chips) 
Seat 2: Mahu2021 (410 in chips) 
Seat 3: BatmanNegao (480 in chips) 
BatmanNegao: posts small blind 10
Lesane24: posts big blind 20
*** HOLE CARDS ***
Dealt to Mahu2021 [3h 8h]
Mahu2021: folds 
BatmanNegao: calls 10
Lesane24: checks 
*** FLOP *** [4h 8d Jd]
BatmanNegao: bets 20
Lesane24: folds 
Uncalled bet (20) returned to BatmanNegao
BatmanNegao collected 40 from pot
BatmanNegao: doesn't show hand 
*** SUMMARY ***
Total pot 40 | Rake 0 
Board [4h 8d Jd]
Seat 1: Lesane24 (big blind) folded on the Flop
Seat 2: Mahu2021 (button) folded before Flop (didn't bet)
Seat 3: BatmanNegao (small blind) collected (40)



PokerStars Hand #243912539191: Tournament #3596230785, $0.92+$0.08 USD Hold'em No Limit - Level I (10/20) - 2023/05/26 11:05:06 CET [2023/05/26 5:05:06 ET]
Table '3596230785 1' 3-max Seat #3 is the button
Seat 1: Lesane24 (590 in chips) 
Seat 2: Mahu2021 (410 in chips) 
Seat 3: BatmanNegao (500 in chips) 
Lesane24: posts small blind 10
Mahu2021: posts big blind 20
*** HOLE CARDS ***
Dealt to Mahu2021 [7d 3s]
BatmanNegao: folds 
Lesane24: folds 
Uncalled bet (10) returned to Mahu2021
Mahu2021 collected 20 from pot
Mahu2021: doesn't show hand 
*** SUMMARY ***
Total pot 20 | Rake 0 
Seat 1: Lesane24 (small blind) folded before Flop
Seat 2: Mahu2021 (big blind) collected (20)
Seat 3: BatmanNegao (button) folded before Flop (didn't bet)



PokerStars Hand #243912539860: Tournament #3596230785, $0.92+$0.08 USD Hold'em No Limit - Level I (10/20) - 2023/05/26 11:05:12 CET [2023/05/26 5:05:12 ET]
Table '3596230785 1' 3-max Seat #1 is the button
Seat 1: Lesane24 (580 in chips) 
Seat 2: Mahu2021 (420 in chips) 
Seat 3: BatmanNegao (500 in chips) 
Mahu2021: posts small blind 10
BatmanNegao: posts big blind 20
*** HOLE CARDS ***
Dealt to Mahu2021 [8h 8s]
Lesane24: raises 20 to 40
Mahu2021: calls 30
BatmanNegao: calls 20
*** FLOP *** [Jh Th Ah]
Mahu2021: checks 
BatmanNegao: checks 
Lesane24: bets 60
Mahu2021: folds 
BatmanNegao: raises 400 to 460 and is all-in
Lesane24: calls 400
*** TURN *** [Jh Th Ah] [3d]
*** RIVER *** [Jh Th Ah 3d] [Ts]
*** SHOW DOWN ***
BatmanNegao: shows [5h As] (two pair, Aces and Tens)
Lesane24: shows [Qc Ad] (two pair, Aces and Tens - Queen kicker)
Lesane24 collected 1040 from pot
BatmanNegao finished the tournament in 3rd place
*** SUMMARY ***
Total pot 1040 | Rake 0 
Board [Jh Th Ah 3d Ts]
Seat 1: Lesane24 (button) showed [Qc Ad] and won (1040) with two pair, Aces and Tens
Seat 2: Mahu2021 (small blind) folded on the Flop
Seat 3: BatmanNegao (big blind) showed [5h As] and lost with two pair, Aces and Tens



PokerStars Hand #243912543566: Tournament #3596230785, $0.92+$0.08 USD Hold'em No Limit - Level I (10/20) - 2023/05/26 11:05:42 CET [2023/05/26 5:05:42 ET]
Table '3596230785 1' 3-max Seat #2 is the button
Seat 1: Lesane24 (1120 in chips) 
Seat 2: Mahu2021 (380 in chips) 
Mahu2021: posts small blind 10
Lesane24: posts big blind 20
*** HOLE CARDS ***
Dealt to Mahu2021 [7c Ts]
Mahu2021: folds 
Uncalled bet (10) returned to Lesane24
Lesane24 collected 20 from pot
Lesane24: doesn't show hand 
*** SUMMARY ***
Total pot 20 | Rake 0 
Seat 1: Lesane24 (big blind) collected (20)
Seat 2: Mahu2021 (button) (small blind) folded before Flop



PokerStars Hand #243912544082: Tournament #3596230785, $0.92+$0.08 USD Hold'em No Limit - Level I (10/20) - 2023/05/26 11:05:47 CET [2023/05/26 5:05:47 ET]
Table '3596230785 1' 3-max Seat #1 is the button
Seat 1: Lesane24 (1130 in chips) 
Seat 2: Mahu2021 (370 in chips) 
Lesane24: posts small blind 10
Mahu2021: posts big blind 20
*** HOLE CARDS ***
Dealt to Mahu2021 [5d Jc]
Lesane24: folds 
Uncalled bet (10) returned to Mahu2021
Mahu2021 collected 20 from pot
Mahu2021: doesn't show hand 
*** SUMMARY ***
Total pot 20 | Rake 0 
Seat 1: Lesane24 (button) (small blind) folded before Flop
Seat 2: Mahu2021 (big blind) collected (20)



PokerStars Hand #243912544578: Tournament #3596230785, $0.92+$0.08 USD Hold'em No Limit - Level I (10/20) - 2023/05/26 11:05:51 CET [2023/05/26 5:05:51 ET]
Table '3596230785 1' 3-max Seat #2 is the button
Seat 1: Lesane24 (1120 in chips) 
Seat 2: Mahu2021 (380 in chips) 
Mahu2021: posts small blind 10
Lesane24: posts big blind 20
*** HOLE CARDS ***
Dealt to Mahu2021 [Jc 7d]
Mahu2021: calls 10
Lesane24: checks 
*** FLOP *** [9h 8s Ah]
Lesane24: checks 
Mahu2021: bets 20
Lesane24: calls 20
*** TURN *** [9h 8s Ah] [4d]
Lesane24: checks 
Mahu2021: checks 
*** RIVER *** [9h 8s Ah 4d] [6h]
Lesane24: bets 40
Mahu2021: folds 
Uncalled bet (40) returned to Lesane24
Lesane24 collected 80 from pot
Lesane24: doesn't show hand 
*** SUMMARY ***
Total pot 80 | Rake 0 
Board [9h 8s Ah 4d 6h]
Seat 1: Lesane24 (big blind) collected (80)
Seat 2: Mahu2021 (button) (small blind) folded on the River



PokerStars Hand #243912546824: Tournament #3596230785, $0.92+$0.08 USD Hold'em No Limit - Level I (10/20) - 2023/05/26 11:06:09 CET [2023/05/26 5:06:09 ET]
Table '3596230785 1' 3-max Seat #1 is the button
Seat 1: Lesane24 (1160 in chips) 
Seat 2: Mahu2021 (340 in chips) 
Lesane24: posts small blind 10
Mahu2021: posts big blind 20
*** HOLE CARDS ***
Dealt to Mahu2021 [Qd 7h]
Lesane24: folds 
Uncalled bet (10) returned to Mahu2021
Mahu2021 collected 20 from pot
Mahu2021: doesn't show hand 
*** SUMMARY ***
Total pot 20 | Rake 0 
Seat 1: Lesane24 (button) (small blind) folded before Flop
Seat 2: Mahu2021 (big blind) collected (20)



PokerStars Hand #243912547377: Tournament #3596230785, $0.92+$0.08 USD Hold'em No Limit - Level I (10/20) - 2023/05/26 11:06:14 CET [2023/05/26 5:06:14 ET]
Table '3596230785 1' 3-max Seat #2 is the button
Seat 1: Lesane24 (1150 in chips) 
Seat 2: Mahu2021 (350 in chips) 
Mahu2021: posts small blind 10
Lesane24: posts big blind 20
*** HOLE CARDS ***
Dealt to Mahu2021 [2h 8d]
Mahu2021: folds 
Uncalled bet (10) returned to Lesane24
Lesane24 collected 20 from pot
Lesane24: doesn't show hand 
*** SUMMARY ***
Total pot 20 | Rake 0 
Seat 1: Lesane24 (big blind) collected (20)
Seat 2: Mahu2021 (button) (small blind) folded before Flop



PokerStars Hand #243912547864: Tournament #3596230785, $0.92+$0.08 USD Hold'em No Limit - Level I (10/20) - 2023/05/26 11:06:18 CET [2023/05/26 5:06:18 ET]
Table '3596230785 1' 3-max Seat #1 is the button
Seat 1: Lesane24 (1160 in chips) 
Seat 2: Mahu2021 (340 in chips) 
Lesane24: posts small blind 10
Mahu2021: posts big blind 20
*** HOLE CARDS ***
Dealt to Mahu2021 [7d Ts]
Lesane24: calls 10
Mahu2021: checks 
*** FLOP *** [Qh Kc 4h]
Mahu2021: checks 
Lesane24: checks 
*** TURN *** [Qh Kc 4h] [6c]
Mahu2021: checks 
Lesane24: checks 
*** RIVER *** [Qh Kc 4h 6c] [Ah]
Mahu2021: checks 
Lesane24: bets 20
Mahu2021: folds 
Uncalled bet (20) returned to Lesane24
Lesane24 collected 40 from pot
Lesane24: doesn't show hand 
*** SUMMARY ***
Total pot 40 | Rake 0 
Board [Qh Kc 4h 6c Ah]
Seat 1: Lesane24 (button) (small blind) collected (40)
Seat 2: Mahu2021 (big blind) folded on the River



PokerStars Hand #243912549963: Tournament #3596230785, $0.92+$0.08 USD Hold'em No Limit - Level I (10/20) - 2023/05/26 11:06:35 CET [2023/05/26 5:06:35 ET]
Table '3596230785 1' 3-max Seat #2 is the button
Seat 1: Lesane24 (1180 in chips) 
Seat 2: Mahu2021 (320 in chips) 
Mahu2021: posts small blind 10
Lesane24: posts big blind 20
*** HOLE CARDS ***
Dealt to Mahu2021 [6c 5h]
Mahu2021: calls 10
Lesane24: checks 
*** FLOP *** [7c 5d 9h]
Lesane24: checks 
Mahu2021: bets 40
Lesane24: folds 
Uncalled bet (40) returned to Mahu2021
Mahu2021 collected 40 from pot
Mahu2021: doesn't show hand 
*** SUMMARY ***
Total pot 40 | Rake 0 
Board [7c 5d 9h]
Seat 1: Lesane24 (big blind) folded on the Flop
Seat 2: Mahu2021 (button) (small blind) collected (40)



PokerStars Hand #243912551217: Tournament #3596230785, $0.92+$0.08 USD Hold'em No Limit - Level I (10/20) - 2023/05/26 11:06:46 CET [2023/05/26 5:06:46 ET]
Table '3596230785 1' 3-max Seat #1 is the button
Seat 1: Lesane24 (1160 in chips) 
Seat 2: Mahu2021 (340 in chips) 
Lesane24: posts small blind 10
Mahu2021: posts big blind 20
*** HOLE CARDS ***
Dealt to Mahu2021 [8c 6s]
Lesane24: folds 
Uncalled bet (10) returned to Mahu2021
Mahu2021 collected 20 from pot
Mahu2021: doesn't show hand 
*** SUMMARY ***
Total pot 20 | Rake 0 
Seat 1: Lesane24 (button) (small blind) folded before Flop
Seat 2: Mahu2021 (big blind) collected (20)



PokerStars Hand #243912551743: Tournament #3596230785, $0.92+$0.08 USD Hold'em No Limit - Level I (10/20) - 2023/05/26 11:06:50 CET [2023/05/26 5:06:50 ET]
Table '3596230785 1' 3-max Seat #2 is the button
Seat 1: Lesane24 (1150 in chips) 
Seat 2: Mahu2021 (350 in chips) 
Mahu2021: posts small blind 10
Lesane24: posts big blind 20
*** HOLE CARDS ***
Dealt to Mahu2021 [Jh Jc]
Mahu2021: raises 20 to 40
Lesane24: folds 
Uncalled bet (20) returned to Mahu2021
Mahu2021 collected 40 from pot
Mahu2021: doesn't show hand 
*** SUMMARY ***
Total pot 40 | Rake 0 
Seat 1: Lesane24 (big blind) folded before Flop
Seat 2: Mahu2021 (button) (small blind) collected (40)



PokerStars Hand #243912552454: Tournament #3596230785, $0.92+$0.08 USD Hold'em No Limit - Level I (10/20) - 2023/05/26 11:06:56 CET [2023/05/26 5:06:56 ET]
Table '3596230785 1' 3-max Seat #1 is the button
Seat 1: Lesane24 (1130 in chips) 
Seat 2: Mahu2021 (370 in chips) 
Lesane24: posts small blind 10
Mahu2021: posts big blind 20
*** HOLE CARDS ***
Dealt to Mahu2021 [9s Kh]
Lesane24: folds 
Uncalled bet (10) returned to Mahu2021
Mahu2021 collected 20 from pot
Mahu2021: doesn't show hand 
*** SUMMARY ***
Total pot 20 | Rake 0 
Seat 1: Lesane24 (button) (small blind) folded before Flop
Seat 2: Mahu2021 (big blind) collected (20)



PokerStars Hand #243912552961: Tournament #3596230785, $0.92+$0.08 USD Hold'em No Limit - Level I (10/20) - 2023/05/26 11:07:00 CET [2023/05/26 5:07:00 ET]
Table '3596230785 1' 3-max Seat #2 is the button
Seat 1: Lesane24 (1120 in chips) 
Seat 2: Mahu2021 (380 in chips) 
Mahu2021: posts small blind 10
Lesane24: posts big blind 20
*** HOLE CARDS ***
Dealt to Mahu2021 [As Ac]
Mahu2021: raises 360 to 380 and is all-in
Lesane24: calls 360
*** FLOP *** [5s 2d Ad]
*** TURN *** [5s 2d Ad] [6d]
*** RIVER *** [5s 2d Ad 6d] [4h]
*** SHOW DOWN ***
Lesane24: shows [Th Kh] (high card Ace)
Mahu2021: shows [As Ac] (three of a kind, Aces)
Mahu2021 collected 760 from pot
*** SUMMARY ***
Total pot 760 | Rake 0 
Board [5s 2d Ad 6d 4h]
Seat 1: Lesane24 (big blind) showed [Th Kh] and lost with high card Ace
Seat 2: Mahu2021 (button) (small blind) showed [As Ac] and won (760) with three of a kind, Aces



PokerStars Hand #243912554482: Tournament #3596230785, $0.92+$0.08 USD Hold'em No Limit - Level I (10/20) - 2023/05/26 11:07:13 CET [2023/05/26 5:07:13 ET]
Table '3596230785 1' 3-max Seat #1 is the button
Seat 1: Lesane24 (740 in chips) 
Seat 2: Mahu2021 (760 in chips) 
Lesane24: posts small blind 10
Mahu2021: posts big blind 20
*** HOLE CARDS ***
Dealt to Mahu2021 [4c 8s]
Lesane24: raises 720 to 740 and is all-in
Mahu2021: folds 
Uncalled bet (720) returned to Lesane24
Lesane24 collected 40 from pot
Lesane24: doesn't show hand 
*** SUMMARY ***
Total pot 40 | Rake 0 
Seat 1: Lesane24 (button) (small blind) collected (40)
Seat 2: Mahu2021 (big blind) folded before Flop



PokerStars Hand #243912555310: Tournament #3596230785, $0.92+$0.08 USD Hold'em No Limit - Level I (10/20) - 2023/05/26 11:07:19 CET [2023/05/26 5:07:19 ET]
Table '3596230785 1' 3-max Seat #2 is the button
Seat 1: Lesane24 (760 in chips) 
Seat 2: Mahu2021 (740 in chips) 
Mahu2021: posts small blind 10
Lesane24: posts big blind 20
*** HOLE CARDS ***
Dealt to Mahu2021 [Qc Td]
Mahu2021: calls 10
Lesane24: checks 
*** FLOP *** [9d 5d 6h]
Lesane24: bets 20
Mahu2021: calls 20
*** TURN *** [9d 5d 6h] [Ac]
Lesane24: bets 40
Mahu2021: folds 
Uncalled bet (40) returned to Lesane24
Lesane24 collected 80 from pot
Lesane24: doesn't show hand 
*** SUMMARY ***
Total pot 80 | Rake 0 
Board [9d 5d 6h Ac]
Seat 1: Lesane24 (big blind) collected (80)
Seat 2: Mahu2021 (button) (small blind) folded on the Turn



PokerStars Hand #243912557731: Tournament #3596230785, $0.92+$0.08 USD Hold'em No Limit - Level II (15/30) - 2023/05/26 11:07:39 CET [2023/05/26 5:07:39 ET]
Table '3596230785 1' 3-max Seat #1 is the button
Seat 1: Lesane24 (800 in chips) 
Seat 2: Mahu2021 (700 in chips) 
Lesane24: posts small blind 15
Mahu2021: posts big blind 30
*** HOLE CARDS ***
Dealt to Mahu2021 [5s Qh]
Lesane24: raises 30 to 60
Mahu2021: folds 
Uncalled bet (30) returned to Lesane24
Lesane24 collected 60 from pot
Lesane24: doesn't show hand 
*** SUMMARY ***
Total pot 60 | Rake 0 
Seat 1: Lesane24 (button) (small blind) collected (60)
Seat 2: Mahu2021 (big blind) folded before Flop



PokerStars Hand #243912558497: Tournament #3596230785, $0.92+$0.08 USD Hold'em No Limit - Level II (15/30) - 2023/05/26 11:07:45 CET [2023/05/26 5:07:45 ET]
Table '3596230785 1' 3-max Seat #2 is the button
Seat 1: Lesane24 (830 in chips) 
Seat 2: Mahu2021 (670 in chips) 
Mahu2021: posts small blind 15
Lesane24: posts big blind 30
*** HOLE CARDS ***
Dealt to Mahu2021 [2d 5h]
Mahu2021: folds 
Uncalled bet (15) returned to Lesane24
Lesane24 collected 30 from pot
Lesane24: doesn't show hand 
*** SUMMARY ***
Total pot 30 | Rake 0 
Seat 1: Lesane24 (big blind) collected (30)
Seat 2: Mahu2021 (button) (small blind) folded before Flop



PokerStars Hand #243912559014: Tournament #3596230785, $0.92+$0.08 USD Hold'em No Limit - Level II (15/30) - 2023/05/26 11:07:49 CET [2023/05/26 5:07:49 ET]
Table '3596230785 1' 3-max Seat #1 is the button
Seat 1: Lesane24 (845 in chips) 
Seat 2: Mahu2021 (655 in chips) 
Lesane24: posts small blind 15
Mahu2021: posts big blind 30
*** HOLE CARDS ***
Dealt to Mahu2021 [8s 2s]
Lesane24: calls 15
Mahu2021: checks 
*** FLOP *** [Qc 9h 7d]
Mahu2021: checks 
Lesane24: checks 
*** TURN *** [Qc 9h 7d] [4d]
Mahu2021: checks 
Lesane24: checks 
*** RIVER *** [Qc 9h 7d 4d] [9c]
Mahu2021: checks 
Lesane24: bets 30
Mahu2021: folds 
Uncalled bet (30) returned to Lesane24
Lesane24 collected 60 from pot
Lesane24: doesn't show hand 
*** SUMMARY ***
Total pot 60 | Rake 0 
Board [Qc 9h 7d 4d 9c]
Seat 1: Lesane24 (button) (small blind) collected (60)
Seat 2: Mahu2021 (big blind) folded on the River



PokerStars Hand #243912561248: Tournament #3596230785, $0.92+$0.08 USD Hold'em No Limit - Level II (15/30) - 2023/05/26 11:08:07 CET [2023/05/26 5:08:07 ET]
Table '3596230785 1' 3-max Seat #2 is the button
Seat 1: Lesane24 (875 in chips) 
Seat 2: Mahu2021 (625 in chips) 
Mahu2021: posts small blind 15
Lesane24: posts big blind 30
*** HOLE CARDS ***
Dealt to Mahu2021 [7s Ah]
Mahu2021: calls 15
Lesane24: checks 
*** FLOP *** [3s 7h 5d]
Lesane24: bets 30
Mahu2021: calls 30
*** TURN *** [3s 7h 5d] [2h]
Lesane24: bets 30
Mahu2021: calls 30
*** RIVER *** [3s 7h 5d 2h] [4d]
Lesane24: bets 30
Mahu2021: raises 240 to 270
Lesane24: raises 515 to 785 and is all-in
Mahu2021: calls 265 and is all-in
Uncalled bet (250) returned to Lesane24
*** SHOW DOWN ***
Lesane24: shows [Kc 5s] (a pair of Fives)
Mahu2021: shows [7s Ah] (a straight, Ace to Five)
Mahu2021 collected 1250 from pot
*** SUMMARY ***
Total pot 1250 | Rake 0 
Board [3s 7h 5d 2h 4d]
Seat 1: Lesane24 (big blind) showed [Kc 5s] and lost with a pair of Fives
Seat 2: Mahu2021 (button) (small blind) showed [7s Ah] and won (1250) with a straight, Ace to Five



PokerStars Hand #243912564190: Tournament #3596230785, $0.92+$0.08 USD Hold'em No Limit - Level II (15/30) - 2023/05/26 11:08:32 CET [2023/05/26 5:08:32 ET]
Table '3596230785 1' 3-max Seat #1 is the button
Seat 1: Lesane24 (250 in chips) 
Seat 2: Mahu2021 (1250 in chips) 
Lesane24: posts small blind 15
Mahu2021: posts big blind 30
*** HOLE CARDS ***
Dealt to Mahu2021 [4h 8h]
Lesane24: raises 220 to 250 and is all-in
Mahu2021: folds 
Uncalled bet (220) returned to Lesane24
Lesane24 collected 60 from pot
Lesane24: doesn't show hand 
*** SUMMARY ***
Total pot 60 | Rake 0 
Seat 1: Lesane24 (button) (small blind) collected (60)
Seat 2: Mahu2021 (big blind) folded before Flop



PokerStars Hand #243912565192: Tournament #3596230785, $0.92+$0.08 USD Hold'em No Limit - Level II (15/30) - 2023/05/26 11:08:40 CET [2023/05/26 5:08:40 ET]
Table '3596230785 1' 3-max Seat #2 is the button
Seat 1: Lesane24 (280 in chips) 
Seat 2: Mahu2021 (1220 in chips) 
Mahu2021: posts small blind 15
Lesane24: posts big blind 30
*** HOLE CARDS ***
Dealt to Mahu2021 [Qs 4h]
Mahu2021: folds 
Uncalled bet (15) returned to Lesane24
Lesane24 collected 30 from pot
Lesane24: doesn't show hand 
*** SUMMARY ***
Total pot 30 | Rake 0 
Seat 1: Lesane24 (big blind) collected (30)
Seat 2: Mahu2021 (button) (small blind) folded before Flop



PokerStars Hand #243912565761: Tournament #3596230785, $0.92+$0.08 USD Hold'em No Limit - Level II (15/30) - 2023/05/26 11:08:44 CET [2023/05/26 5:08:44 ET]
Table '3596230785 1' 3-max Seat #1 is the button
Seat 1: Lesane24 (295 in chips) 
Seat 2: Mahu2021 (1205 in chips) 
Lesane24: posts small blind 15
Mahu2021: posts big blind 30
*** HOLE CARDS ***
Dealt to Mahu2021 [5s 9s]
Lesane24: folds 
Uncalled bet (15) returned to Mahu2021
Mahu2021 collected 30 from pot
Mahu2021: doesn't show hand 
*** SUMMARY ***
Total pot 30 | Rake 0 
Seat 1: Lesane24 (button) (small blind) folded before Flop
Seat 2: Mahu2021 (big blind) collected (30)



PokerStars Hand #243912566324: Tournament #3596230785, $0.92+$0.08 USD Hold'em No Limit - Level II (15/30) - 2023/05/26 11:08:49 CET [2023/05/26 5:08:49 ET]
Table '3596230785 1' 3-max Seat #2 is the button
Seat 1: Lesane24 (280 in chips) 
Seat 2: Mahu2021 (1220 in chips) 
Mahu2021: posts small blind 15
Lesane24: posts big blind 30
*** HOLE CARDS ***
Dealt to Mahu2021 [7d 6h]
Mahu2021: calls 15
Lesane24: raises 60 to 90
Mahu2021: calls 60
*** FLOP *** [5c 3c 4c]
Lesane24: bets 190 and is all-in
Mahu2021: calls 190
*** TURN *** [5c 3c 4c] [4h]
*** RIVER *** [5c 3c 4c 4h] [7h]
*** SHOW DOWN ***
Lesane24: shows [Ts Ac] (a pair of Fours)
Mahu2021: shows [7d 6h] (a straight, Three to Seven)
Mahu2021 collected 560 from pot
Lesane24 finished the tournament in 2nd place
Mahu2021 wins the tournament and receives $3.00 - congratulations!
*** SUMMARY ***
Total pot 560 | Rake 0 
Board [5c 3c 4c 4h 7h]
Seat 1: Lesane24 (big blind) showed [Ts Ac] and lost with a pair of Fours
Seat 2: Mahu2021 (button) (small blind) showed [7d 6h] and won (560) with a straight, Three to Seven



