PokerStars Hand #245201585938: Tournament #3625279047, $1.44+$1.50+$0.36 USD Hold'em No Limit - Level V (45/90) - 2023/08/04 20:17:49 CET [2023/08/04 14:17:49 ET]
Table '3625279047 97' 8-max Seat #7 is the button
Seat 1: Mahu2021 (5000 in chips, $1.50 bounty) 
Seat 2: samuelmalm (19199 in chips, $2.25 bounty) 
Seat 3: BoDuja0309 (9684 in chips, $1.50 bounty) 
Seat 4: Baerchen1111 (6795 in chips, $1.50 bounty) 
Seat 5: STRAIGHT-GUAP (14150 in chips, $4.12 bounty) 
Seat 6: Nexiiiiii (5470 in chips, $2.25 bounty) 
Seat 7: k0Zur30kami (4386 in chips, $1.50 bounty) 
Seat 8: Siilviy (10556 in chips, $2.25 bounty) 
Mahu2021: posts the ante 14
samuelmalm: posts the ante 14
BoDuja0309: posts the ante 14
Baerchen1111: posts the ante 14
STRAIGHT-GUAP: posts the ante 14
Nexiiiiii: posts the ante 14
k0Zur30kami: posts the ante 14
Siilviy: posts the ante 14
Siilviy: posts small blind 45
Mahu2021: posts big blind 90
*** HOLE CARDS ***
Dealt to Mahu2021 [3c Ac]
Mahu2021 is disconnected 
samuelmalm: folds 
BoDuja0309: folds 
Baerchen1111: folds 
STRAIGHT-GUAP: folds 
Nexiiiiii: folds 
k0Zur30kami: raises 90 to 180
Siilviy: folds 
Mahu2021: calls 90
*** FLOP *** [8s 5d 9s]
Mahu2021: checks 
k0Zur30kami: bets 180
Mahu2021: folds 
Uncalled bet (180) returned to k0Zur30kami
k0Zur30kami collected 517 from pot
*** SUMMARY ***
Total pot 517 | Rake 0 
Board [8s 5d 9s]
Seat 1: Mahu2021 (big blind) folded on the Flop
Seat 2: samuelmalm folded before Flop (didn't bet)
Seat 3: BoDuja0309 folded before Flop (didn't bet)
Seat 4: Baerchen1111 folded before Flop (didn't bet)
Seat 5: STRAIGHT-GUAP folded before Flop (didn't bet)
Seat 6: Nexiiiiii folded before Flop (didn't bet)
Seat 7: k0Zur30kami (button) collected (517)
Seat 8: Siilviy (small blind) folded before Flop



PokerStars Hand #245201596378: Tournament #3625279047, $1.44+$1.50+$0.36 USD Hold'em No Limit - Level V (45/90) - 2023/08/04 20:18:24 CET [2023/08/04 14:18:24 ET]
Table '3625279047 97' 8-max Seat #8 is the button
Seat 1: Mahu2021 (4806 in chips, $1.50 bounty) 
Seat 2: samuelmalm (19185 in chips, $2.25 bounty) 
Seat 3: BoDuja0309 (9670 in chips, $1.50 bounty) 
Seat 4: Baerchen1111 (6781 in chips, $1.50 bounty) 
Seat 5: STRAIGHT-GUAP (14136 in chips, $4.12 bounty) 
Seat 6: Nexiiiiii (5456 in chips, $2.25 bounty) 
Seat 7: k0Zur30kami (4709 in chips, $1.50 bounty) 
Seat 8: Siilviy (10497 in chips, $2.25 bounty) 
Mahu2021: posts the ante 14
samuelmalm: posts the ante 14
BoDuja0309: posts the ante 14
Baerchen1111: posts the ante 14
STRAIGHT-GUAP: posts the ante 14
Nexiiiiii: posts the ante 14
k0Zur30kami: posts the ante 14
Siilviy: posts the ante 14
Mahu2021: posts small blind 45
samuelmalm: posts big blind 90
*** HOLE CARDS ***
Dealt to Mahu2021 [Ts Qc]
BoDuja0309: folds 
Baerchen1111: calls 90
STRAIGHT-GUAP: folds 
Nexiiiiii: folds 
k0Zur30kami: calls 90
Siilviy: folds 
Mahu2021: calls 45
samuelmalm: checks 
*** FLOP *** [Kc Ac 8c]
Mahu2021: bets 472
samuelmalm: folds 
Baerchen1111: folds 
k0Zur30kami: folds 
Uncalled bet (472) returned to Mahu2021
Mahu2021 collected 472 from pot
Mahu2021: doesn't show hand 
*** SUMMARY ***
Total pot 472 | Rake 0 
Board [Kc Ac 8c]
Seat 1: Mahu2021 (small blind) collected (472)
Seat 2: samuelmalm (big blind) folded on the Flop
Seat 3: BoDuja0309 folded before Flop (didn't bet)
Seat 4: Baerchen1111 folded on the Flop
Seat 5: STRAIGHT-GUAP folded before Flop (didn't bet)
Seat 6: Nexiiiiii folded before Flop (didn't bet)
Seat 7: k0Zur30kami folded on the Flop
Seat 8: Siilviy (button) folded before Flop (didn't bet)



PokerStars Hand #245201610942: Tournament #3625279047, $1.44+$1.50+$0.36 USD Hold'em No Limit - Level VI (50/100) - 2023/08/04 20:19:12 CET [2023/08/04 14:19:12 ET]
Table '3625279047 97' 8-max Seat #1 is the button
Seat 1: Mahu2021 (5174 in chips, $1.50 bounty) 
Seat 2: samuelmalm (19081 in chips, $2.25 bounty) 
Seat 3: BoDuja0309 (9656 in chips, $1.50 bounty) 
Seat 4: Baerchen1111 (6677 in chips, $1.50 bounty) 
Seat 5: STRAIGHT-GUAP (14122 in chips, $4.12 bounty) 
Seat 6: Nexiiiiii (5442 in chips, $2.25 bounty) 
Seat 7: k0Zur30kami (4605 in chips, $1.50 bounty) 
Seat 8: Siilviy (10483 in chips, $2.25 bounty) 
Mahu2021: posts the ante 15
samuelmalm: posts the ante 15
BoDuja0309: posts the ante 15
Baerchen1111: posts the ante 15
STRAIGHT-GUAP: posts the ante 15
Nexiiiiii: posts the ante 15
k0Zur30kami: posts the ante 15
Siilviy: posts the ante 15
samuelmalm: posts small blind 50
BoDuja0309: posts big blind 100
*** HOLE CARDS ***
Dealt to Mahu2021 [6c Ks]
Baerchen1111: folds 
STRAIGHT-GUAP: folds 
Nexiiiiii: folds 
k0Zur30kami: raises 150 to 250
Siilviy: folds 
Mahu2021: folds 
samuelmalm: folds 
BoDuja0309: raises 450 to 700
k0Zur30kami: calls 450
*** FLOP *** [Kc 9c 8h]
BoDuja0309: checks 
k0Zur30kami: bets 1350
BoDuja0309: calls 1350
*** TURN *** [Kc 9c 8h] [Qs]
BoDuja0309: checks 
k0Zur30kami: bets 2540 and is all-in
BoDuja0309: folds [Jd Js]
Uncalled bet (2540) returned to k0Zur30kami
k0Zur30kami collected 4270 from pot
*** SUMMARY ***
Total pot 4270 | Rake 0 
Board [Kc 9c 8h Qs]
Seat 1: Mahu2021 (button) folded before Flop (didn't bet)
Seat 2: samuelmalm (small blind) folded before Flop
Seat 3: BoDuja0309 (big blind) folded on the Turn
Seat 4: Baerchen1111 folded before Flop (didn't bet)
Seat 5: STRAIGHT-GUAP folded before Flop (didn't bet)
Seat 6: Nexiiiiii folded before Flop (didn't bet)
Seat 7: k0Zur30kami collected (4270)
Seat 8: Siilviy folded before Flop (didn't bet)



PokerStars Hand #245201632017: Tournament #3625279047, $1.44+$1.50+$0.36 USD Hold'em No Limit - Level VI (50/100) - 2023/08/04 20:20:20 CET [2023/08/04 14:20:20 ET]
Table '3625279047 97' 8-max Seat #2 is the button
Seat 1: Mahu2021 (5159 in chips, $1.50 bounty) 
Seat 2: samuelmalm (19016 in chips, $2.25 bounty) 
Seat 3: BoDuja0309 (7591 in chips, $1.50 bounty) 
Seat 4: Baerchen1111 (6662 in chips, $1.50 bounty) 
Seat 5: STRAIGHT-GUAP (14107 in chips, $4.12 bounty) 
Seat 6: Nexiiiiii (5427 in chips, $2.25 bounty) 
Seat 7: k0Zur30kami (6810 in chips, $1.50 bounty) 
Seat 8: Siilviy (10468 in chips, $2.25 bounty) 
Mahu2021: posts the ante 15
samuelmalm: posts the ante 15
BoDuja0309: posts the ante 15
Baerchen1111: posts the ante 15
STRAIGHT-GUAP: posts the ante 15
Nexiiiiii: posts the ante 15
k0Zur30kami: posts the ante 15
Siilviy: posts the ante 15
BoDuja0309: posts small blind 50
Baerchen1111: posts big blind 100
*** HOLE CARDS ***
Dealt to Mahu2021 [9h 4s]
STRAIGHT-GUAP: folds 
Nexiiiiii: raises 120 to 220
k0Zur30kami: calls 220
Siilviy: folds 
Mahu2021: folds 
samuelmalm: raises 930 to 1150
BoDuja0309: folds 
Baerchen1111: folds 
Nexiiiiii: calls 930
k0Zur30kami: calls 930
*** FLOP *** [3s Ac 7d]
Nexiiiiii: checks 
k0Zur30kami: checks 
samuelmalm: checks 
*** TURN *** [3s Ac 7d] [Kc]
Nexiiiiii: checks 
k0Zur30kami: bets 1860
samuelmalm: calls 1860
Nexiiiiii: folds 
*** RIVER *** [3s Ac 7d Kc] [8c]
k0Zur30kami: checks 
samuelmalm: bets 15991 and is all-in
k0Zur30kami: calls 3785 and is all-in
Uncalled bet (12206) returned to samuelmalm
*** SHOW DOWN ***
samuelmalm: shows [Ad As] (three of a kind, Aces)
k0Zur30kami: shows [7h Ah] (two pair, Aces and Sevens)
samuelmalm collected 15010 from pot
samuelmalm wins $0.75 for eliminating k0Zur30kami and their own bounty increases by $0.75 to $3
k0Zur30kami finished the tournament
*** SUMMARY ***
Total pot 15010 | Rake 0 
Board [3s Ac 7d Kc 8c]
Seat 1: Mahu2021 folded before Flop (didn't bet)
Seat 2: samuelmalm (button) showed [Ad As] and won (15010) with three of a kind, Aces
Seat 3: BoDuja0309 (small blind) folded before Flop
Seat 4: Baerchen1111 (big blind) folded before Flop
Seat 5: STRAIGHT-GUAP folded before Flop (didn't bet)
Seat 6: Nexiiiiii folded on the Turn
Seat 7: k0Zur30kami showed [7h Ah] and lost with two pair, Aces and Sevens
Seat 8: Siilviy folded before Flop (didn't bet)



PokerStars Hand #245201655164: Tournament #3625279047, $1.44+$1.50+$0.36 USD Hold'em No Limit - Level VI (50/100) - 2023/08/04 20:21:36 CET [2023/08/04 14:21:36 ET]
Table '3625279047 97' 8-max Seat #3 is the button
Seat 1: Mahu2021 (5144 in chips, $1.50 bounty) 
Seat 2: samuelmalm (27216 in chips, $3 bounty) 
Seat 3: BoDuja0309 (7526 in chips, $1.50 bounty) 
Seat 4: Baerchen1111 (6547 in chips, $1.50 bounty) 
Seat 5: STRAIGHT-GUAP (14092 in chips, $4.12 bounty) 
Seat 6: Nexiiiiii (4262 in chips, $2.25 bounty) 
Seat 8: Siilviy (10453 in chips, $2.25 bounty) 
Mahu2021: posts the ante 15
samuelmalm: posts the ante 15
BoDuja0309: posts the ante 15
Baerchen1111: posts the ante 15
STRAIGHT-GUAP: posts the ante 15
Nexiiiiii: posts the ante 15
Siilviy: posts the ante 15
Baerchen1111: posts small blind 50
STRAIGHT-GUAP: posts big blind 100
*** HOLE CARDS ***
Dealt to Mahu2021 [3h 5d]
Nexiiiiii: raises 120 to 220
Siilviy: folds 
Mahu2021: folds 
samuelmalm: raises 26981 to 27201 and is all-in
BoDuja0309: folds 
Baerchen1111: folds 
STRAIGHT-GUAP: folds 
Nexiiiiii: calls 4027 and is all-in
Uncalled bet (22954) returned to samuelmalm
*** FLOP *** [6s 5h Jd]
*** TURN *** [6s 5h Jd] [5s]
*** RIVER *** [6s 5h Jd 5s] [Kd]
*** SHOW DOWN ***
Nexiiiiii: shows [Qs As] (a pair of Fives)
samuelmalm: shows [Kh Ah] (two pair, Kings and Fives)
samuelmalm collected 8749 from pot
samuelmalm wins $1.13 for eliminating Nexiiiiii and their own bounty increases by $1.12 to $4.12
Nexiiiiii finished the tournament
*** SUMMARY ***
Total pot 8749 | Rake 0 
Board [6s 5h Jd 5s Kd]
Seat 1: Mahu2021 folded before Flop (didn't bet)
Seat 2: samuelmalm showed [Kh Ah] and won (8749) with two pair, Kings and Fives
Seat 3: BoDuja0309 (button) folded before Flop (didn't bet)
Seat 4: Baerchen1111 (small blind) folded before Flop
Seat 5: STRAIGHT-GUAP (big blind) folded before Flop
Seat 6: Nexiiiiii showed [Qs As] and lost with a pair of Fives
Seat 8: Siilviy folded before Flop (didn't bet)



PokerStars Hand #245201665904: Tournament #3625279047, $1.44+$1.50+$0.36 USD Hold'em No Limit - Level VI (50/100) - 2023/08/04 20:22:11 CET [2023/08/04 14:22:11 ET]
Table '3625279047 97' 8-max Seat #4 is the button
Seat 1: Mahu2021 (5129 in chips, $1.50 bounty) 
Seat 2: samuelmalm (31703 in chips, $4.12 bounty) 
Seat 3: BoDuja0309 (7511 in chips, $1.50 bounty) 
Seat 4: Baerchen1111 (6482 in chips, $1.50 bounty) 
Seat 5: STRAIGHT-GUAP (13977 in chips, $4.12 bounty) 
Seat 7: 21micke05 (5000 in chips, $1.50 bounty) 
Seat 8: Siilviy (10438 in chips, $2.25 bounty) 
Mahu2021: posts the ante 15
samuelmalm: posts the ante 15
BoDuja0309: posts the ante 15
Baerchen1111: posts the ante 15
STRAIGHT-GUAP: posts the ante 15
21micke05: posts the ante 15
Siilviy: posts the ante 15
STRAIGHT-GUAP: posts small blind 50
21micke05: posts big blind 100
*** HOLE CARDS ***
Dealt to Mahu2021 [3d 4d]
Siilviy: folds 
Mahu2021: folds 
samuelmalm: calls 100
BoDuja0309: folds 
Baerchen1111: raises 500 to 600
minas52 is disconnected 
STRAIGHT-GUAP: folds 
21micke05: folds 
samuelmalm: folds 
Uncalled bet (500) returned to Baerchen1111
Baerchen1111 collected 455 from pot
Baerchen1111: doesn't show hand 
*** SUMMARY ***
Total pot 455 | Rake 0 
Seat 1: Mahu2021 folded before Flop (didn't bet)
Seat 2: samuelmalm folded before Flop
Seat 3: BoDuja0309 folded before Flop (didn't bet)
Seat 4: Baerchen1111 (button) collected (455)
Seat 5: STRAIGHT-GUAP (small blind) folded before Flop
Seat 7: 21micke05 (big blind) folded before Flop
Seat 8: Siilviy folded before Flop (didn't bet)



PokerStars Hand #245201676744: Tournament #3625279047, $1.44+$1.50+$0.36 USD Hold'em No Limit - Level VI (50/100) - 2023/08/04 20:22:47 CET [2023/08/04 14:22:47 ET]
Table '3625279047 97' 8-max Seat #5 is the button
Seat 1: Mahu2021 (5114 in chips, $1.50 bounty) 
Seat 2: samuelmalm (31588 in chips, $4.12 bounty) 
Seat 3: BoDuja0309 (7496 in chips, $1.50 bounty) 
Seat 4: Baerchen1111 (6822 in chips, $1.50 bounty) 
Seat 5: STRAIGHT-GUAP (13912 in chips, $4.12 bounty) 
Seat 6: minas52 (5000 in chips) out of hand (moved from another table into small blind)
Seat 7: 21micke05 (4885 in chips, $1.50 bounty) 
Seat 8: Siilviy (10423 in chips, $2.25 bounty) 
minas52 will be allowed to play after the button
Mahu2021: posts the ante 15
samuelmalm: posts the ante 15
BoDuja0309: posts the ante 15
Baerchen1111: posts the ante 15
STRAIGHT-GUAP: posts the ante 15
21micke05: posts the ante 15
Siilviy: posts the ante 15
21micke05: posts small blind 50
Siilviy: posts big blind 100
*** HOLE CARDS ***
Dealt to Mahu2021 [Qh 3d]
Mahu2021: folds 
samuelmalm: folds 
BoDuja0309: folds 
Baerchen1111: raises 200 to 300
STRAIGHT-GUAP: calls 300
21micke05: folds 
Siilviy: folds 
*** FLOP *** [4s Qs 6d]
Baerchen1111: bets 855
STRAIGHT-GUAP: folds 
Uncalled bet (855) returned to Baerchen1111
Baerchen1111 collected 855 from pot
Baerchen1111: doesn't show hand 
*** SUMMARY ***
Total pot 855 | Rake 0 
Board [4s Qs 6d]
Seat 1: Mahu2021 folded before Flop (didn't bet)
Seat 2: samuelmalm folded before Flop (didn't bet)
Seat 3: BoDuja0309 folded before Flop (didn't bet)
Seat 4: Baerchen1111 collected (855)
Seat 5: STRAIGHT-GUAP (button) folded on the Flop
Seat 7: 21micke05 (small blind) folded before Flop
Seat 8: Siilviy (big blind) folded before Flop



PokerStars Hand #245201687019: Tournament #3625279047, $1.44+$1.50+$0.36 USD Hold'em No Limit - Level VI (50/100) - 2023/08/04 20:23:21 CET [2023/08/04 14:23:21 ET]
Table '3625279047 97' 8-max Seat #7 is the button
Seat 1: Mahu2021 (5099 in chips, $1.50 bounty) 
Seat 2: samuelmalm (31573 in chips, $4.12 bounty) 
Seat 3: BoDuja0309 (7481 in chips, $1.50 bounty) 
Seat 4: Baerchen1111 (7362 in chips, $1.50 bounty) 
Seat 5: STRAIGHT-GUAP (13597 in chips, $4.12 bounty) 
Seat 6: minas52 (5000 in chips, $1.50 bounty) 
Seat 7: 21micke05 (4820 in chips, $1.50 bounty) 
Seat 8: Siilviy (10308 in chips, $2.25 bounty) 
Mahu2021: posts the ante 15
samuelmalm: posts the ante 15
BoDuja0309: posts the ante 15
Baerchen1111: posts the ante 15
STRAIGHT-GUAP: posts the ante 15
minas52: posts the ante 15
21micke05: posts the ante 15
Siilviy: posts the ante 15
Siilviy: posts small blind 50
Mahu2021: posts big blind 100
*** HOLE CARDS ***
Dealt to Mahu2021 [Qh 5h]
samuelmalm: calls 100
BoDuja0309: folds 
Baerchen1111: calls 100
STRAIGHT-GUAP: raises 200 to 300
minas52: folds 
21micke05: folds 
Siilviy: folds 
Mahu2021: folds 
samuelmalm: calls 200
Baerchen1111: calls 200
*** FLOP *** [9c 8h 3c]
samuelmalm: checks 
Baerchen1111: checks 
STRAIGHT-GUAP: bets 585
samuelmalm: folds 
Baerchen1111: calls 585
*** TURN *** [9c 8h 3c] [8d]
Baerchen1111: checks 
STRAIGHT-GUAP: bets 1170
Baerchen1111: calls 1170
*** RIVER *** [9c 8h 3c 8d] [Kh]
Baerchen1111: checks 
STRAIGHT-GUAP: bets 1527
Baerchen1111: folds 
Uncalled bet (1527) returned to STRAIGHT-GUAP
STRAIGHT-GUAP collected 4680 from pot
STRAIGHT-GUAP: doesn't show hand 
*** SUMMARY ***
Total pot 4680 | Rake 0 
Board [9c 8h 3c 8d Kh]
Seat 1: Mahu2021 (big blind) folded before Flop
Seat 2: samuelmalm folded on the Flop
Seat 3: BoDuja0309 folded before Flop (didn't bet)
Seat 4: Baerchen1111 folded on the River
Seat 5: STRAIGHT-GUAP collected (4680)
Seat 6: minas52 folded before Flop (didn't bet)
Seat 7: 21micke05 (button) folded before Flop (didn't bet)
Seat 8: Siilviy (small blind) folded before Flop



PokerStars Hand #245201717647: Tournament #3625279047, $1.44+$1.50+$0.36 USD Hold'em No Limit - Level VI (50/100) - 2023/08/04 20:25:02 CET [2023/08/04 14:25:02 ET]
Table '3625279047 97' 8-max Seat #8 is the button
Seat 1: Mahu2021 (4984 in chips, $1.50 bounty) 
Seat 2: samuelmalm (31258 in chips, $4.12 bounty) 
Seat 3: BoDuja0309 (7466 in chips, $1.50 bounty) 
Seat 4: Baerchen1111 (5292 in chips, $1.50 bounty) 
Seat 5: STRAIGHT-GUAP (16207 in chips, $4.12 bounty) 
Seat 6: minas52 (4985 in chips, $1.50 bounty) 
Seat 7: 21micke05 (4805 in chips, $1.50 bounty) 
Seat 8: Siilviy (10243 in chips, $2.25 bounty) 
Mahu2021: posts the ante 15
samuelmalm: posts the ante 15
BoDuja0309: posts the ante 15
Baerchen1111: posts the ante 15
STRAIGHT-GUAP: posts the ante 15
minas52: posts the ante 15
21micke05: posts the ante 15
Siilviy: posts the ante 15
Mahu2021: posts small blind 50
samuelmalm: posts big blind 100
*** HOLE CARDS ***
Dealt to Mahu2021 [4c Ad]
BoDuja0309: raises 100 to 200
Baerchen1111: folds 
STRAIGHT-GUAP: folds 
minas52: folds 
21micke05: folds 
Siilviy: calls 200
Mahu2021: folds 
samuelmalm: calls 100
*** FLOP *** [Qh 6s Tc]
samuelmalm: checks 
BoDuja0309: bets 385
Siilviy: calls 385
samuelmalm: calls 385
*** TURN *** [Qh 6s Tc] [Ts]
samuelmalm: checks 
BoDuja0309: bets 963
Siilviy: calls 963
samuelmalm: calls 963
*** RIVER *** [Qh 6s Tc Ts] [6h]
samuelmalm: checks 
BoDuja0309: bets 5903 and is all-in
Siilviy: folds 
samuelmalm: folds 
Uncalled bet (5903) returned to BoDuja0309
BoDuja0309 collected 4814 from pot
BoDuja0309: doesn't show hand 
*** SUMMARY ***
Total pot 4814 | Rake 0 
Board [Qh 6s Tc Ts 6h]
Seat 1: Mahu2021 (small blind) folded before Flop
Seat 2: samuelmalm (big blind) folded on the River
Seat 3: BoDuja0309 collected (4814)
Seat 4: Baerchen1111 folded before Flop (didn't bet)
Seat 5: STRAIGHT-GUAP folded before Flop (didn't bet)
Seat 6: minas52 folded before Flop (didn't bet)
Seat 7: 21micke05 folded before Flop (didn't bet)
Seat 8: Siilviy (button) folded on the River



PokerStars Hand #245201741423: Tournament #3625279047, $1.44+$1.50+$0.36 USD Hold'em No Limit - Level VI (50/100) - 2023/08/04 20:26:21 CET [2023/08/04 14:26:21 ET]
Table '3625279047 97' 8-max Seat #1 is the button
Seat 1: Mahu2021 (4919 in chips, $1.50 bounty) 
Seat 2: samuelmalm (29695 in chips, $4.12 bounty) 
Seat 3: BoDuja0309 (10717 in chips, $1.50 bounty) 
Seat 4: Baerchen1111 (5277 in chips, $1.50 bounty) 
Seat 5: STRAIGHT-GUAP (16192 in chips, $4.12 bounty) 
Seat 6: minas52 (4970 in chips, $1.50 bounty) 
Seat 7: 21micke05 (4790 in chips, $1.50 bounty) 
Seat 8: Siilviy (8680 in chips, $2.25 bounty) 
Mahu2021: posts the ante 15
samuelmalm: posts the ante 15
BoDuja0309: posts the ante 15
Baerchen1111: posts the ante 15
STRAIGHT-GUAP: posts the ante 15
minas52: posts the ante 15
21micke05: posts the ante 15
Siilviy: posts the ante 15
samuelmalm: posts small blind 50
BoDuja0309: posts big blind 100
*** HOLE CARDS ***
Dealt to Mahu2021 [5s 8h]
Baerchen1111: folds 
STRAIGHT-GUAP: folds 
minas52: folds 
21micke05: folds 
Siilviy: folds 
Mahu2021: folds 
samuelmalm: raises 200 to 300
BoDuja0309: raises 720 to 1020
samuelmalm: calls 720
*** FLOP *** [Qs Jh Ad]
samuelmalm: checks 
BoDuja0309: bets 1080
samuelmalm: calls 1080
*** TURN *** [Qs Jh Ad] [9c]
samuelmalm: checks 
BoDuja0309: bets 3000
samuelmalm: folds 
Uncalled bet (3000) returned to BoDuja0309
BoDuja0309 collected 4320 from pot
BoDuja0309: doesn't show hand 
*** SUMMARY ***
Total pot 4320 | Rake 0 
Board [Qs Jh Ad 9c]
Seat 1: Mahu2021 (button) folded before Flop (didn't bet)
Seat 2: samuelmalm (small blind) folded on the Turn
Seat 3: BoDuja0309 (big blind) collected (4320)
Seat 4: Baerchen1111 folded before Flop (didn't bet)
Seat 5: STRAIGHT-GUAP folded before Flop (didn't bet)
Seat 6: minas52 folded before Flop (didn't bet)
Seat 7: 21micke05 folded before Flop (didn't bet)
Seat 8: Siilviy folded before Flop (didn't bet)



PokerStars Hand #245201763940: Tournament #3625279047, $1.44+$1.50+$0.36 USD Hold'em No Limit - Level VII (60/120) - 2023/08/04 20:27:36 CET [2023/08/04 14:27:36 ET]
Table '3625279047 97' 8-max Seat #2 is the button
Seat 1: Mahu2021 (4904 in chips, $1.50 bounty) 
Seat 2: samuelmalm (27580 in chips, $4.12 bounty) 
Seat 3: BoDuja0309 (12922 in chips, $1.50 bounty) 
Seat 4: Baerchen1111 (5262 in chips, $1.50 bounty) 
Seat 5: STRAIGHT-GUAP (16177 in chips, $4.12 bounty) 
Seat 6: minas52 (4955 in chips, $1.50 bounty) 
Seat 7: 21micke05 (4775 in chips, $1.50 bounty) 
Seat 8: Siilviy (8665 in chips, $2.25 bounty) 
Mahu2021: posts the ante 18
samuelmalm: posts the ante 18
BoDuja0309: posts the ante 18
Baerchen1111: posts the ante 18
STRAIGHT-GUAP: posts the ante 18
minas52: posts the ante 18
21micke05: posts the ante 18
Siilviy: posts the ante 18
BoDuja0309: posts small blind 60
Baerchen1111: posts big blind 120
*** HOLE CARDS ***
Dealt to Mahu2021 [5c 8s]
STRAIGHT-GUAP: folds 
minas52: folds 
21micke05: folds 
Siilviy: raises 120 to 240
Mahu2021: folds 
samuelmalm: folds 
BoDuja0309: folds 
Baerchen1111: calls 120
*** FLOP *** [Jh 7d Tc]
Baerchen1111: checks 
Siilviy: bets 360
Baerchen1111: calls 360
*** TURN *** [Jh 7d Tc] [5h]
Baerchen1111: bets 702
Siilviy: calls 702
*** RIVER *** [Jh 7d Tc 5h] [Ad]
Baerchen1111: checks 
Siilviy: checks 
*** SHOW DOWN ***
Baerchen1111: shows [6c 8c] (high card Ace)
Siilviy: shows [Ts Qd] (a pair of Tens)
Siilviy collected 2808 from pot
*** SUMMARY ***
Total pot 2808 | Rake 0 
Board [Jh 7d Tc 5h Ad]
Seat 1: Mahu2021 folded before Flop (didn't bet)
Seat 2: samuelmalm (button) folded before Flop (didn't bet)
Seat 3: BoDuja0309 (small blind) folded before Flop
Seat 4: Baerchen1111 (big blind) showed [6c 8c] and lost with high card Ace
Seat 5: STRAIGHT-GUAP folded before Flop (didn't bet)
Seat 6: minas52 folded before Flop (didn't bet)
Seat 7: 21micke05 folded before Flop (didn't bet)
Seat 8: Siilviy showed [Ts Qd] and won (2808) with a pair of Tens



PokerStars Hand #245201784366: Tournament #3625279047, $1.44+$1.50+$0.36 USD Hold'em No Limit - Level VII (60/120) - 2023/08/04 20:28:43 CET [2023/08/04 14:28:43 ET]
Table '3625279047 97' 8-max Seat #3 is the button
Seat 1: Mahu2021 (4886 in chips, $1.50 bounty) 
Seat 2: samuelmalm (27562 in chips, $4.12 bounty) 
Seat 3: BoDuja0309 (12844 in chips, $1.50 bounty) 
Seat 4: Baerchen1111 (3942 in chips, $1.50 bounty) 
Seat 5: STRAIGHT-GUAP (16159 in chips, $4.12 bounty) 
Seat 6: minas52 (4937 in chips, $1.50 bounty) 
Seat 7: 21micke05 (4757 in chips, $1.50 bounty) 
Seat 8: Siilviy (10153 in chips, $2.25 bounty) 
Mahu2021: posts the ante 18
samuelmalm: posts the ante 18
BoDuja0309: posts the ante 18
Baerchen1111: posts the ante 18
STRAIGHT-GUAP: posts the ante 18
minas52: posts the ante 18
21micke05: posts the ante 18
Siilviy: posts the ante 18
Baerchen1111: posts small blind 60
STRAIGHT-GUAP: posts big blind 120
*** HOLE CARDS ***
Dealt to Mahu2021 [3h 2h]
minas52: calls 120
21micke05: folds 
Siilviy: folds 
Mahu2021: folds 
samuelmalm: folds 
BoDuja0309: folds 
Baerchen1111: raises 600 to 720
STRAIGHT-GUAP: raises 15421 to 16141 and is all-in
minas52: folds 
Baerchen1111: calls 3204 and is all-in
Uncalled bet (12217) returned to STRAIGHT-GUAP
*** FLOP *** [Ad Qd 3c]
*** TURN *** [Ad Qd 3c] [Jh]
*** RIVER *** [Ad Qd 3c Jh] [As]
*** SHOW DOWN ***
Baerchen1111: shows [Qs Jc] (two pair, Aces and Queens)
STRAIGHT-GUAP: shows [Ts Td] (two pair, Aces and Tens)
Baerchen1111 collected 8112 from pot
*** SUMMARY ***
Total pot 8112 | Rake 0 
Board [Ad Qd 3c Jh As]
Seat 1: Mahu2021 folded before Flop (didn't bet)
Seat 2: samuelmalm folded before Flop (didn't bet)
Seat 3: BoDuja0309 (button) folded before Flop (didn't bet)
Seat 4: Baerchen1111 (small blind) showed [Qs Jc] and won (8112) with two pair, Aces and Queens
Seat 5: STRAIGHT-GUAP (big blind) showed [Ts Td] and lost with two pair, Aces and Tens
Seat 6: minas52 folded before Flop
Seat 7: 21micke05 folded before Flop (didn't bet)
Seat 8: Siilviy folded before Flop (didn't bet)



PokerStars Hand #245201796185: Tournament #3625279047, $1.44+$1.50+$0.36 USD Hold'em No Limit - Level VII (60/120) - 2023/08/04 20:29:23 CET [2023/08/04 14:29:23 ET]
Table '3625279047 97' 8-max Seat #4 is the button
Seat 1: Mahu2021 (4868 in chips, $1.50 bounty) 
Seat 2: samuelmalm (27544 in chips, $4.12 bounty) 
Seat 3: BoDuja0309 (12826 in chips, $1.50 bounty) 
Seat 4: Baerchen1111 (8112 in chips, $1.50 bounty) 
Seat 5: STRAIGHT-GUAP (12217 in chips, $4.12 bounty) 
Seat 6: minas52 (4799 in chips, $1.50 bounty) 
Seat 7: 21micke05 (4739 in chips, $1.50 bounty) 
Seat 8: Siilviy (10135 in chips, $2.25 bounty) 
Mahu2021: posts the ante 18
samuelmalm: posts the ante 18
BoDuja0309: posts the ante 18
Baerchen1111: posts the ante 18
STRAIGHT-GUAP: posts the ante 18
minas52: posts the ante 18
21micke05: posts the ante 18
Siilviy: posts the ante 18
STRAIGHT-GUAP: posts small blind 60
minas52: posts big blind 120
*** HOLE CARDS ***
Dealt to Mahu2021 [Jd Ks]
21micke05: folds 
Siilviy: folds 
Mahu2021: raises 120 to 240
samuelmalm: folds 
BoDuja0309: folds 
Baerchen1111: folds 
STRAIGHT-GUAP: calls 180
minas52: calls 120
*** FLOP *** [Jc 4h 2c]
STRAIGHT-GUAP: checks 
minas52: checks 
Mahu2021: bets 864
STRAIGHT-GUAP: folds 
minas52: folds 
Uncalled bet (864) returned to Mahu2021
Mahu2021 collected 864 from pot
Mahu2021: doesn't show hand 
*** SUMMARY ***
Total pot 864 | Rake 0 
Board [Jc 4h 2c]
Seat 1: Mahu2021 collected (864)
Seat 2: samuelmalm folded before Flop (didn't bet)
Seat 3: BoDuja0309 folded before Flop (didn't bet)
Seat 4: Baerchen1111 (button) folded before Flop (didn't bet)
Seat 5: STRAIGHT-GUAP (small blind) folded on the Flop
Seat 6: minas52 (big blind) folded on the Flop
Seat 7: 21micke05 folded before Flop (didn't bet)
Seat 8: Siilviy folded before Flop (didn't bet)



PokerStars Hand #245201810596: Tournament #3625279047, $1.44+$1.50+$0.36 USD Hold'em No Limit - Level VII (60/120) - 2023/08/04 20:30:11 CET [2023/08/04 14:30:11 ET]
Table '3625279047 97' 8-max Seat #5 is the button
Seat 1: Mahu2021 (5474 in chips, $1.50 bounty) 
Seat 2: samuelmalm (27526 in chips, $4.12 bounty) 
Seat 3: BoDuja0309 (12808 in chips, $1.50 bounty) 
Seat 4: Baerchen1111 (8094 in chips, $1.50 bounty) 
Seat 5: STRAIGHT-GUAP (11959 in chips, $4.12 bounty) 
Seat 6: minas52 (4541 in chips, $1.50 bounty) 
Seat 7: 21micke05 (4721 in chips, $1.50 bounty) 
Seat 8: Siilviy (10117 in chips, $2.25 bounty) 
Mahu2021: posts the ante 18
samuelmalm: posts the ante 18
BoDuja0309: posts the ante 18
Baerchen1111: posts the ante 18
STRAIGHT-GUAP: posts the ante 18
minas52: posts the ante 18
21micke05: posts the ante 18
Siilviy: posts the ante 18
minas52: posts small blind 60
21micke05: posts big blind 120
*** HOLE CARDS ***
Dealt to Mahu2021 [2h Tc]
Siilviy: folds 
Mahu2021: folds 
samuelmalm: folds 
BoDuja0309: folds 
Baerchen1111: folds 
STRAIGHT-GUAP: raises 120 to 240
minas52: folds 
21micke05: raises 4463 to 4703 and is all-in
STRAIGHT-GUAP: calls 4463
*** FLOP *** [Qs 6h Js]
*** TURN *** [Qs 6h Js] [5d]
*** RIVER *** [Qs 6h Js 5d] [8h]
*** SHOW DOWN ***
21micke05: shows [9c Ah] (high card Ace)
STRAIGHT-GUAP: shows [9s Ts] (a straight, Eight to Queen)
STRAIGHT-GUAP collected 9610 from pot
STRAIGHT-GUAP wins $0.75 for eliminating 21micke05 and their own bounty increases by $0.75 to $4.87
21micke05 finished the tournament
*** SUMMARY ***
Total pot 9610 | Rake 0 
Board [Qs 6h Js 5d 8h]
Seat 1: Mahu2021 folded before Flop (didn't bet)
Seat 2: samuelmalm folded before Flop (didn't bet)
Seat 3: BoDuja0309 folded before Flop (didn't bet)
Seat 4: Baerchen1111 folded before Flop (didn't bet)
Seat 5: STRAIGHT-GUAP (button) showed [9s Ts] and won (9610) with a straight, Eight to Queen
Seat 6: minas52 (small blind) folded before Flop
Seat 7: 21micke05 (big blind) showed [9c Ah] and lost with high card Ace
Seat 8: Siilviy folded before Flop (didn't bet)



PokerStars Hand #245201821703: Tournament #3625279047, $1.44+$1.50+$0.36 USD Hold'em No Limit - Level VII (60/120) - 2023/08/04 20:30:47 CET [2023/08/04 14:30:47 ET]
Table '3625279047 97' 8-max Seat #6 is the button
Seat 1: Mahu2021 (5456 in chips, $1.50 bounty) 
Seat 2: samuelmalm (27508 in chips, $4.12 bounty) 
Seat 3: BoDuja0309 (12790 in chips, $1.50 bounty) 
Seat 4: Baerchen1111 (8076 in chips, $1.50 bounty) 
Seat 5: STRAIGHT-GUAP (16848 in chips, $4.87 bounty) 
Seat 6: minas52 (4463 in chips, $1.50 bounty) 
Seat 8: Siilviy (10099 in chips, $2.25 bounty) 
Mahu2021: posts the ante 18
samuelmalm: posts the ante 18
BoDuja0309: posts the ante 18
Baerchen1111: posts the ante 18
STRAIGHT-GUAP: posts the ante 18
minas52: posts the ante 18
Siilviy: posts the ante 18
Siilviy: posts small blind 60
Mahu2021: posts big blind 120
*** HOLE CARDS ***
Dealt to Mahu2021 [Qh Ah]
JamesPucko is disconnected 
samuelmalm: folds 
BoDuja0309: folds 
Baerchen1111: folds 
STRAIGHT-GUAP: folds 
minas52: folds 
Siilviy: folds 
Uncalled bet (60) returned to Mahu2021
Mahu2021 collected 246 from pot
Mahu2021: doesn't show hand 
*** SUMMARY ***
Total pot 246 | Rake 0 
Seat 1: Mahu2021 (big blind) collected (246)
Seat 2: samuelmalm folded before Flop (didn't bet)
Seat 3: BoDuja0309 folded before Flop (didn't bet)
Seat 4: Baerchen1111 folded before Flop (didn't bet)
Seat 5: STRAIGHT-GUAP folded before Flop (didn't bet)
Seat 6: minas52 (button) folded before Flop (didn't bet)
Seat 8: Siilviy (small blind) folded before Flop



PokerStars Hand #245201831928: Tournament #3625279047, $1.44+$1.50+$0.36 USD Hold'em No Limit - Level VII (60/120) - 2023/08/04 20:31:21 CET [2023/08/04 14:31:21 ET]
Table '3625279047 97' 8-max Seat #8 is the button
Seat 1: Mahu2021 (5624 in chips, $1.50 bounty) 
Seat 2: samuelmalm (27490 in chips, $4.12 bounty) 
Seat 3: BoDuja0309 (12772 in chips, $1.50 bounty) 
Seat 4: Baerchen1111 (8058 in chips, $1.50 bounty) 
Seat 5: STRAIGHT-GUAP (16830 in chips, $4.87 bounty) 
Seat 6: minas52 (4445 in chips, $1.50 bounty) 
Seat 7: JamesPucko (5000 in chips, $1.50 bounty) 
Seat 8: Siilviy (10021 in chips, $2.25 bounty) 
Mahu2021: posts the ante 18
samuelmalm: posts the ante 18
BoDuja0309: posts the ante 18
Baerchen1111: posts the ante 18
STRAIGHT-GUAP: posts the ante 18
minas52: posts the ante 18
JamesPucko: posts the ante 18
Siilviy: posts the ante 18
Mahu2021: posts small blind 60
samuelmalm: posts big blind 120
*** HOLE CARDS ***
Dealt to Mahu2021 [4h 8s]
BoDuja0309: folds 
Baerchen1111: raises 120 to 240
STRAIGHT-GUAP: calls 240
minas52: folds 
JamesPucko: folds 
Siilviy: folds 
Mahu2021: folds 
samuelmalm: calls 120
*** FLOP *** [3c 6d 8d]
samuelmalm: checks 
Baerchen1111: checks 
STRAIGHT-GUAP: bets 462
samuelmalm: folds 
Baerchen1111: folds 
Uncalled bet (462) returned to STRAIGHT-GUAP
STRAIGHT-GUAP collected 924 from pot
STRAIGHT-GUAP: doesn't show hand 
*** SUMMARY ***
Total pot 924 | Rake 0 
Board [3c 6d 8d]
Seat 1: Mahu2021 (small blind) folded before Flop
Seat 2: samuelmalm (big blind) folded on the Flop
Seat 3: BoDuja0309 folded before Flop (didn't bet)
Seat 4: Baerchen1111 folded on the Flop
Seat 5: STRAIGHT-GUAP collected (924)
Seat 6: minas52 folded before Flop (didn't bet)
Seat 7: JamesPucko folded before Flop (didn't bet)
Seat 8: Siilviy (button) folded before Flop (didn't bet)



PokerStars Hand #245201847519: Tournament #3625279047, $1.44+$1.50+$0.36 USD Hold'em No Limit - Level VII (60/120) - 2023/08/04 20:32:12 CET [2023/08/04 14:32:12 ET]
Table '3625279047 97' 8-max Seat #1 is the button
Seat 1: Mahu2021 (5546 in chips, $1.50 bounty) 
Seat 2: samuelmalm (27232 in chips, $4.12 bounty) 
Seat 3: BoDuja0309 (12754 in chips, $1.50 bounty) 
Seat 4: Baerchen1111 (7800 in chips, $1.50 bounty) 
Seat 5: STRAIGHT-GUAP (17496 in chips, $4.87 bounty) 
Seat 6: minas52 (4427 in chips, $1.50 bounty) 
Seat 7: JamesPucko (4982 in chips, $1.50 bounty) 
Seat 8: Siilviy (10003 in chips, $2.25 bounty) 
Mahu2021: posts the ante 18
samuelmalm: posts the ante 18
BoDuja0309: posts the ante 18
Baerchen1111: posts the ante 18
STRAIGHT-GUAP: posts the ante 18
minas52: posts the ante 18
JamesPucko: posts the ante 18
Siilviy: posts the ante 18
samuelmalm: posts small blind 60
BoDuja0309: posts big blind 120
*** HOLE CARDS ***
Dealt to Mahu2021 [2c 7d]
Baerchen1111: calls 120
STRAIGHT-GUAP: folds 
minas52: folds 
JamesPucko: calls 120
Siilviy: raises 480 to 600
Mahu2021: folds 
samuelmalm: folds 
BoDuja0309: folds 
Baerchen1111: calls 480
JamesPucko: folds 
*** FLOP *** [2h Jc Qs]
Baerchen1111: checks 
Siilviy: checks 
*** TURN *** [2h Jc Qs] [5d]
Baerchen1111: bets 822
Siilviy: calls 822
*** RIVER *** [2h Jc Qs 5d] [Kc]
Baerchen1111: checks 
Siilviy: bets 1800
Baerchen1111: calls 1800
*** SHOW DOWN ***
Siilviy: shows [As Kh] (a pair of Kings)
Baerchen1111: mucks hand 
Siilviy collected 6888 from pot
*** SUMMARY ***
Total pot 6888 | Rake 0 
Board [2h Jc Qs 5d Kc]
Seat 1: Mahu2021 (button) folded before Flop (didn't bet)
Seat 2: samuelmalm (small blind) folded before Flop
Seat 3: BoDuja0309 (big blind) folded before Flop
Seat 4: Baerchen1111 mucked [Js Ts]
Seat 5: STRAIGHT-GUAP folded before Flop (didn't bet)
Seat 6: minas52 folded before Flop (didn't bet)
Seat 7: JamesPucko folded before Flop
Seat 8: Siilviy showed [As Kh] and won (6888) with a pair of Kings



PokerStars Hand #245201867779: Tournament #3625279047, $1.44+$1.50+$0.36 USD Hold'em No Limit - Level VII (60/120) - 2023/08/04 20:33:17 CET [2023/08/04 14:33:17 ET]
Table '3625279047 97' 8-max Seat #2 is the button
Seat 1: Mahu2021 (5528 in chips, $1.50 bounty) 
Seat 2: samuelmalm (27154 in chips, $4.12 bounty) 
Seat 3: BoDuja0309 (12616 in chips, $1.50 bounty) 
Seat 4: Baerchen1111 (4560 in chips, $1.50 bounty) 
Seat 5: STRAIGHT-GUAP (17478 in chips, $4.87 bounty) 
Seat 6: minas52 (4409 in chips, $1.50 bounty) 
Seat 7: JamesPucko (4844 in chips, $1.50 bounty) 
Seat 8: Siilviy (13651 in chips, $2.25 bounty) 
Mahu2021: posts the ante 18
samuelmalm: posts the ante 18
BoDuja0309: posts the ante 18
Baerchen1111: posts the ante 18
STRAIGHT-GUAP: posts the ante 18
minas52: posts the ante 18
JamesPucko: posts the ante 18
Siilviy: posts the ante 18
BoDuja0309: posts small blind 60
Baerchen1111: posts big blind 120
*** HOLE CARDS ***
Dealt to Mahu2021 [9c Td]
STRAIGHT-GUAP: raises 240 to 360
minas52: calls 360
JamesPucko: folds 
Siilviy: folds 
Mahu2021: folds 
samuelmalm: raises 1404 to 1764
BoDuja0309: folds 
Baerchen1111: raises 2778 to 4542 and is all-in
STRAIGHT-GUAP: folds 
minas52: folds 
samuelmalm: calls 2778
*** FLOP *** [9s 8s 5c]
*** TURN *** [9s 8s 5c] [9h]
*** RIVER *** [9s 8s 5c 9h] [6s]
*** SHOW DOWN ***
Baerchen1111: shows [Ad 4d] (a pair of Nines)
samuelmalm: shows [Kh Kc] (two pair, Kings and Nines)
samuelmalm collected 10008 from pot
samuelmalm wins $0.75 for eliminating Baerchen1111 and their own bounty increases by $0.75 to $4.87
Baerchen1111 finished the tournament
*** SUMMARY ***
Total pot 10008 | Rake 0 
Board [9s 8s 5c 9h 6s]
Seat 1: Mahu2021 folded before Flop (didn't bet)
Seat 2: samuelmalm (button) showed [Kh Kc] and won (10008) with two pair, Kings and Nines
Seat 3: BoDuja0309 (small blind) folded before Flop
Seat 4: Baerchen1111 (big blind) showed [Ad 4d] and lost with a pair of Nines
Seat 5: STRAIGHT-GUAP folded before Flop
Seat 6: minas52 folded before Flop
Seat 7: JamesPucko folded before Flop (didn't bet)
Seat 8: Siilviy folded before Flop (didn't bet)



PokerStars Hand #245201878627: Tournament #3625279047, $1.44+$1.50+$0.36 USD Hold'em No Limit - Level VII (60/120) - 2023/08/04 20:33:53 CET [2023/08/04 14:33:53 ET]
Table '3625279047 97' 8-max Seat #3 is the button
Seat 1: Mahu2021 (5510 in chips, $1.50 bounty) 
Seat 2: samuelmalm (32602 in chips, $4.87 bounty) 
Seat 3: BoDuja0309 (12538 in chips, $1.50 bounty) 
Seat 5: STRAIGHT-GUAP (17100 in chips, $4.87 bounty) 
Seat 6: minas52 (4031 in chips, $1.50 bounty) 
Seat 7: JamesPucko (4826 in chips, $1.50 bounty) 
Seat 8: Siilviy (13633 in chips, $2.25 bounty) 
Mahu2021: posts the ante 18
samuelmalm: posts the ante 18
BoDuja0309: posts the ante 18
STRAIGHT-GUAP: posts the ante 18
minas52: posts the ante 18
JamesPucko: posts the ante 18
Siilviy: posts the ante 18
STRAIGHT-GUAP: posts small blind 60
minas52: posts big blind 120
*** HOLE CARDS ***
Dealt to Mahu2021 [6d 4d]
JamesPucko: folds 
Siilviy: folds 
Mahu2021: folds 
samuelmalm: raises 135 to 255
BoDuja0309: folds 
STRAIGHT-GUAP: calls 195
minas52: folds 
*** FLOP *** [Jc 7c 8h]
STRAIGHT-GUAP: checks 
samuelmalm: bets 378
STRAIGHT-GUAP: calls 378
*** TURN *** [Jc 7c 8h] [8d]
STRAIGHT-GUAP: checks 
samuelmalm: bets 480
STRAIGHT-GUAP: calls 480
*** RIVER *** [Jc 7c 8h 8d] [4h]
STRAIGHT-GUAP: checks 
samuelmalm: checks 
*** SHOW DOWN ***
STRAIGHT-GUAP: shows [6h 9h] (a pair of Eights)
samuelmalm: shows [Th As] (a pair of Eights - Ace kicker)
samuelmalm collected 2472 from pot
*** SUMMARY ***
Total pot 2472 | Rake 0 
Board [Jc 7c 8h 8d 4h]
Seat 1: Mahu2021 folded before Flop (didn't bet)
Seat 2: samuelmalm showed [Th As] and won (2472) with a pair of Eights
Seat 3: BoDuja0309 (button) folded before Flop (didn't bet)
Seat 5: STRAIGHT-GUAP (small blind) showed [6h 9h] and lost with a pair of Eights
Seat 6: minas52 (big blind) folded before Flop
Seat 7: JamesPucko folded before Flop (didn't bet)
Seat 8: Siilviy folded before Flop (didn't bet)



PokerStars Hand #245201902768: Tournament #3625279047, $1.44+$1.50+$0.36 USD Hold'em No Limit - Level VIII (70/140) - 2023/08/04 20:35:11 CET [2023/08/04 14:35:11 ET]
Table '3625279047 97' 8-max Seat #5 is the button
Seat 1: Mahu2021 (5492 in chips, $1.50 bounty) 
Seat 2: samuelmalm (33943 in chips, $4.87 bounty) 
Seat 3: BoDuja0309 (12520 in chips, $1.50 bounty) 
Seat 4: rafa inter (13183 in chips, $2.62 bounty) 
Seat 5: STRAIGHT-GUAP (15969 in chips, $4.87 bounty) 
Seat 6: minas52 (3893 in chips, $1.50 bounty) 
Seat 7: JamesPucko (4808 in chips, $1.50 bounty) 
Seat 8: Siilviy (13615 in chips, $2.25 bounty) 
Mahu2021: posts the ante 21
samuelmalm: posts the ante 21
BoDuja0309: posts the ante 21
rafa inter: posts the ante 21
STRAIGHT-GUAP: posts the ante 21
minas52: posts the ante 21
JamesPucko: posts the ante 21
Siilviy: posts the ante 21
minas52: posts small blind 70
JamesPucko: posts big blind 140
*** HOLE CARDS ***
Dealt to Mahu2021 [2c 8s]
Siilviy: raises 140 to 280
Mahu2021: folds 
samuelmalm: folds 
BoDuja0309: folds 
rafa inter: folds 
STRAIGHT-GUAP: folds 
minas52: folds 
JamesPucko: folds 
Uncalled bet (140) returned to Siilviy
Siilviy collected 518 from pot
Siilviy: doesn't show hand 
*** SUMMARY ***
Total pot 518 | Rake 0 
Seat 1: Mahu2021 folded before Flop (didn't bet)
Seat 2: samuelmalm folded before Flop (didn't bet)
Seat 3: BoDuja0309 folded before Flop (didn't bet)
Seat 4: rafa inter folded before Flop (didn't bet)
Seat 5: STRAIGHT-GUAP (button) folded before Flop (didn't bet)
Seat 6: minas52 (small blind) folded before Flop
Seat 7: JamesPucko (big blind) folded before Flop
Seat 8: Siilviy collected (518)



PokerStars Hand #245201911558: Tournament #3625279047, $1.44+$1.50+$0.36 USD Hold'em No Limit - Level VIII (70/140) - 2023/08/04 20:35:40 CET [2023/08/04 14:35:40 ET]
Table '3625279047 97' 8-max Seat #6 is the button
Seat 1: Mahu2021 (5471 in chips, $1.50 bounty) 
Seat 2: samuelmalm (33922 in chips, $4.87 bounty) 
Seat 3: BoDuja0309 (12499 in chips, $1.50 bounty) 
Seat 4: rafa inter (13162 in chips, $2.62 bounty) 
Seat 5: STRAIGHT-GUAP (15948 in chips, $4.87 bounty) 
Seat 6: minas52 (3802 in chips, $1.50 bounty) 
Seat 7: JamesPucko (4647 in chips, $1.50 bounty) 
Seat 8: Siilviy (13972 in chips, $2.25 bounty) 
Mahu2021: posts the ante 21
samuelmalm: posts the ante 21
BoDuja0309: posts the ante 21
rafa inter: posts the ante 21
STRAIGHT-GUAP: posts the ante 21
minas52: posts the ante 21
JamesPucko: posts the ante 21
Siilviy: posts the ante 21
JamesPucko: posts small blind 70
Siilviy: posts big blind 140
*** HOLE CARDS ***
Dealt to Mahu2021 [Jd Js]
Mahu2021: raises 280 to 420
samuelmalm: folds 
BoDuja0309: raises 560 to 980
rafa inter: folds 
STRAIGHT-GUAP: folds 
minas52: folds 
JamesPucko: folds 
Siilviy: calls 840
Mahu2021: calls 560
*** FLOP *** [Tc Th Ah]
Siilviy: checks 
Mahu2021: checks 
BoDuja0309: bets 840
Siilviy: calls 840
Mahu2021: folds 
*** TURN *** [Tc Th Ah] [4d]
Siilviy: checks 
BoDuja0309: checks 
*** RIVER *** [Tc Th Ah 4d] [Qd]
Siilviy: bets 840
BoDuja0309: calls 840
*** SHOW DOWN ***
Siilviy: shows [Qh Jh] (two pair, Queens and Tens)
BoDuja0309: shows [Kd Qs] (two pair, Queens and Tens)
Siilviy collected 3269 from pot
BoDuja0309 collected 3269 from pot
*** SUMMARY ***
Total pot 6538 | Rake 0 
Board [Tc Th Ah 4d Qd]
Seat 1: Mahu2021 folded on the Flop
Seat 2: samuelmalm folded before Flop (didn't bet)
Seat 3: BoDuja0309 showed [Kd Qs] and won (3269) with two pair, Queens and Tens
Seat 4: rafa inter folded before Flop (didn't bet)
Seat 5: STRAIGHT-GUAP folded before Flop (didn't bet)
Seat 6: minas52 (button) folded before Flop (didn't bet)
Seat 7: JamesPucko (small blind) folded before Flop
Seat 8: Siilviy (big blind) showed [Qh Jh] and won (3269) with two pair, Queens and Tens



PokerStars Hand #245201940015: Tournament #3625279047, $1.44+$1.50+$0.36 USD Hold'em No Limit - Level VIII (70/140) - 2023/08/04 20:37:13 CET [2023/08/04 14:37:13 ET]
Table '3625279047 97' 8-max Seat #7 is the button
Seat 1: Mahu2021 (4470 in chips, $1.50 bounty) 
Seat 2: samuelmalm (33901 in chips, $4.87 bounty) 
Seat 3: BoDuja0309 (13087 in chips, $1.50 bounty) 
Seat 4: rafa inter (13141 in chips, $2.62 bounty) 
Seat 5: STRAIGHT-GUAP (15927 in chips, $4.87 bounty) 
Seat 6: minas52 (3781 in chips, $1.50 bounty) 
Seat 7: JamesPucko (4556 in chips, $1.50 bounty) 
Seat 8: Siilviy (14560 in chips, $2.25 bounty) 
Mahu2021: posts the ante 21
samuelmalm: posts the ante 21
BoDuja0309: posts the ante 21
rafa inter: posts the ante 21
STRAIGHT-GUAP: posts the ante 21
minas52: posts the ante 21
JamesPucko: posts the ante 21
Siilviy: posts the ante 21
Siilviy: posts small blind 70
Mahu2021: posts big blind 140
*** HOLE CARDS ***
Dealt to Mahu2021 [Js Ah]
samuelmalm: folds 
BoDuja0309: folds 
rafa inter: raises 140 to 280
STRAIGHT-GUAP: folds 
minas52: folds 
JamesPucko: folds 
Siilviy: folds 
Mahu2021: calls 140
*** FLOP *** [6s Ac As]
Mahu2021: checks 
rafa inter: bets 319
Mahu2021: calls 319
*** TURN *** [6s Ac As] [Kd]
Mahu2021: checks 
rafa inter: bets 574
Mahu2021: calls 574
*** RIVER *** [6s Ac As Kd] [2s]
Mahu2021: checks 
rafa inter: checks 
*** SHOW DOWN ***
Mahu2021: shows [Js Ah] (three of a kind, Aces)
rafa inter: mucks hand 
Mahu2021 collected 2584 from pot
*** SUMMARY ***
Total pot 2584 | Rake 0 
Board [6s Ac As Kd 2s]
Seat 1: Mahu2021 (big blind) showed [Js Ah] and won (2584) with three of a kind, Aces
Seat 2: samuelmalm folded before Flop (didn't bet)
Seat 3: BoDuja0309 folded before Flop (didn't bet)
Seat 4: rafa inter mucked [8c 9c]
Seat 5: STRAIGHT-GUAP folded before Flop (didn't bet)
Seat 6: minas52 folded before Flop (didn't bet)
Seat 7: JamesPucko (button) folded before Flop (didn't bet)
Seat 8: Siilviy (small blind) folded before Flop



PokerStars Hand #245201954926: Tournament #3625279047, $1.44+$1.50+$0.36 USD Hold'em No Limit - Level VIII (70/140) - 2023/08/04 20:38:01 CET [2023/08/04 14:38:01 ET]
Table '3625279047 97' 8-max Seat #8 is the button
Seat 1: Mahu2021 (5860 in chips, $1.50 bounty) 
Seat 2: samuelmalm (33880 in chips, $4.87 bounty) 
Seat 3: BoDuja0309 (13066 in chips, $1.50 bounty) 
Seat 4: rafa inter (11947 in chips, $2.62 bounty) 
Seat 5: STRAIGHT-GUAP (15906 in chips, $4.87 bounty) 
Seat 6: minas52 (3760 in chips, $1.50 bounty) 
Seat 7: JamesPucko (4535 in chips, $1.50 bounty) 
Seat 8: Siilviy (14469 in chips, $2.25 bounty) 
Mahu2021: posts the ante 21
samuelmalm: posts the ante 21
BoDuja0309: posts the ante 21
rafa inter: posts the ante 21
STRAIGHT-GUAP: posts the ante 21
minas52: posts the ante 21
JamesPucko: posts the ante 21
Siilviy: posts the ante 21
Mahu2021: posts small blind 70
samuelmalm: posts big blind 140
*** HOLE CARDS ***
Dealt to Mahu2021 [9h 5c]
BoDuja0309: folds 
rafa inter: folds 
STRAIGHT-GUAP: raises 280 to 420
minas52: folds 
JamesPucko: folds 
Siilviy: folds 
Mahu2021: folds 
samuelmalm: calls 280
*** FLOP *** [6d Ts 4d]
samuelmalm: checks 
STRAIGHT-GUAP: checks 
*** TURN *** [6d Ts 4d] [Qh]
samuelmalm: checks 
STRAIGHT-GUAP: checks 
*** RIVER *** [6d Ts 4d Qh] [Tc]
samuelmalm: bets 1078
STRAIGHT-GUAP: calls 1078
*** SHOW DOWN ***
samuelmalm: shows [Kd 2d] (a pair of Tens)
STRAIGHT-GUAP: shows [Ks As] (a pair of Tens - Ace kicker)
STRAIGHT-GUAP collected 3234 from pot
*** SUMMARY ***
Total pot 3234 | Rake 0 
Board [6d Ts 4d Qh Tc]
Seat 1: Mahu2021 (small blind) folded before Flop
Seat 2: samuelmalm (big blind) showed [Kd 2d] and lost with a pair of Tens
Seat 3: BoDuja0309 folded before Flop (didn't bet)
Seat 4: rafa inter folded before Flop (didn't bet)
Seat 5: STRAIGHT-GUAP showed [Ks As] and won (3234) with a pair of Tens
Seat 6: minas52 folded before Flop (didn't bet)
Seat 7: JamesPucko folded before Flop (didn't bet)
Seat 8: Siilviy (button) folded before Flop (didn't bet)



PokerStars Hand #245201971665: Tournament #3625279047, $1.44+$1.50+$0.36 USD Hold'em No Limit - Level VIII (70/140) - 2023/08/04 20:38:56 CET [2023/08/04 14:38:56 ET]
Table '3625279047 97' 8-max Seat #1 is the button
Seat 1: Mahu2021 (5769 in chips, $1.50 bounty) 
Seat 2: samuelmalm (32361 in chips, $4.87 bounty) 
Seat 3: BoDuja0309 (13045 in chips, $1.50 bounty) 
Seat 4: rafa inter (11926 in chips, $2.62 bounty) 
Seat 5: STRAIGHT-GUAP (17621 in chips, $4.87 bounty) 
Seat 6: minas52 (3739 in chips, $1.50 bounty) 
Seat 7: JamesPucko (4514 in chips, $1.50 bounty) 
Seat 8: Siilviy (14448 in chips, $2.25 bounty) 
Mahu2021: posts the ante 21
samuelmalm: posts the ante 21
BoDuja0309: posts the ante 21
rafa inter: posts the ante 21
STRAIGHT-GUAP: posts the ante 21
minas52: posts the ante 21
JamesPucko: posts the ante 21
Siilviy: posts the ante 21
samuelmalm: posts small blind 70
BoDuja0309: posts big blind 140
*** HOLE CARDS ***
Dealt to Mahu2021 [7s 6c]
rafa inter: raises 140 to 280
STRAIGHT-GUAP: folds 
minas52: folds 
JamesPucko: folds 
Siilviy: folds 
Mahu2021: folds 
samuelmalm: folds 
BoDuja0309: calls 140
*** FLOP *** [4c 4d Kd]
BoDuja0309: checks 
rafa inter: bets 319
BoDuja0309: calls 319
*** TURN *** [4c 4d Kd] [Tc]
BoDuja0309: checks 
rafa inter: checks 
*** RIVER *** [4c 4d Kd Tc] [7h]
BoDuja0309: bets 718
rafa inter: folds 
Uncalled bet (718) returned to BoDuja0309
BoDuja0309 collected 1436 from pot
BoDuja0309: doesn't show hand 
*** SUMMARY ***
Total pot 1436 | Rake 0 
Board [4c 4d Kd Tc 7h]
Seat 1: Mahu2021 (button) folded before Flop (didn't bet)
Seat 2: samuelmalm (small blind) folded before Flop
Seat 3: BoDuja0309 (big blind) collected (1436)
Seat 4: rafa inter folded on the River
Seat 5: STRAIGHT-GUAP folded before Flop (didn't bet)
Seat 6: minas52 folded before Flop (didn't bet)
Seat 7: JamesPucko folded before Flop (didn't bet)
Seat 8: Siilviy folded before Flop (didn't bet)



PokerStars Hand #245201983088: Tournament #3625279047, $1.44+$1.50+$0.36 USD Hold'em No Limit - Level VIII (70/140) - 2023/08/04 20:39:33 CET [2023/08/04 14:39:33 ET]
Table '3625279047 97' 8-max Seat #2 is the button
Seat 1: Mahu2021 (5748 in chips, $1.50 bounty) 
Seat 2: samuelmalm (32270 in chips, $4.87 bounty) 
Seat 3: BoDuja0309 (13861 in chips, $1.50 bounty) 
Seat 4: rafa inter (11306 in chips, $2.62 bounty) 
Seat 5: STRAIGHT-GUAP (17600 in chips, $4.87 bounty) 
Seat 6: minas52 (3718 in chips, $1.50 bounty) 
Seat 7: JamesPucko (4493 in chips, $1.50 bounty) 
Seat 8: Siilviy (14427 in chips, $2.25 bounty) 
Mahu2021: posts the ante 21
samuelmalm: posts the ante 21
BoDuja0309: posts the ante 21
rafa inter: posts the ante 21
STRAIGHT-GUAP: posts the ante 21
minas52: posts the ante 21
JamesPucko: posts the ante 21
Siilviy: posts the ante 21
BoDuja0309: posts small blind 70
rafa inter: posts big blind 140
*** HOLE CARDS ***
Dealt to Mahu2021 [Jd Qd]
STRAIGHT-GUAP: folds 
minas52: folds 
JamesPucko: folds 
Siilviy: folds 
Mahu2021: raises 140 to 280
samuelmalm: folds 
BoDuja0309: folds 
rafa inter: calls 140
*** FLOP *** [Ts Jh 5c]
rafa inter: checks 
Mahu2021: bets 798
rafa inter: calls 798
*** TURN *** [Ts Jh 5c] [6c]
rafa inter: checks 
Mahu2021: bets 4649 and is all-in
rafa inter: folds [Js]
Uncalled bet (4649) returned to Mahu2021
Mahu2021 collected 2394 from pot
Mahu2021: doesn't show hand 
*** SUMMARY ***
Total pot 2394 | Rake 0 
Board [Ts Jh 5c 6c]
Seat 1: Mahu2021 collected (2394)
Seat 2: samuelmalm (button) folded before Flop (didn't bet)
Seat 3: BoDuja0309 (small blind) folded before Flop
Seat 4: rafa inter (big blind) folded on the Turn
Seat 5: STRAIGHT-GUAP folded before Flop (didn't bet)
Seat 6: minas52 folded before Flop (didn't bet)
Seat 7: JamesPucko folded before Flop (didn't bet)
Seat 8: Siilviy folded before Flop (didn't bet)



PokerStars Hand #245201996149: Tournament #3625279047, $1.44+$1.50+$0.36 USD Hold'em No Limit - Level VIII (70/140) - 2023/08/04 20:40:16 CET [2023/08/04 14:40:16 ET]
Table '3625279047 97' 8-max Seat #3 is the button
Seat 1: Mahu2021 (7043 in chips, $1.50 bounty) 
Seat 2: samuelmalm (32249 in chips, $4.87 bounty) 
Seat 3: BoDuja0309 (13770 in chips, $1.50 bounty) 
Seat 4: rafa inter (10207 in chips, $2.62 bounty) 
Seat 5: STRAIGHT-GUAP (17579 in chips, $4.87 bounty) 
Seat 6: minas52 (3697 in chips, $1.50 bounty) 
Seat 7: JamesPucko (4472 in chips, $1.50 bounty) 
Seat 8: Siilviy (14406 in chips, $2.25 bounty) 
Mahu2021: posts the ante 21
samuelmalm: posts the ante 21
BoDuja0309: posts the ante 21
rafa inter: posts the ante 21
STRAIGHT-GUAP: posts the ante 21
minas52: posts the ante 21
JamesPucko: posts the ante 21
Siilviy: posts the ante 21
rafa inter: posts small blind 70
STRAIGHT-GUAP: posts big blind 140
*** HOLE CARDS ***
Dealt to Mahu2021 [4h Td]
minas52: folds 
JamesPucko: folds 
Siilviy: folds 
Mahu2021: folds 
samuelmalm: folds 
BoDuja0309: raises 140 to 280
rafa inter: calls 210
STRAIGHT-GUAP: calls 140
*** FLOP *** [5h Jc 6c]
rafa inter: checks 
STRAIGHT-GUAP: checks 
BoDuja0309: bets 504
rafa inter: calls 504
STRAIGHT-GUAP: calls 504
*** TURN *** [5h Jc 6c] [Ad]
rafa inter: checks 
STRAIGHT-GUAP: checks 
BoDuja0309: bets 1260
rafa inter: folds 
STRAIGHT-GUAP: folds 
Uncalled bet (1260) returned to BoDuja0309
BoDuja0309 collected 2520 from pot
BoDuja0309: doesn't show hand 
*** SUMMARY ***
Total pot 2520 | Rake 0 
Board [5h Jc 6c Ad]
Seat 1: Mahu2021 folded before Flop (didn't bet)
Seat 2: samuelmalm folded before Flop (didn't bet)
Seat 3: BoDuja0309 (button) collected (2520)
Seat 4: rafa inter (small blind) folded on the Turn
Seat 5: STRAIGHT-GUAP (big blind) folded on the Turn
Seat 6: minas52 folded before Flop (didn't bet)
Seat 7: JamesPucko folded before Flop (didn't bet)
Seat 8: Siilviy folded before Flop (didn't bet)



PokerStars Hand #245202013196: Tournament #3625279047, $1.44+$1.50+$0.36 USD Hold'em No Limit - Level VIII (70/140) - 2023/08/04 20:41:11 CET [2023/08/04 14:41:11 ET]
Table '3625279047 97' 8-max Seat #4 is the button
Seat 1: Mahu2021 (7022 in chips, $1.50 bounty) 
Seat 2: samuelmalm (32228 in chips, $4.87 bounty) 
Seat 3: BoDuja0309 (15485 in chips, $1.50 bounty) 
Seat 4: rafa inter (9402 in chips, $2.62 bounty) 
Seat 5: STRAIGHT-GUAP (16774 in chips, $4.87 bounty) 
Seat 6: minas52 (3676 in chips, $1.50 bounty) 
Seat 7: JamesPucko (4451 in chips, $1.50 bounty) 
Seat 8: Siilviy (14385 in chips, $2.25 bounty) 
Mahu2021: posts the ante 21
samuelmalm: posts the ante 21
BoDuja0309: posts the ante 21
rafa inter: posts the ante 21
STRAIGHT-GUAP: posts the ante 21
minas52: posts the ante 21
JamesPucko: posts the ante 21
Siilviy: posts the ante 21
STRAIGHT-GUAP: posts small blind 70
minas52: posts big blind 140
*** HOLE CARDS ***
Dealt to Mahu2021 [4d 5c]
JamesPucko: folds 
Siilviy: raises 140 to 280
Mahu2021: folds 
samuelmalm: folds 
BoDuja0309: folds 
rafa inter: folds 
STRAIGHT-GUAP: folds 
minas52: calls 140
*** FLOP *** [8d As Kc]
minas52: checks 
Siilviy: checks 
*** TURN *** [8d As Kc] [6s]
minas52: checks 
Siilviy: bets 399
minas52: calls 399
*** RIVER *** [8d As Kc 6s] [6c]
minas52: checks 
Siilviy: checks 
*** SHOW DOWN ***
minas52: shows [Jc Th] (a pair of Sixes)
Siilviy: shows [Td Kh] (two pair, Kings and Sixes)
Siilviy collected 1596 from pot
*** SUMMARY ***
Total pot 1596 | Rake 0 
Board [8d As Kc 6s 6c]
Seat 1: Mahu2021 folded before Flop (didn't bet)
Seat 2: samuelmalm folded before Flop (didn't bet)
Seat 3: BoDuja0309 folded before Flop (didn't bet)
Seat 4: rafa inter (button) folded before Flop (didn't bet)
Seat 5: STRAIGHT-GUAP (small blind) folded before Flop
Seat 6: minas52 (big blind) showed [Jc Th] and lost with a pair of Sixes
Seat 7: JamesPucko folded before Flop (didn't bet)
Seat 8: Siilviy showed [Td Kh] and won (1596) with two pair, Kings and Sixes



PokerStars Hand #245202028181: Tournament #3625279047, $1.44+$1.50+$0.36 USD Hold'em No Limit - Level VIII (70/140) - 2023/08/04 20:41:58 CET [2023/08/04 14:41:58 ET]
Table '3625279047 97' 8-max Seat #5 is the button
Seat 1: Mahu2021 (7001 in chips, $1.50 bounty) 
Seat 2: samuelmalm (32207 in chips, $4.87 bounty) 
Seat 3: BoDuja0309 (15464 in chips, $1.50 bounty) 
Seat 4: rafa inter (9381 in chips, $2.62 bounty) 
Seat 5: STRAIGHT-GUAP (16683 in chips, $4.87 bounty) 
Seat 6: minas52 (2976 in chips, $1.50 bounty) 
Seat 7: JamesPucko (4430 in chips, $1.50 bounty) 
Seat 8: Siilviy (15281 in chips, $2.25 bounty) 
Mahu2021: posts the ante 21
samuelmalm: posts the ante 21
BoDuja0309: posts the ante 21
rafa inter: posts the ante 21
STRAIGHT-GUAP: posts the ante 21
minas52: posts the ante 21
JamesPucko: posts the ante 21
Siilviy: posts the ante 21
minas52: posts small blind 70
JamesPucko: posts big blind 140
*** HOLE CARDS ***
Dealt to Mahu2021 [7h 2c]
Siilviy: raises 420 to 560
Mahu2021: folds 
samuelmalm: folds 
BoDuja0309: calls 560
rafa inter: folds 
STRAIGHT-GUAP: calls 560
minas52: folds 
JamesPucko: folds 
*** FLOP *** [Th 6d 5c]
Siilviy: checks 
BoDuja0309: checks 
STRAIGHT-GUAP: bets 1029
Siilviy: calls 1029
BoDuja0309: folds 
*** TURN *** [Th 6d 5c] [3s]
Siilviy: checks 
STRAIGHT-GUAP: bets 2058
Siilviy: calls 2058
*** RIVER *** [Th 6d 5c 3s] [6c]
Siilviy: checks 
STRAIGHT-GUAP: bets 4116
Siilviy: calls 4116
*** SHOW DOWN ***
STRAIGHT-GUAP: shows [6h 5h] (a full house, Sixes full of Fives)
Siilviy: mucks hand 
STRAIGHT-GUAP collected 16464 from pot
*** SUMMARY ***
Total pot 16464 | Rake 0 
Board [Th 6d 5c 3s 6c]
Seat 1: Mahu2021 folded before Flop (didn't bet)
Seat 2: samuelmalm folded before Flop (didn't bet)
Seat 3: BoDuja0309 folded on the Flop
Seat 4: rafa inter folded before Flop (didn't bet)
Seat 5: STRAIGHT-GUAP (button) showed [6h 5h] and won (16464) with a full house, Sixes full of Fives
Seat 6: minas52 (small blind) folded before Flop
Seat 7: JamesPucko (big blind) folded before Flop
Seat 8: Siilviy mucked [8d 8h]



PokerStars Hand #245202052916: Tournament #3625279047, $1.44+$1.50+$0.36 USD Hold'em No Limit - Level IX (80/160) - 2023/08/04 20:43:18 CET [2023/08/04 14:43:18 ET]
Table '3625279047 97' 8-max Seat #6 is the button
Seat 1: Mahu2021 (6980 in chips, $1.50 bounty) 
Seat 2: samuelmalm (32186 in chips, $4.87 bounty) 
Seat 3: BoDuja0309 (14883 in chips, $1.50 bounty) 
Seat 4: rafa inter (9360 in chips, $2.62 bounty) 
Seat 5: STRAIGHT-GUAP (25363 in chips, $4.87 bounty) 
Seat 6: minas52 (2885 in chips, $1.50 bounty) 
Seat 7: JamesPucko (4269 in chips, $1.50 bounty) 
Seat 8: Siilviy (7497 in chips, $2.25 bounty) 
Mahu2021: posts the ante 24
samuelmalm: posts the ante 24
BoDuja0309: posts the ante 24
rafa inter: posts the ante 24
STRAIGHT-GUAP: posts the ante 24
minas52: posts the ante 24
JamesPucko: posts the ante 24
Siilviy: posts the ante 24
JamesPucko: posts small blind 80
Siilviy: posts big blind 160
*** HOLE CARDS ***
Dealt to Mahu2021 [Jc As]
Mahu2021: calls 160
samuelmalm: folds 
BoDuja0309: folds 
rafa inter: folds 
STRAIGHT-GUAP: raises 160 to 320
minas52: folds 
JamesPucko: calls 240
Siilviy: folds 
Mahu2021: calls 160
*** FLOP *** [7h 4s Tc]
JamesPucko: checks 
Mahu2021: checks 
STRAIGHT-GUAP: checks 
*** TURN *** [7h 4s Tc] [8d]
JamesPucko: checks 
Mahu2021: bets 320
STRAIGHT-GUAP: folds 
JamesPucko: raises 976 to 1296
Mahu2021: calls 976
*** RIVER *** [7h 4s Tc 8d] [3s]
JamesPucko: bets 2629 and is all-in
Mahu2021: folds 
Uncalled bet (2629) returned to JamesPucko
JamesPucko collected 3904 from pot
*** SUMMARY ***
Total pot 3904 | Rake 0 
Board [7h 4s Tc 8d 3s]
Seat 1: Mahu2021 folded on the River
Seat 2: samuelmalm folded before Flop (didn't bet)
Seat 3: BoDuja0309 folded before Flop (didn't bet)
Seat 4: rafa inter folded before Flop (didn't bet)
Seat 5: STRAIGHT-GUAP folded on the Turn
Seat 6: minas52 (button) folded before Flop (didn't bet)
Seat 7: JamesPucko (small blind) collected (3904)
Seat 8: Siilviy (big blind) folded before Flop



PokerStars Hand #245202089214: Tournament #3625279047, $1.44+$1.50+$0.36 USD Hold'em No Limit - Level IX (80/160) - 2023/08/04 20:45:15 CET [2023/08/04 14:45:15 ET]
Table '3625279047 97' 8-max Seat #7 is the button
Seat 1: Mahu2021 (5340 in chips, $1.50 bounty) 
Seat 2: samuelmalm (32162 in chips, $4.87 bounty) 
Seat 3: BoDuja0309 (14859 in chips, $1.50 bounty) 
Seat 4: rafa inter (9336 in chips, $2.62 bounty) 
Seat 5: STRAIGHT-GUAP (25019 in chips, $4.87 bounty) 
Seat 6: minas52 (2861 in chips, $1.50 bounty) 
Seat 7: JamesPucko (6533 in chips, $1.50 bounty) 
Seat 8: Siilviy (7313 in chips, $2.25 bounty) 
Mahu2021: posts the ante 24
samuelmalm: posts the ante 24
BoDuja0309: posts the ante 24
rafa inter: posts the ante 24
STRAIGHT-GUAP: posts the ante 24
minas52: posts the ante 24
JamesPucko: posts the ante 24
Siilviy: posts the ante 24
Siilviy: posts small blind 80
Mahu2021: posts big blind 160
*** HOLE CARDS ***
Dealt to Mahu2021 [Qs 2h]
samuelmalm: folds 
BoDuja0309: folds 
rafa inter: raises 160 to 320
STRAIGHT-GUAP: folds 
minas52: folds 
JamesPucko: folds 
Siilviy: calls 240
Mahu2021: folds 
*** FLOP *** [Qd 7h 8h]
Siilviy: checks 
rafa inter: bets 397
Siilviy: calls 397
*** TURN *** [Qd 7h 8h] [3s]
Siilviy: checks 
rafa inter: bets 1191
Siilviy: calls 1191
*** RIVER *** [Qd 7h 8h 3s] [Ad]
Siilviy: bets 1280
rafa inter: calls 1280
*** SHOW DOWN ***
Siilviy: shows [6h 4d] (high card Ace)
rafa inter: shows [Ks Kc] (a pair of Kings)
rafa inter collected 6728 from pot
*** SUMMARY ***
Total pot 6728 | Rake 0 
Board [Qd 7h 8h 3s Ad]
Seat 1: Mahu2021 (big blind) folded before Flop
Seat 2: samuelmalm folded before Flop (didn't bet)
Seat 3: BoDuja0309 folded before Flop (didn't bet)
Seat 4: rafa inter showed [Ks Kc] and won (6728) with a pair of Kings
Seat 5: STRAIGHT-GUAP folded before Flop (didn't bet)
Seat 6: minas52 folded before Flop (didn't bet)
Seat 7: JamesPucko (button) folded before Flop (didn't bet)
Seat 8: Siilviy (small blind) showed [6h 4d] and lost with high card Ace



PokerStars Hand #245202112586: Tournament #3625279047, $1.44+$1.50+$0.36 USD Hold'em No Limit - Level IX (80/160) - 2023/08/04 20:46:29 CET [2023/08/04 14:46:29 ET]
Table '3625279047 97' 8-max Seat #8 is the button
Seat 1: Mahu2021 (5156 in chips, $1.50 bounty) 
Seat 2: samuelmalm (32138 in chips, $4.87 bounty) 
Seat 3: BoDuja0309 (14835 in chips, $1.50 bounty) 
Seat 4: rafa inter (12852 in chips, $2.62 bounty) 
Seat 5: STRAIGHT-GUAP (24995 in chips, $4.87 bounty) 
Seat 6: minas52 (2837 in chips, $1.50 bounty) 
Seat 7: JamesPucko (6509 in chips, $1.50 bounty) 
Seat 8: Siilviy (4101 in chips, $2.25 bounty) 
Mahu2021: posts the ante 24
samuelmalm: posts the ante 24
BoDuja0309: posts the ante 24
rafa inter: posts the ante 24
STRAIGHT-GUAP: posts the ante 24
minas52: posts the ante 24
JamesPucko: posts the ante 24
Siilviy: posts the ante 24
Mahu2021: posts small blind 80
samuelmalm: posts big blind 160
*** HOLE CARDS ***
Dealt to Mahu2021 [3h 8c]
BoDuja0309: raises 160 to 320
rafa inter: calls 320
STRAIGHT-GUAP: folds 
minas52: folds 
JamesPucko: folds 
Siilviy: raises 480 to 800
Mahu2021: folds 
samuelmalm: folds 
BoDuja0309: calls 480
rafa inter: calls 480
*** FLOP *** [9c 9s Tc]
BoDuja0309: bets 1416
rafa inter: folds 
Siilviy: calls 1416
*** TURN *** [9c 9s Tc] [Kc]
BoDuja0309: checks 
Siilviy: bets 1861 and is all-in
BoDuja0309: calls 1861
*** RIVER *** [9c 9s Tc Kc] [9h]
*** SHOW DOWN ***
BoDuja0309: shows [Jd Ts] (a full house, Nines full of Tens)
Siilviy: shows [Jh Kh] (a full house, Nines full of Kings)
Siilviy collected 9386 from pot
*** SUMMARY ***
Total pot 9386 | Rake 0 
Board [9c 9s Tc Kc 9h]
Seat 1: Mahu2021 (small blind) folded before Flop
Seat 2: samuelmalm (big blind) folded before Flop
Seat 3: BoDuja0309 showed [Jd Ts] and lost with a full house, Nines full of Tens
Seat 4: rafa inter folded on the Flop
Seat 5: STRAIGHT-GUAP folded before Flop (didn't bet)
Seat 6: minas52 folded before Flop (didn't bet)
Seat 7: JamesPucko folded before Flop (didn't bet)
Seat 8: Siilviy (button) showed [Jh Kh] and won (9386) with a full house, Nines full of Kings



PokerStars Hand #245202132549: Tournament #3625279047, $1.44+$1.50+$0.36 USD Hold'em No Limit - Level IX (80/160) - 2023/08/04 20:47:33 CET [2023/08/04 14:47:33 ET]
Table '3625279047 97' 8-max Seat #1 is the button
Seat 1: Mahu2021 (5052 in chips, $1.50 bounty) 
Seat 2: samuelmalm (31954 in chips, $4.87 bounty) 
Seat 3: BoDuja0309 (10734 in chips, $1.50 bounty) 
Seat 4: rafa inter (12028 in chips, $2.62 bounty) 
Seat 5: STRAIGHT-GUAP (24971 in chips, $4.87 bounty) 
Seat 6: minas52 (2813 in chips, $1.50 bounty) 
Seat 7: JamesPucko (6485 in chips, $1.50 bounty) 
Seat 8: Siilviy (9386 in chips, $2.25 bounty) 
Mahu2021: posts the ante 24
samuelmalm: posts the ante 24
BoDuja0309: posts the ante 24
rafa inter: posts the ante 24
STRAIGHT-GUAP: posts the ante 24
minas52: posts the ante 24
JamesPucko: posts the ante 24
Siilviy: posts the ante 24
samuelmalm: posts small blind 80
BoDuja0309: posts big blind 160
*** HOLE CARDS ***
Dealt to Mahu2021 [Jc 4c]
rafa inter: raises 160 to 320
STRAIGHT-GUAP: folds 
minas52: folds 
JamesPucko: folds 
Siilviy: folds 
Mahu2021: calls 320
samuelmalm: calls 240
BoDuja0309: calls 160
*** FLOP *** [Tc 6s Js]
samuelmalm: checks 
BoDuja0309: checks 
rafa inter: bets 589
Mahu2021: calls 589
samuelmalm: calls 589
BoDuja0309: calls 589
*** TURN *** [Tc 6s Js] [9h]
samuelmalm: checks 
BoDuja0309: checks 
rafa inter: checks 
Mahu2021: checks 
*** RIVER *** [Tc 6s Js 9h] [Td]
samuelmalm: checks 
BoDuja0309: checks 
rafa inter: checks 
Mahu2021: bets 4119 and is all-in
samuelmalm: folds 
BoDuja0309: folds 
rafa inter: folds 
Uncalled bet (4119) returned to Mahu2021
Mahu2021 collected 3828 from pot
Mahu2021: doesn't show hand 
*** SUMMARY ***
Total pot 3828 | Rake 0 
Board [Tc 6s Js 9h Td]
Seat 1: Mahu2021 (button) collected (3828)
Seat 2: samuelmalm (small blind) folded on the River
Seat 3: BoDuja0309 (big blind) folded on the River
Seat 4: rafa inter folded on the River
Seat 5: STRAIGHT-GUAP folded before Flop (didn't bet)
Seat 6: minas52 folded before Flop (didn't bet)
Seat 7: JamesPucko folded before Flop (didn't bet)
Seat 8: Siilviy folded before Flop (didn't bet)



PokerStars Hand #245202163948: Tournament #3625279047, $1.44+$1.50+$0.36 USD Hold'em No Limit - Level IX (80/160) - 2023/08/04 20:49:13 CET [2023/08/04 14:49:13 ET]
Table '3625279047 97' 8-max Seat #2 is the button
Seat 1: Mahu2021 (7947 in chips, $1.50 bounty) 
Seat 2: samuelmalm (31021 in chips, $4.87 bounty) 
Seat 3: BoDuja0309 (9801 in chips, $1.50 bounty) 
Seat 4: rafa inter (11095 in chips, $2.62 bounty) 
Seat 5: STRAIGHT-GUAP (24947 in chips, $4.87 bounty) 
Seat 6: minas52 (2789 in chips, $1.50 bounty) 
Seat 7: JamesPucko (6461 in chips, $1.50 bounty) 
Seat 8: Siilviy (9362 in chips, $2.25 bounty) 
Mahu2021: posts the ante 24
samuelmalm: posts the ante 24
BoDuja0309: posts the ante 24
rafa inter: posts the ante 24
STRAIGHT-GUAP: posts the ante 24
minas52: posts the ante 24
JamesPucko: posts the ante 24
Siilviy: posts the ante 24
BoDuja0309: posts small blind 80
rafa inter: posts big blind 160
*** HOLE CARDS ***
Dealt to Mahu2021 [4d 8d]
STRAIGHT-GUAP: folds 
minas52: folds 
JamesPucko: folds 
Siilviy: folds 
Mahu2021: folds 
samuelmalm: folds 
BoDuja0309: folds 
Uncalled bet (80) returned to rafa inter
rafa inter collected 352 from pot
rafa inter: doesn't show hand 
*** SUMMARY ***
Total pot 352 | Rake 0 
Seat 1: Mahu2021 folded before Flop (didn't bet)
Seat 2: samuelmalm (button) folded before Flop (didn't bet)
Seat 3: BoDuja0309 (small blind) folded before Flop
Seat 4: rafa inter (big blind) collected (352)
Seat 5: STRAIGHT-GUAP folded before Flop (didn't bet)
Seat 6: minas52 folded before Flop (didn't bet)
Seat 7: JamesPucko folded before Flop (didn't bet)
Seat 8: Siilviy folded before Flop (didn't bet)



PokerStars Hand #245202178934: Tournament #3625279047, $1.44+$1.50+$0.36 USD Hold'em No Limit - Level IX (80/160) - 2023/08/04 20:50:01 CET [2023/08/04 14:50:01 ET]
Table '3625279047 97' 8-max Seat #3 is the button
Seat 1: Mahu2021 (7923 in chips, $1.50 bounty) 
Seat 2: samuelmalm (30997 in chips, $4.87 bounty) 
Seat 3: BoDuja0309 (9697 in chips, $1.50 bounty) 
Seat 4: rafa inter (11343 in chips, $2.62 bounty) 
Seat 5: STRAIGHT-GUAP (24923 in chips, $4.87 bounty) 
Seat 6: minas52 (2765 in chips, $1.50 bounty) 
Seat 7: JamesPucko (6437 in chips, $1.50 bounty) 
Seat 8: Siilviy (9338 in chips, $2.25 bounty) 
Mahu2021: posts the ante 24
samuelmalm: posts the ante 24
BoDuja0309: posts the ante 24
rafa inter: posts the ante 24
STRAIGHT-GUAP: posts the ante 24
minas52: posts the ante 24
JamesPucko: posts the ante 24
Siilviy: posts the ante 24
rafa inter: posts small blind 80
STRAIGHT-GUAP: posts big blind 160
*** HOLE CARDS ***
Dealt to Mahu2021 [6h 5c]
minas52: folds 
JamesPucko: folds 
Siilviy: folds 
Mahu2021: folds 
samuelmalm: folds 
BoDuja0309: raises 160 to 320
rafa inter: raises 960 to 1280
STRAIGHT-GUAP: folds 
BoDuja0309: folds 
Uncalled bet (960) returned to rafa inter
rafa inter collected 992 from pot
rafa inter: doesn't show hand 
*** SUMMARY ***
Total pot 992 | Rake 0 
Seat 1: Mahu2021 folded before Flop (didn't bet)
Seat 2: samuelmalm folded before Flop (didn't bet)
Seat 3: BoDuja0309 (button) folded before Flop
Seat 4: rafa inter (small blind) collected (992)
Seat 5: STRAIGHT-GUAP (big blind) folded before Flop
Seat 6: minas52 folded before Flop (didn't bet)
Seat 7: JamesPucko folded before Flop (didn't bet)
Seat 8: Siilviy folded before Flop (didn't bet)



PokerStars Hand #245202191085: Tournament #3625279047, $1.44+$1.50+$0.36 USD Hold'em No Limit - Level IX (80/160) - 2023/08/04 20:50:40 CET [2023/08/04 14:50:40 ET]
Table '3625279047 97' 8-max Seat #4 is the button
Seat 1: Mahu2021 (7899 in chips, $1.50 bounty) 
Seat 2: samuelmalm (30973 in chips, $4.87 bounty) 
Seat 3: BoDuja0309 (9353 in chips, $1.50 bounty) 
Seat 4: rafa inter (11991 in chips, $2.62 bounty) 
Seat 5: STRAIGHT-GUAP (24739 in chips, $4.87 bounty) 
Seat 6: minas52 (2741 in chips, $1.50 bounty) 
Seat 7: JamesPucko (6413 in chips, $1.50 bounty) 
Seat 8: Siilviy (9314 in chips, $2.25 bounty) 
Mahu2021: posts the ante 24
samuelmalm: posts the ante 24
BoDuja0309: posts the ante 24
rafa inter: posts the ante 24
STRAIGHT-GUAP: posts the ante 24
minas52: posts the ante 24
JamesPucko: posts the ante 24
Siilviy: posts the ante 24
STRAIGHT-GUAP: posts small blind 80
minas52: posts big blind 160
*** HOLE CARDS ***
Dealt to Mahu2021 [Jc 6c]
JamesPucko: folds 
Siilviy: folds 
Mahu2021: folds 
samuelmalm: folds 
BoDuja0309: folds 
rafa inter: folds 
STRAIGHT-GUAP: folds 
Uncalled bet (80) returned to minas52
minas52 collected 352 from pot
minas52: doesn't show hand 
*** SUMMARY ***
Total pot 352 | Rake 0 
Seat 1: Mahu2021 folded before Flop (didn't bet)
Seat 2: samuelmalm folded before Flop (didn't bet)
Seat 3: BoDuja0309 folded before Flop (didn't bet)
Seat 4: rafa inter (button) folded before Flop (didn't bet)
Seat 5: STRAIGHT-GUAP (small blind) folded before Flop
Seat 6: minas52 (big blind) collected (352)
Seat 7: JamesPucko folded before Flop (didn't bet)
Seat 8: Siilviy folded before Flop (didn't bet)



PokerStars Hand #245202201006: Tournament #3625279047, $1.44+$1.50+$0.36 USD Hold'em No Limit - Level X (90/180) - 2023/08/04 20:51:12 CET [2023/08/04 14:51:12 ET]
Table '3625279047 97' 8-max Seat #5 is the button
Seat 1: Mahu2021 (7875 in chips, $1.50 bounty) 
Seat 2: samuelmalm (30949 in chips, $4.87 bounty) 
Seat 3: BoDuja0309 (9329 in chips, $1.50 bounty) 
Seat 4: rafa inter (11967 in chips, $2.62 bounty) 
Seat 5: STRAIGHT-GUAP (24635 in chips, $4.87 bounty) 
Seat 6: minas52 (2989 in chips, $1.50 bounty) 
Seat 7: JamesPucko (6389 in chips, $1.50 bounty) 
Seat 8: Siilviy (9290 in chips, $2.25 bounty) 
Mahu2021: posts the ante 27
samuelmalm: posts the ante 27
BoDuja0309: posts the ante 27
rafa inter: posts the ante 27
STRAIGHT-GUAP: posts the ante 27
minas52: posts the ante 27
JamesPucko: posts the ante 27
Siilviy: posts the ante 27
minas52: posts small blind 90
JamesPucko: posts big blind 180
*** HOLE CARDS ***
Dealt to Mahu2021 [7c 4d]
Siilviy: folds 
Mahu2021: folds 
samuelmalm: folds 
BoDuja0309: folds 
rafa inter: folds 
STRAIGHT-GUAP: folds 
minas52: calls 90
JamesPucko: checks 
*** FLOP *** [Ac 3d 5h]
minas52: checks 
JamesPucko: checks 
*** TURN *** [Ac 3d 5h] [6c]
minas52: checks 
JamesPucko: bets 360
minas52: calls 360
*** RIVER *** [Ac 3d 5h 6c] [Td]
minas52: checks 
JamesPucko: checks 
*** SHOW DOWN ***
minas52: shows [4h Jh] (high card Ace)
JamesPucko: shows [Js 6s] (a pair of Sixes)
JamesPucko collected 1296 from pot
*** SUMMARY ***
Total pot 1296 | Rake 0 
Board [Ac 3d 5h 6c Td]
Seat 1: Mahu2021 folded before Flop (didn't bet)
Seat 2: samuelmalm folded before Flop (didn't bet)
Seat 3: BoDuja0309 folded before Flop (didn't bet)
Seat 4: rafa inter folded before Flop (didn't bet)
Seat 5: STRAIGHT-GUAP (button) folded before Flop (didn't bet)
Seat 6: minas52 (small blind) showed [4h Jh] and lost with high card Ace
Seat 7: JamesPucko (big blind) showed [Js 6s] and won (1296) with a pair of Sixes
Seat 8: Siilviy folded before Flop (didn't bet)



PokerStars Hand #245202216951: Tournament #3625279047, $1.44+$1.50+$0.36 USD Hold'em No Limit - Level X (90/180) - 2023/08/04 20:52:02 CET [2023/08/04 14:52:02 ET]
Table '3625279047 97' 8-max Seat #6 is the button
Seat 1: Mahu2021 (7848 in chips, $1.50 bounty) 
Seat 2: samuelmalm (30922 in chips, $4.87 bounty) 
Seat 3: BoDuja0309 (9302 in chips, $1.50 bounty) 
Seat 4: rafa inter (11940 in chips, $2.62 bounty) 
Seat 5: STRAIGHT-GUAP (24608 in chips, $4.87 bounty) 
Seat 6: minas52 (2422 in chips, $1.50 bounty) 
Seat 7: JamesPucko (7118 in chips, $1.50 bounty) 
Seat 8: Siilviy (9263 in chips, $2.25 bounty) 
Mahu2021: posts the ante 27
samuelmalm: posts the ante 27
BoDuja0309: posts the ante 27
rafa inter: posts the ante 27
STRAIGHT-GUAP: posts the ante 27
minas52: posts the ante 27
JamesPucko: posts the ante 27
Siilviy: posts the ante 27
JamesPucko: posts small blind 90
Siilviy: posts big blind 180
*** HOLE CARDS ***
Dealt to Mahu2021 [Jd Jc]
Mahu2021: raises 180 to 360
samuelmalm: folds 
BoDuja0309: folds 
rafa inter: calls 360
STRAIGHT-GUAP: calls 360
minas52: folds 
JamesPucko: folds 
Siilviy: folds 
*** FLOP *** [Js 9c 5c]
Mahu2021: checks 
rafa inter: bets 626
STRAIGHT-GUAP: folds 
Mahu2021: raises 626 to 1252
rafa inter: calls 626
*** TURN *** [Js 9c 5c] [3s]
Mahu2021: checks 
rafa inter: checks 
*** RIVER *** [Js 9c 5c 3s] [Kc]
Mahu2021: bets 4070
rafa inter: folds 
Uncalled bet (4070) returned to Mahu2021
Mahu2021 collected 4070 from pot
Mahu2021: doesn't show hand 
*** SUMMARY ***
Total pot 4070 | Rake 0 
Board [Js 9c 5c 3s Kc]
Seat 1: Mahu2021 collected (4070)
Seat 2: samuelmalm folded before Flop (didn't bet)
Seat 3: BoDuja0309 folded before Flop (didn't bet)
Seat 4: rafa inter folded on the River
Seat 5: STRAIGHT-GUAP folded on the Flop
Seat 6: minas52 (button) folded before Flop (didn't bet)
Seat 7: JamesPucko (small blind) folded before Flop
Seat 8: Siilviy (big blind) folded before Flop



PokerStars Hand #245202235239: Tournament #3625279047, $1.44+$1.50+$0.36 USD Hold'em No Limit - Level X (90/180) - 2023/08/04 20:53:01 CET [2023/08/04 14:53:01 ET]
Table '3625279047 97' 8-max Seat #7 is the button
Seat 1: Mahu2021 (10279 in chips, $1.50 bounty) 
Seat 2: samuelmalm (30895 in chips, $4.87 bounty) 
Seat 3: BoDuja0309 (9275 in chips, $1.50 bounty) 
Seat 4: rafa inter (10301 in chips, $2.62 bounty) 
Seat 5: STRAIGHT-GUAP (24221 in chips, $4.87 bounty) 
Seat 6: minas52 (2395 in chips, $1.50 bounty) 
Seat 7: JamesPucko (7001 in chips, $1.50 bounty) 
Seat 8: Siilviy (9056 in chips, $2.25 bounty) 
Mahu2021: posts the ante 27
samuelmalm: posts the ante 27
BoDuja0309: posts the ante 27
rafa inter: posts the ante 27
STRAIGHT-GUAP: posts the ante 27
minas52: posts the ante 27
JamesPucko: posts the ante 27
Siilviy: posts the ante 27
Siilviy: posts small blind 90
Mahu2021: posts big blind 180
*** HOLE CARDS ***
Dealt to Mahu2021 [5s Th]
samuelmalm: folds 
BoDuja0309: folds 
rafa inter: folds 
STRAIGHT-GUAP: folds 
minas52: folds 
JamesPucko: raises 270 to 450
Siilviy: calls 360
Mahu2021: folds 
*** FLOP *** [Jc Qc Tc]
Siilviy: checks 
JamesPucko: bets 648
Siilviy: calls 648
*** TURN *** [Jc Qc Tc] [7s]
Siilviy: bets 900
JamesPucko: raises 2635 to 3535
Siilviy: calls 2635
*** RIVER *** [Jc Qc Tc 7s] [8c]
Siilviy: checks 
JamesPucko: checks 
*** SHOW DOWN ***
Siilviy: shows [4c Kc] (a flush, King high)
JamesPucko: mucks hand 
Siilviy collected 9662 from pot
*** SUMMARY ***
Total pot 9662 | Rake 0 
Board [Jc Qc Tc 7s 8c]
Seat 1: Mahu2021 (big blind) folded before Flop
Seat 2: samuelmalm folded before Flop (didn't bet)
Seat 3: BoDuja0309 folded before Flop (didn't bet)
Seat 4: rafa inter folded before Flop (didn't bet)
Seat 5: STRAIGHT-GUAP folded before Flop (didn't bet)
Seat 6: minas52 folded before Flop (didn't bet)
Seat 7: JamesPucko (button) mucked [Kh Jh]
Seat 8: Siilviy (small blind) showed [4c Kc] and won (9662) with a flush, King high



PokerStars Hand #245202255214: Tournament #3625279047, $1.44+$1.50+$0.36 USD Hold'em No Limit - Level X (90/180) - 2023/08/04 20:54:04 CET [2023/08/04 14:54:04 ET]
Table '3625279047 97' 8-max Seat #8 is the button
Seat 1: Mahu2021 (10072 in chips, $1.50 bounty) 
Seat 2: samuelmalm (30868 in chips, $4.87 bounty) 
Seat 3: BoDuja0309 (9248 in chips, $1.50 bounty) 
Seat 4: rafa inter (10274 in chips, $2.62 bounty) 
Seat 5: STRAIGHT-GUAP (24194 in chips, $4.87 bounty) 
Seat 6: minas52 (2368 in chips, $1.50 bounty) 
Seat 7: JamesPucko (2341 in chips, $1.50 bounty) 
Seat 8: Siilviy (14058 in chips, $2.25 bounty) 
Mahu2021: posts the ante 27
samuelmalm: posts the ante 27
BoDuja0309: posts the ante 27
rafa inter: posts the ante 27
STRAIGHT-GUAP: posts the ante 27
minas52: posts the ante 27
JamesPucko: posts the ante 27
Siilviy: posts the ante 27
Mahu2021: posts small blind 90
samuelmalm: posts big blind 180
*** HOLE CARDS ***
Dealt to Mahu2021 [6c Tc]
BoDuja0309: folds 
rafa inter: folds 
STRAIGHT-GUAP: folds 
minas52: raises 180 to 360
JamesPucko: folds 
Siilviy: calls 360
Mahu2021: folds 
samuelmalm: calls 180
*** FLOP *** [9h Js 6d]
samuelmalm: checks 
minas52: checks 
Siilviy: checks 
*** TURN *** [9h Js 6d] [7s]
samuelmalm: checks 
minas52: checks 
Siilviy: checks 
*** RIVER *** [9h Js 6d 7s] [Ks]
samuelmalm: checks 
minas52: checks 
Siilviy: bets 1260
samuelmalm: folds 
minas52: folds 
Uncalled bet (1260) returned to Siilviy
Siilviy collected 1386 from pot
Siilviy: doesn't show hand 
*** SUMMARY ***
Total pot 1386 | Rake 0 
Board [9h Js 6d 7s Ks]
Seat 1: Mahu2021 (small blind) folded before Flop
Seat 2: samuelmalm (big blind) folded on the River
Seat 3: BoDuja0309 folded before Flop (didn't bet)
Seat 4: rafa inter folded before Flop (didn't bet)
Seat 5: STRAIGHT-GUAP folded before Flop (didn't bet)
Seat 6: minas52 folded on the River
Seat 7: JamesPucko folded before Flop (didn't bet)
Seat 8: Siilviy (button) collected (1386)



PokerStars Hand #245202387662: Tournament #3625279047, $1.44+$1.50+$0.36 USD Hold'em No Limit - Level X (90/180) - 2023/08/04 21:02:40 CET [2023/08/04 15:02:40 ET]
Table '3625279047 97' 8-max Seat #1 is the button
Seat 1: Mahu2021 (9955 in chips, $1.50 bounty) 
Seat 2: samuelmalm (30481 in chips, $4.87 bounty) 
Seat 3: BoDuja0309 (9221 in chips, $1.50 bounty) 
Seat 4: rafa inter (10247 in chips, $2.62 bounty) 
Seat 5: STRAIGHT-GUAP (24167 in chips, $4.87 bounty) 
Seat 6: minas52 (1981 in chips, $1.50 bounty) 
Seat 7: JamesPucko (2314 in chips, $1.50 bounty) 
Seat 8: Siilviy (15057 in chips, $2.25 bounty) 
Mahu2021: posts the ante 27
samuelmalm: posts the ante 27
BoDuja0309: posts the ante 27
rafa inter: posts the ante 27
STRAIGHT-GUAP: posts the ante 27
minas52: posts the ante 27
JamesPucko: posts the ante 27
Siilviy: posts the ante 27
samuelmalm: posts small blind 90
BoDuja0309: posts big blind 180
*** HOLE CARDS ***
Dealt to Mahu2021 [5d Ad]
rafa inter: folds 
STRAIGHT-GUAP: folds 
minas52: folds 
JamesPucko: folds 
Siilviy: raises 180 to 360
Mahu2021: calls 360
samuelmalm: folds 
BoDuja0309: folds 
*** FLOP *** [Qs Jh 5h]
Siilviy: checks 
Mahu2021: checks 
*** TURN *** [Qs Jh 5h] [3c]
Siilviy: checks 
Mahu2021: bets 360
Siilviy: calls 360
*** RIVER *** [Qs Jh 5h 3c] [Ac]
Siilviy: checks 
Mahu2021: bets 1926
Siilviy: calls 1926
*** SHOW DOWN ***
Mahu2021: shows [5d Ad] (two pair, Aces and Fives)
Siilviy: mucks hand 
Mahu2021 collected 5778 from pot
*** SUMMARY ***
Total pot 5778 | Rake 0 
Board [Qs Jh 5h 3c Ac]
Seat 1: Mahu2021 (button) showed [5d Ad] and won (5778) with two pair, Aces and Fives
Seat 2: samuelmalm (small blind) folded before Flop
Seat 3: BoDuja0309 (big blind) folded before Flop
Seat 4: rafa inter folded before Flop (didn't bet)
Seat 5: STRAIGHT-GUAP folded before Flop (didn't bet)
Seat 6: minas52 folded before Flop (didn't bet)
Seat 7: JamesPucko folded before Flop (didn't bet)
Seat 8: Siilviy mucked [As 7d]



PokerStars Hand #245202408199: Tournament #3625279047, $1.44+$1.50+$0.36 USD Hold'em No Limit - Level X (90/180) - 2023/08/04 21:03:44 CET [2023/08/04 15:03:44 ET]
Table '3625279047 97' 8-max Seat #2 is the button
Seat 1: Mahu2021 (13060 in chips, $1.50 bounty) 
Seat 2: samuelmalm (30364 in chips, $4.87 bounty) 
Seat 3: BoDuja0309 (9014 in chips, $1.50 bounty) 
Seat 4: rafa inter (10220 in chips, $2.62 bounty) 
Seat 5: STRAIGHT-GUAP (24140 in chips, $4.87 bounty) 
Seat 6: minas52 (1954 in chips, $1.50 bounty) 
Seat 7: JamesPucko (2287 in chips, $1.50 bounty) 
Seat 8: Siilviy (12384 in chips, $2.25 bounty) 
Mahu2021: posts the ante 27
samuelmalm: posts the ante 27
BoDuja0309: posts the ante 27
rafa inter: posts the ante 27
STRAIGHT-GUAP: posts the ante 27
minas52: posts the ante 27
JamesPucko: posts the ante 27
Siilviy: posts the ante 27
BoDuja0309: posts small blind 90
rafa inter: posts big blind 180
*** HOLE CARDS ***
Dealt to Mahu2021 [3s Kd]
STRAIGHT-GUAP: folds 
minas52: folds 
JamesPucko: folds 
Siilviy: raises 180 to 360
Mahu2021: folds 
samuelmalm: folds 
BoDuja0309: calls 270
rafa inter: calls 180
*** FLOP *** [9d Td 3d]
BoDuja0309: bets 648
rafa inter: folds 
Siilviy: raises 11349 to 11997 and is all-in
BoDuja0309: calls 7979 and is all-in
Uncalled bet (3370) returned to Siilviy
*** TURN *** [9d Td 3d] [9c]
*** RIVER *** [9d Td 3d 9c] [7s]
*** SHOW DOWN ***
BoDuja0309: shows [Qd Ts] (two pair, Tens and Nines)
Siilviy: shows [Th Qs] (two pair, Tens and Nines)
BoDuja0309 collected 9275 from pot
Siilviy collected 9275 from pot
*** SUMMARY ***
Total pot 18550 | Rake 0 
Board [9d Td 3d 9c 7s]
Seat 1: Mahu2021 folded before Flop (didn't bet)
Seat 2: samuelmalm (button) folded before Flop (didn't bet)
Seat 3: BoDuja0309 (small blind) showed [Qd Ts] and won (9275) with two pair, Tens and Nines
Seat 4: rafa inter (big blind) folded on the Flop
Seat 5: STRAIGHT-GUAP folded before Flop (didn't bet)
Seat 6: minas52 folded before Flop (didn't bet)
Seat 7: JamesPucko folded before Flop (didn't bet)
Seat 8: Siilviy showed [Th Qs] and won (9275) with two pair, Tens and Nines



PokerStars Hand #245202427188: Tournament #3625279047, $1.44+$1.50+$0.36 USD Hold'em No Limit - Level X (90/180) - 2023/08/04 21:04:44 CET [2023/08/04 15:04:44 ET]
Table '3625279047 97' 8-max Seat #3 is the button
Seat 1: Mahu2021 (13033 in chips, $1.50 bounty) 
Seat 2: samuelmalm (30337 in chips, $4.87 bounty) 
Seat 3: BoDuja0309 (9275 in chips, $1.50 bounty) 
Seat 4: rafa inter (9833 in chips, $2.62 bounty) 
Seat 5: STRAIGHT-GUAP (24113 in chips, $4.87 bounty) 
Seat 6: minas52 (1927 in chips, $1.50 bounty) 
Seat 7: JamesPucko (2260 in chips, $1.50 bounty) 
Seat 8: Siilviy (12645 in chips, $2.25 bounty) 
Mahu2021: posts the ante 27
samuelmalm: posts the ante 27
BoDuja0309: posts the ante 27
rafa inter: posts the ante 27
STRAIGHT-GUAP: posts the ante 27
minas52: posts the ante 27
JamesPucko: posts the ante 27
Siilviy: posts the ante 27
rafa inter: posts small blind 90
STRAIGHT-GUAP: posts big blind 180
*** HOLE CARDS ***
Dealt to Mahu2021 [Jh Kc]
minas52: folds 
JamesPucko: folds 
Siilviy: folds 
Mahu2021: folds 
samuelmalm: folds 
BoDuja0309: folds 
rafa inter: calls 90
STRAIGHT-GUAP: checks 
*** FLOP *** [3s As 7c]
rafa inter: bets 180
STRAIGHT-GUAP: calls 180
*** TURN *** [3s As 7c] [9d]
rafa inter: bets 468
STRAIGHT-GUAP: folds 
Uncalled bet (468) returned to rafa inter
rafa inter collected 936 from pot
rafa inter: doesn't show hand 
*** SUMMARY ***
Total pot 936 | Rake 0 
Board [3s As 7c 9d]
Seat 1: Mahu2021 folded before Flop (didn't bet)
Seat 2: samuelmalm folded before Flop (didn't bet)
Seat 3: BoDuja0309 (button) folded before Flop (didn't bet)
Seat 4: rafa inter (small blind) collected (936)
Seat 5: STRAIGHT-GUAP (big blind) folded on the Turn
Seat 6: minas52 folded before Flop (didn't bet)
Seat 7: JamesPucko folded before Flop (didn't bet)
Seat 8: Siilviy folded before Flop (didn't bet)



PokerStars Hand #245202441767: Tournament #3625279047, $1.44+$1.50+$0.36 USD Hold'em No Limit - Level X (90/180) - 2023/08/04 21:05:29 CET [2023/08/04 15:05:29 ET]
Table '3625279047 97' 8-max Seat #4 is the button
Seat 1: Mahu2021 (13006 in chips, $1.50 bounty) 
Seat 2: samuelmalm (30310 in chips, $4.87 bounty) 
Seat 3: BoDuja0309 (9248 in chips, $1.50 bounty) 
Seat 4: rafa inter (10382 in chips, $2.62 bounty) 
Seat 5: STRAIGHT-GUAP (23726 in chips, $4.87 bounty) 
Seat 6: minas52 (1900 in chips, $1.50 bounty) 
Seat 7: JamesPucko (2233 in chips, $1.50 bounty) 
Seat 8: Siilviy (12618 in chips, $2.25 bounty) 
Mahu2021: posts the ante 27
samuelmalm: posts the ante 27
BoDuja0309: posts the ante 27
rafa inter: posts the ante 27
STRAIGHT-GUAP: posts the ante 27
minas52: posts the ante 27
JamesPucko: posts the ante 27
Siilviy: posts the ante 27
STRAIGHT-GUAP: posts small blind 90
minas52: posts big blind 180
*** HOLE CARDS ***
Dealt to Mahu2021 [9c 3d]
JamesPucko: folds 
Siilviy: folds 
Mahu2021: folds 
samuelmalm: folds 
BoDuja0309: raises 180 to 360
rafa inter: folds 
STRAIGHT-GUAP: folds 
minas52: calls 180
*** FLOP *** [Jd 3c 5d]
minas52: checks 
BoDuja0309: bets 513
minas52: folds 
Uncalled bet (513) returned to BoDuja0309
BoDuja0309 collected 1026 from pot
BoDuja0309: doesn't show hand 
*** SUMMARY ***
Total pot 1026 | Rake 0 
Board [Jd 3c 5d]
Seat 1: Mahu2021 folded before Flop (didn't bet)
Seat 2: samuelmalm folded before Flop (didn't bet)
Seat 3: BoDuja0309 collected (1026)
Seat 4: rafa inter (button) folded before Flop (didn't bet)
Seat 5: STRAIGHT-GUAP (small blind) folded before Flop
Seat 6: minas52 (big blind) folded on the Flop
Seat 7: JamesPucko folded before Flop (didn't bet)
Seat 8: Siilviy folded before Flop (didn't bet)



PokerStars Hand #245202453844: Tournament #3625279047, $1.44+$1.50+$0.36 USD Hold'em No Limit - Level X (90/180) - 2023/08/04 21:06:05 CET [2023/08/04 15:06:05 ET]
Table '3625279047 97' 8-max Seat #5 is the button
Seat 1: Mahu2021 (12979 in chips, $1.50 bounty) 
Seat 2: samuelmalm (30283 in chips, $4.87 bounty) 
Seat 3: BoDuja0309 (9887 in chips, $1.50 bounty) 
Seat 4: rafa inter (10355 in chips, $2.62 bounty) 
Seat 5: STRAIGHT-GUAP (23609 in chips, $4.87 bounty) 
Seat 6: minas52 (1513 in chips, $1.50 bounty) 
Seat 7: JamesPucko (2206 in chips, $1.50 bounty) 
Seat 8: Siilviy (12591 in chips, $2.25 bounty) 
Mahu2021: posts the ante 27
samuelmalm: posts the ante 27
BoDuja0309: posts the ante 27
rafa inter: posts the ante 27
STRAIGHT-GUAP: posts the ante 27
minas52: posts the ante 27
JamesPucko: posts the ante 27
Siilviy: posts the ante 27
minas52: posts small blind 90
JamesPucko: posts big blind 180
*** HOLE CARDS ***
Dealt to Mahu2021 [5d 8s]
Siilviy: calls 180
Mahu2021: folds 
samuelmalm: folds 
BoDuja0309: folds 
rafa inter: folds 
STRAIGHT-GUAP: folds 
minas52: raises 1306 to 1486 and is all-in
JamesPucko: raises 693 to 2179 and is all-in
Siilviy: calls 1999
*** FLOP *** [Jh 5h Th]
*** TURN *** [Jh 5h Th] [6c]
*** RIVER *** [Jh 5h Th 6c] [Qh]
*** SHOW DOWN ***
JamesPucko: shows [As 7c] (high card Ace)
Siilviy: shows [Qd Kd] (a pair of Queens)
Siilviy collected 1386 from side pot
minas52: shows [2s Ac] (high card Ace)
Siilviy collected 4674 from main pot
Siilviy wins $0.75 for eliminating minas52 and their own bounty increases by $0.75 to $3
Siilviy wins $0.75 for eliminating JamesPucko and their own bounty increases by $0.75 to $3.75
JamesPucko finished the tournament
minas52 finished the tournament
*** SUMMARY ***
Total pot 6060 Main pot 4674. Side pot 1386. | Rake 0 
Board [Jh 5h Th 6c Qh]
Seat 1: Mahu2021 folded before Flop (didn't bet)
Seat 2: samuelmalm folded before Flop (didn't bet)
Seat 3: BoDuja0309 folded before Flop (didn't bet)
Seat 4: rafa inter folded before Flop (didn't bet)
Seat 5: STRAIGHT-GUAP (button) folded before Flop (didn't bet)
Seat 6: minas52 (small blind) showed [2s Ac] and lost with high card Ace
Seat 7: JamesPucko (big blind) showed [As 7c] and lost with high card Ace
Seat 8: Siilviy showed [Qd Kd] and won (6060) with a pair of Queens



PokerStars Hand #245202469130: Tournament #3625279047, $1.44+$1.50+$0.36 USD Hold'em No Limit - Level XI (100/200) - 2023/08/04 21:06:51 CET [2023/08/04 15:06:51 ET]
Table '3625279047 97' 8-max Seat #8 is the button
Seat 1: Mahu2021 (12952 in chips, $1.50 bounty) 
Seat 2: samuelmalm (30256 in chips, $4.87 bounty) 
Seat 3: BoDuja0309 (9860 in chips, $1.50 bounty) 
Seat 4: rafa inter (10328 in chips, $2.62 bounty) 
Seat 5: STRAIGHT-GUAP (23582 in chips, $4.87 bounty) 
Seat 6: gustavofreitas9 (5000 in chips, $1.50 bounty) 
Seat 8: Siilviy (16445 in chips, $3.75 bounty) 
Mahu2021: posts the ante 30
samuelmalm: posts the ante 30
BoDuja0309: posts the ante 30
rafa inter: posts the ante 30
STRAIGHT-GUAP: posts the ante 30
gustavofreitas9: posts the ante 30
Siilviy: posts the ante 30
Mahu2021: posts small blind 100
samuelmalm: posts big blind 200
*** HOLE CARDS ***
Dealt to Mahu2021 [Jh Jc]
BoDuja0309: raises 200 to 400
rafa inter: calls 400
STRAIGHT-GUAP: calls 400
gustavofreitas9: calls 400
Siilviy: folds 
Mahu2021: calls 300
samuelmalm: calls 200
*** FLOP *** [Jd Tc Ad]
Mahu2021: bets 600
samuelmalm: folds 
BoDuja0309: calls 600
rafa inter: folds 
STRAIGHT-GUAP: folds 
gustavofreitas9: calls 600
*** TURN *** [Jd Tc Ad] [4s]
Mahu2021: bets 600
BoDuja0309: calls 600
gustavofreitas9: calls 600
*** RIVER *** [Jd Tc Ad 4s] [Qc]
Mahu2021: checks 
BoDuja0309: bets 3400
gustavofreitas9: folds 
Mahu2021: folds 
Uncalled bet (3400) returned to BoDuja0309
BoDuja0309 collected 6210 from pot
BoDuja0309: doesn't show hand 
*** SUMMARY ***
Total pot 6210 | Rake 0 
Board [Jd Tc Ad 4s Qc]
Seat 1: Mahu2021 (small blind) folded on the River
Seat 2: samuelmalm (big blind) folded on the Flop
Seat 3: BoDuja0309 collected (6210)
Seat 4: rafa inter folded on the Flop
Seat 5: STRAIGHT-GUAP folded on the Flop
Seat 6: gustavofreitas9 folded on the River
Seat 8: Siilviy (button) folded before Flop (didn't bet)



PokerStars Hand #245202495943: Tournament #3625279047, $1.44+$1.50+$0.36 USD Hold'em No Limit - Level XI (100/200) - 2023/08/04 21:08:13 CET [2023/08/04 15:08:13 ET]
Table '3625279047 97' 8-max Seat #1 is the button
Seat 1: Mahu2021 (11322 in chips, $1.50 bounty) 
Seat 2: samuelmalm (29826 in chips, $4.87 bounty) 
Seat 3: BoDuja0309 (14440 in chips, $1.50 bounty) 
Seat 4: rafa inter (9898 in chips, $2.62 bounty) 
Seat 5: STRAIGHT-GUAP (23152 in chips, $4.87 bounty) 
Seat 6: gustavofreitas9 (3370 in chips, $1.50 bounty) 
Seat 7: walnut83 (15029 in chips, $2.62 bounty) 
Seat 8: Siilviy (16415 in chips, $3.75 bounty) 
Mahu2021: posts the ante 30
samuelmalm: posts the ante 30
BoDuja0309: posts the ante 30
rafa inter: posts the ante 30
STRAIGHT-GUAP: posts the ante 30
gustavofreitas9: posts the ante 30
walnut83: posts the ante 30
Siilviy: posts the ante 30
samuelmalm: posts small blind 100
BoDuja0309: posts big blind 200
*** HOLE CARDS ***
Dealt to Mahu2021 [Tc 3d]
rafa inter: folds 
STRAIGHT-GUAP: raises 322 to 522
gustavofreitas9: folds 
walnut83: calls 522
Siilviy: folds 
Mahu2021: folds 
samuelmalm: calls 422
BoDuja0309: folds 
*** FLOP *** [7d 2c Jc]
samuelmalm: checks 
STRAIGHT-GUAP: checks 
walnut83: checks 
*** TURN *** [7d 2c Jc] [7c]
samuelmalm: checks 
STRAIGHT-GUAP: checks 
walnut83: checks 
*** RIVER *** [7d 2c Jc 7c] [As]
samuelmalm: checks 
STRAIGHT-GUAP: checks 
walnut83: checks 
*** SHOW DOWN ***
samuelmalm: shows [Jh Jd] (a full house, Jacks full of Sevens)
STRAIGHT-GUAP: mucks hand 
walnut83: mucks hand 
samuelmalm collected 2006 from pot
*** SUMMARY ***
Total pot 2006 | Rake 0 
Board [7d 2c Jc 7c As]
Seat 1: Mahu2021 (button) folded before Flop (didn't bet)
Seat 2: samuelmalm (small blind) showed [Jh Jd] and won (2006) with a full house, Jacks full of Sevens
Seat 3: BoDuja0309 (big blind) folded before Flop
Seat 4: rafa inter folded before Flop (didn't bet)
Seat 5: STRAIGHT-GUAP mucked [Kc Qs]
Seat 6: gustavofreitas9 folded before Flop (didn't bet)
Seat 7: walnut83 mucked [Kd 9d]
Seat 8: Siilviy folded before Flop (didn't bet)



PokerStars Hand #245202518904: Tournament #3625279047, $1.44+$1.50+$0.36 USD Hold'em No Limit - Level XI (100/200) - 2023/08/04 21:09:22 CET [2023/08/04 15:09:22 ET]
Table '3625279047 97' 8-max Seat #2 is the button
Seat 1: Mahu2021 (11292 in chips, $1.50 bounty) 
Seat 2: samuelmalm (31280 in chips, $4.87 bounty) 
Seat 3: BoDuja0309 (14210 in chips, $1.50 bounty) 
Seat 4: rafa inter (9868 in chips, $2.62 bounty) 
Seat 5: STRAIGHT-GUAP (22600 in chips, $4.87 bounty) 
Seat 6: gustavofreitas9 (3340 in chips, $1.50 bounty) 
Seat 7: walnut83 (14477 in chips, $2.62 bounty) 
Seat 8: Siilviy (16385 in chips, $3.75 bounty) 
Mahu2021: posts the ante 30
samuelmalm: posts the ante 30
BoDuja0309: posts the ante 30
rafa inter: posts the ante 30
STRAIGHT-GUAP: posts the ante 30
gustavofreitas9: posts the ante 30
walnut83: posts the ante 30
Siilviy: posts the ante 30
BoDuja0309: posts small blind 100
rafa inter: posts big blind 200
*** HOLE CARDS ***
Dealt to Mahu2021 [As 2d]
STRAIGHT-GUAP: folds 
gustavofreitas9: calls 200
walnut83: folds 
Siilviy: folds 
Mahu2021: folds 
samuelmalm: calls 200
BoDuja0309: folds 
rafa inter: checks 
*** FLOP *** [6h 7d Ts]
rafa inter: checks 
gustavofreitas9: checks 
samuelmalm: checks 
*** TURN *** [6h 7d Ts] [4d]
rafa inter: bets 376
gustavofreitas9: calls 376
samuelmalm: raises 1034 to 1410
rafa inter: folds 
gustavofreitas9: calls 1034
*** RIVER *** [6h 7d Ts 4d] [9s]
gustavofreitas9: checks 
samuelmalm: bets 2068
gustavofreitas9: folds [4c]
Uncalled bet (2068) returned to samuelmalm
samuelmalm collected 4136 from pot
*** SUMMARY ***
Total pot 4136 | Rake 0 
Board [6h 7d Ts 4d 9s]
Seat 1: Mahu2021 folded before Flop (didn't bet)
Seat 2: samuelmalm (button) collected (4136)
Seat 3: BoDuja0309 (small blind) folded before Flop
Seat 4: rafa inter (big blind) folded on the Turn
Seat 5: STRAIGHT-GUAP folded before Flop (didn't bet)
Seat 6: gustavofreitas9 folded on the River
Seat 7: walnut83 folded before Flop (didn't bet)
Seat 8: Siilviy folded before Flop (didn't bet)



PokerStars Hand #245202545084: Tournament #3625279047, $1.44+$1.50+$0.36 USD Hold'em No Limit - Level XI (100/200) - 2023/08/04 21:10:41 CET [2023/08/04 15:10:41 ET]
Table '3625279047 97' 8-max Seat #3 is the button
Seat 1: Mahu2021 (11262 in chips, $1.50 bounty) 
Seat 2: samuelmalm (33776 in chips, $4.87 bounty) 
Seat 3: BoDuja0309 (14080 in chips, $1.50 bounty) 
Seat 4: rafa inter (9262 in chips, $2.62 bounty) 
Seat 5: STRAIGHT-GUAP (22570 in chips, $4.87 bounty) 
Seat 6: gustavofreitas9 (1700 in chips, $1.50 bounty) 
Seat 7: walnut83 (14447 in chips, $2.62 bounty) 
Seat 8: Siilviy (16355 in chips, $3.75 bounty) 
Mahu2021: posts the ante 30
samuelmalm: posts the ante 30
BoDuja0309: posts the ante 30
rafa inter: posts the ante 30
STRAIGHT-GUAP: posts the ante 30
gustavofreitas9: posts the ante 30
walnut83: posts the ante 30
Siilviy: posts the ante 30
rafa inter: posts small blind 100
STRAIGHT-GUAP: posts big blind 200
*** HOLE CARDS ***
Dealt to Mahu2021 [3s 2h]
gustavofreitas9: folds 
walnut83: folds 
Siilviy: folds 
Mahu2021: folds 
samuelmalm: calls 200
BoDuja0309: folds 
rafa inter: calls 100
STRAIGHT-GUAP: checks 
*** FLOP *** [5h Jd 8d]
rafa inter: checks 
STRAIGHT-GUAP: checks 
samuelmalm: bets 420
rafa inter: calls 420
STRAIGHT-GUAP: calls 420
*** TURN *** [5h Jd 8d] [Ah]
rafa inter: checks 
STRAIGHT-GUAP: checks 
samuelmalm: checks 
*** RIVER *** [5h Jd 8d Ah] [8h]
rafa inter: checks 
STRAIGHT-GUAP: checks 
samuelmalm: checks 
*** SHOW DOWN ***
rafa inter: shows [Jh 9s] (two pair, Jacks and Eights)
STRAIGHT-GUAP: shows [Jc 2c] (two pair, Jacks and Eights)
samuelmalm: mucks hand 
rafa inter collected 1050 from pot
STRAIGHT-GUAP collected 1050 from pot
*** SUMMARY ***
Total pot 2100 | Rake 0 
Board [5h Jd 8d Ah 8h]
Seat 1: Mahu2021 folded before Flop (didn't bet)
Seat 2: samuelmalm mucked [5d 6d]
Seat 3: BoDuja0309 (button) folded before Flop (didn't bet)
Seat 4: rafa inter (small blind) showed [Jh 9s] and won (1050) with two pair, Jacks and Eights
Seat 5: STRAIGHT-GUAP (big blind) showed [Jc 2c] and won (1050) with two pair, Jacks and Eights
Seat 6: gustavofreitas9 folded before Flop (didn't bet)
Seat 7: walnut83 folded before Flop (didn't bet)
Seat 8: Siilviy folded before Flop (didn't bet)



PokerStars Hand #245202568067: Tournament #3625279047, $1.44+$1.50+$0.36 USD Hold'em No Limit - Level XI (100/200) - 2023/08/04 21:11:49 CET [2023/08/04 15:11:49 ET]
Table '3625279047 97' 8-max Seat #4 is the button
Seat 1: Mahu2021 (11232 in chips, $1.50 bounty) 
Seat 2: samuelmalm (33126 in chips, $4.87 bounty) 
Seat 3: BoDuja0309 (14050 in chips, $1.50 bounty) 
Seat 4: rafa inter (9662 in chips, $2.62 bounty) 
Seat 5: STRAIGHT-GUAP (22970 in chips, $4.87 bounty) 
Seat 6: gustavofreitas9 (1670 in chips, $1.50 bounty) 
Seat 7: walnut83 (14417 in chips, $2.62 bounty) 
Seat 8: Siilviy (16325 in chips, $3.75 bounty) 
Mahu2021: posts the ante 30
samuelmalm: posts the ante 30
BoDuja0309: posts the ante 30
rafa inter: posts the ante 30
STRAIGHT-GUAP: posts the ante 30
gustavofreitas9: posts the ante 30
walnut83: posts the ante 30
Siilviy: posts the ante 30
STRAIGHT-GUAP: posts small blind 100
gustavofreitas9: posts big blind 200
*** HOLE CARDS ***
Dealt to Mahu2021 [9c 7s]
walnut83: folds 
Siilviy: folds 
Mahu2021: folds 
samuelmalm: raises 355 to 555
BoDuja0309: folds 
rafa inter: raises 845 to 1400
STRAIGHT-GUAP: folds 
gustavofreitas9: folds 
samuelmalm: folds 
Uncalled bet (845) returned to rafa inter
rafa inter collected 1650 from pot
rafa inter: doesn't show hand 
*** SUMMARY ***
Total pot 1650 | Rake 0 
Seat 1: Mahu2021 folded before Flop (didn't bet)
Seat 2: samuelmalm folded before Flop
Seat 3: BoDuja0309 folded before Flop (didn't bet)
Seat 4: rafa inter (button) collected (1650)
Seat 5: STRAIGHT-GUAP (small blind) folded before Flop
Seat 6: gustavofreitas9 (big blind) folded before Flop
Seat 7: walnut83 folded before Flop (didn't bet)
Seat 8: Siilviy folded before Flop (didn't bet)



PokerStars Hand #245202580325: Tournament #3625279047, $1.44+$1.50+$0.36 USD Hold'em No Limit - Level XI (100/200) - 2023/08/04 21:12:26 CET [2023/08/04 15:12:26 ET]
Table '3625279047 97' 8-max Seat #5 is the button
Seat 1: Mahu2021 (11202 in chips, $1.50 bounty) 
Seat 2: samuelmalm (32541 in chips, $4.87 bounty) 
Seat 3: BoDuja0309 (14020 in chips, $1.50 bounty) 
Seat 4: rafa inter (10727 in chips, $2.62 bounty) 
Seat 5: STRAIGHT-GUAP (22840 in chips, $4.87 bounty) 
Seat 6: gustavofreitas9 (1440 in chips, $1.50 bounty) 
Seat 7: walnut83 (14387 in chips, $2.62 bounty) 
Seat 8: Siilviy (16295 in chips, $3.75 bounty) 
Mahu2021: posts the ante 30
samuelmalm: posts the ante 30
BoDuja0309: posts the ante 30
rafa inter: posts the ante 30
STRAIGHT-GUAP: posts the ante 30
gustavofreitas9: posts the ante 30
walnut83: posts the ante 30
Siilviy: posts the ante 30
gustavofreitas9: posts small blind 100
walnut83: posts big blind 200
*** HOLE CARDS ***
Dealt to Mahu2021 [6h 5d]
Siilviy: raises 200 to 400
Mahu2021: folds 
samuelmalm: folds 
BoDuja0309: folds 
rafa inter: folds 
STRAIGHT-GUAP: folds 
gustavofreitas9: raises 1010 to 1410 and is all-in
walnut83: folds 
Siilviy: calls 1010
*** FLOP *** [Qh 7h 9h]
*** TURN *** [Qh 7h 9h] [7c]
*** RIVER *** [Qh 7h 9h 7c] [Jh]
*** SHOW DOWN ***
gustavofreitas9: shows [Ks 2s] (a pair of Sevens)
Siilviy: shows [4s As] (a pair of Sevens - Ace kicker)
Siilviy collected 3260 from pot
Siilviy wins $0.75 for eliminating gustavofreitas9 and their own bounty increases by $0.75 to $4.50
gustavofreitas9 finished the tournament
*** SUMMARY ***
Total pot 3260 | Rake 0 
Board [Qh 7h 9h 7c Jh]
Seat 1: Mahu2021 folded before Flop (didn't bet)
Seat 2: samuelmalm folded before Flop (didn't bet)
Seat 3: BoDuja0309 folded before Flop (didn't bet)
Seat 4: rafa inter folded before Flop (didn't bet)
Seat 5: STRAIGHT-GUAP (button) folded before Flop (didn't bet)
Seat 6: gustavofreitas9 (small blind) showed [Ks 2s] and lost with a pair of Sevens
Seat 7: walnut83 (big blind) folded before Flop
Seat 8: Siilviy showed [4s As] and won (3260) with a pair of Sevens



PokerStars Hand #245202595488: Tournament #3625279047, $1.44+$1.50+$0.36 USD Hold'em No Limit - Level XI (100/200) - 2023/08/04 21:13:11 CET [2023/08/04 15:13:11 ET]
Table '3625279047 97' 8-max Seat #7 is the button
Seat 1: Mahu2021 (11172 in chips, $1.50 bounty) 
Seat 2: samuelmalm (32511 in chips, $4.87 bounty) 
Seat 3: BoDuja0309 (13990 in chips, $1.50 bounty) 
Seat 4: rafa inter (10697 in chips, $2.62 bounty) 
Seat 5: STRAIGHT-GUAP (22810 in chips, $4.87 bounty) 
Seat 7: walnut83 (14157 in chips, $2.62 bounty) 
Seat 8: Siilviy (18115 in chips, $4.50 bounty) 
Mahu2021: posts the ante 30
samuelmalm: posts the ante 30
BoDuja0309: posts the ante 30
rafa inter: posts the ante 30
STRAIGHT-GUAP: posts the ante 30
walnut83: posts the ante 30
Siilviy: posts the ante 30
Siilviy: posts small blind 100
Mahu2021: posts big blind 200
*** HOLE CARDS ***
Dealt to Mahu2021 [6c Qd]
samuelmalm: calls 200
TonyS1703 is disconnected 
BoDuja0309: folds 
rafa inter: raises 400 to 600
STRAIGHT-GUAP: folds 
walnut83: folds 
Siilviy: folds 
Mahu2021: folds 
samuelmalm: calls 400
*** FLOP *** [4d Td 3d]
samuelmalm: checks 
rafa inter: bets 684
samuelmalm: folds 
Uncalled bet (684) returned to rafa inter
rafa inter collected 1710 from pot
rafa inter: doesn't show hand 
*** SUMMARY ***
Total pot 1710 | Rake 0 
Board [4d Td 3d]
Seat 1: Mahu2021 (big blind) folded before Flop
Seat 2: samuelmalm folded on the Flop
Seat 3: BoDuja0309 folded before Flop (didn't bet)
Seat 4: rafa inter collected (1710)
Seat 5: STRAIGHT-GUAP folded before Flop (didn't bet)
Seat 7: walnut83 (button) folded before Flop (didn't bet)
Seat 8: Siilviy (small blind) folded before Flop



PokerStars Hand #245202615204: Tournament #3625279047, $1.44+$1.50+$0.36 USD Hold'em No Limit - Level XI (100/200) - 2023/08/04 21:14:10 CET [2023/08/04 15:14:10 ET]
Table '3625279047 97' 8-max Seat #8 is the button
Seat 1: Mahu2021 (10942 in chips, $1.50 bounty) 
Seat 2: samuelmalm (31881 in chips, $4.87 bounty) 
Seat 3: BoDuja0309 (13960 in chips, $1.50 bounty) 
Seat 4: rafa inter (11777 in chips, $2.62 bounty) 
Seat 5: STRAIGHT-GUAP (22780 in chips, $4.87 bounty) 
Seat 6: TonyS1703 (5000 in chips, $1.50 bounty) 
Seat 7: walnut83 (14127 in chips, $2.62 bounty) 
Seat 8: Siilviy (17985 in chips, $4.50 bounty) 
Mahu2021: posts the ante 30
samuelmalm: posts the ante 30
BoDuja0309: posts the ante 30
rafa inter: posts the ante 30
STRAIGHT-GUAP: posts the ante 30
TonyS1703: posts the ante 30
walnut83: posts the ante 30
Siilviy: posts the ante 30
Mahu2021: posts small blind 100
samuelmalm: posts big blind 200
*** HOLE CARDS ***
Dealt to Mahu2021 [Qc 4s]
BoDuja0309: folds 
rafa inter: raises 200 to 400
STRAIGHT-GUAP: folds 
TonyS1703: folds 
walnut83: folds 
Siilviy: folds 
Mahu2021: folds 
samuelmalm: calls 200
*** FLOP *** [Jh Ad Kd]
samuelmalm: checks 
rafa inter: bets 456
samuelmalm: calls 456
*** TURN *** [Jh Ad Kd] [7h]
samuelmalm: checks 
rafa inter: checks 
*** RIVER *** [Jh Ad Kd 7h] [6c]
samuelmalm: bets 400
rafa inter: calls 400
*** SHOW DOWN ***
samuelmalm: shows [9d Ks] (a pair of Kings)
rafa inter: shows [Qh Kc] (a pair of Kings - Ace+Queen kicker)
rafa inter collected 2852 from pot
*** SUMMARY ***
Total pot 2852 | Rake 0 
Board [Jh Ad Kd 7h 6c]
Seat 1: Mahu2021 (small blind) folded before Flop
Seat 2: samuelmalm (big blind) showed [9d Ks] and lost with a pair of Kings
Seat 3: BoDuja0309 folded before Flop (didn't bet)
Seat 4: rafa inter showed [Qh Kc] and won (2852) with a pair of Kings
Seat 5: STRAIGHT-GUAP folded before Flop (didn't bet)
Seat 6: TonyS1703 folded before Flop (didn't bet)
Seat 7: walnut83 folded before Flop (didn't bet)
Seat 8: Siilviy (button) folded before Flop (didn't bet)



PokerStars Hand #245202633318: Tournament #3625279047, $1.44+$1.50+$0.36 USD Hold'em No Limit - Level XII (125/250) - 2023/08/04 21:15:04 CET [2023/08/04 15:15:04 ET]
Table '3625279047 97' 8-max Seat #1 is the button
Seat 1: Mahu2021 (10812 in chips, $1.50 bounty) 
Seat 2: samuelmalm (30595 in chips, $4.87 bounty) 
Seat 3: BoDuja0309 (13930 in chips, $1.50 bounty) 
Seat 4: rafa inter (13343 in chips, $2.62 bounty) 
Seat 5: STRAIGHT-GUAP (22750 in chips, $4.87 bounty) 
Seat 6: TonyS1703 (4970 in chips, $1.50 bounty) 
Seat 7: walnut83 (14097 in chips, $2.62 bounty) 
Seat 8: Siilviy (17955 in chips, $4.50 bounty) 
Mahu2021: posts the ante 36
samuelmalm: posts the ante 36
BoDuja0309: posts the ante 36
rafa inter: posts the ante 36
STRAIGHT-GUAP: posts the ante 36
TonyS1703: posts the ante 36
walnut83: posts the ante 36
Siilviy: posts the ante 36
samuelmalm: posts small blind 125
BoDuja0309: posts big blind 250
*** HOLE CARDS ***
Dealt to Mahu2021 [Kd Td]
rafa inter: folds 
STRAIGHT-GUAP: raises 500 to 750
TonyS1703: folds 
walnut83: folds 
Siilviy: folds 
Mahu2021: calls 750
samuelmalm: folds 
BoDuja0309: folds 
*** FLOP *** [3s 6d 7d]
STRAIGHT-GUAP: bets 1082
Mahu2021: calls 1082
*** TURN *** [3s 6d 7d] [5d]
STRAIGHT-GUAP: checks 
Mahu2021: bets 1000
STRAIGHT-GUAP: calls 1000
*** RIVER *** [3s 6d 7d 5d] [8h]
STRAIGHT-GUAP: bets 19882 and is all-in
Mahu2021: calls 7944 and is all-in
Uncalled bet (11938) returned to STRAIGHT-GUAP
*** SHOW DOWN ***
STRAIGHT-GUAP: shows [Ad Qd] (a flush, Ace high)
Mahu2021: shows [Kd Td] (a flush, King high)
STRAIGHT-GUAP collected 22215 from pot
STRAIGHT-GUAP wins $0.75 for eliminating Mahu2021 and their own bounty increases by $0.75 to $5.62
Mahu2021 finished the tournament
*** SUMMARY ***
Total pot 22215 | Rake 0 
Board [3s 6d 7d 5d 8h]
Seat 1: Mahu2021 (button) showed [Kd Td] and lost with a flush, King high
Seat 2: samuelmalm (small blind) folded before Flop
Seat 3: BoDuja0309 (big blind) folded before Flop
Seat 4: rafa inter folded before Flop (didn't bet)
Seat 5: STRAIGHT-GUAP showed [Ad Qd] and won (22215) with a flush, Ace high
Seat 6: TonyS1703 folded before Flop (didn't bet)
Seat 7: walnut83 folded before Flop (didn't bet)
Seat 8: Siilviy folded before Flop (didn't bet)



