PokerStars Hand #253472674196: Tournament #3825104277, $1.84+$0.16 USD Hold'em No Limit - Level I (10/20) - 2024/11/19 7:39:28 CET [2024/11/19 1:39:28 ET]
Table '3825104277 1' 3-max Seat #1 is the button
Seat 1: Mipichita (500 in chips) 
Seat 2: miko_delarco (500 in chips) 
Seat 3: Mahu2021 (500 in chips) 
miko_delarco: posts small blind 10
Mahu2021: posts big blind 20
*** HOLE CARDS ***
Dealt to Mahu2021 [5s Ah]
Mipichita: raises 20 to 40
miko_delarco: folds 
Mahu2021: calls 20
*** FLOP *** [Js 4h Jd]
Mahu2021: checks 
Mipichita: bets 20
Mahu2021: raises 40 to 60
Mipichita: folds 
Uncalled bet (40) returned to Mahu2021
Mahu2021 collected 130 from pot
Mahu2021: doesn't show hand 
*** SUMMARY ***
Total pot 130 | Rake 0 
Board [Js 4h Jd]
Seat 1: Mipichita (button) folded on the Flop
Seat 2: miko_delarco (small blind) folded before Flop
Seat 3: Mahu2021 (big blind) collected (130)



PokerStars Hand #253472676151: Tournament #3825104277, $1.84+$0.16 USD Hold'em No Limit - Level I (10/20) - 2024/11/19 7:39:57 CET [2024/11/19 1:39:57 ET]
Table '3825104277 1' 3-max Seat #2 is the button
Seat 1: Mipichita (440 in chips) 
Seat 2: miko_delarco (490 in chips) 
Seat 3: Mahu2021 (570 in chips) 
Mahu2021: posts small blind 10
Mipichita: posts big blind 20
*** HOLE CARDS ***
Dealt to Mahu2021 [Qs Ad]
miko_delarco: raises 20 to 40
Mahu2021: calls 30
Mipichita: calls 20
*** FLOP *** [2d 5d 8d]
Mahu2021: checks 
Mipichita: checks 
miko_delarco: checks 
*** TURN *** [2d 5d 8d] [9c]
Mahu2021: checks 
Mipichita: bets 40
miko_delarco: folds 
Mahu2021: calls 40
*** RIVER *** [2d 5d 8d 9c] [3s]
Mahu2021: checks 
Mipichita: bets 150
Mahu2021: folds 
Uncalled bet (150) returned to Mipichita
Mipichita collected 200 from pot
Mipichita: doesn't show hand 
*** SUMMARY ***
Total pot 200 | Rake 0 
Board [2d 5d 8d 9c 3s]
Seat 1: Mipichita (big blind) collected (200)
Seat 2: miko_delarco (button) folded on the Turn
Seat 3: Mahu2021 (small blind) folded on the River



PokerStars Hand #253472678891: Tournament #3825104277, $1.84+$0.16 USD Hold'em No Limit - Level I (10/20) - 2024/11/19 7:40:38 CET [2024/11/19 1:40:38 ET]
Table '3825104277 1' 3-max Seat #3 is the button
Seat 1: Mipichita (560 in chips) 
Seat 2: miko_delarco (450 in chips) 
Seat 3: Mahu2021 (490 in chips) 
Mipichita: posts small blind 10
miko_delarco: posts big blind 20
*** HOLE CARDS ***
Dealt to Mahu2021 [9s Td]
Mahu2021: folds 
Mipichita: calls 10
miko_delarco: checks 
*** FLOP *** [6h 4s 4h]
Mipichita: checks 
miko_delarco: bets 20
Mipichita: calls 20
*** TURN *** [6h 4s 4h] [Qs]
Mipichita: checks 
miko_delarco: checks 
*** RIVER *** [6h 4s 4h Qs] [Ks]
Mipichita: checks 
miko_delarco: checks 
*** SHOW DOWN ***
Mipichita: shows [6c 5c] (two pair, Sixes and Fours)
miko_delarco: shows [6d Jh] (two pair, Sixes and Fours)
Mipichita collected 40 from pot
miko_delarco collected 40 from pot
*** SUMMARY ***
Total pot 80 | Rake 0 
Board [6h 4s 4h Qs Ks]
Seat 1: Mipichita (small blind) showed [6c 5c] and won (40) with two pair, Sixes and Fours
Seat 2: miko_delarco (big blind) showed [6d Jh] and won (40) with two pair, Sixes and Fours
Seat 3: Mahu2021 (button) folded before Flop (didn't bet)



PokerStars Hand #253472681030: Tournament #3825104277, $1.84+$0.16 USD Hold'em No Limit - Level I (10/20) - 2024/11/19 7:41:09 CET [2024/11/19 1:41:09 ET]
Table '3825104277 1' 3-max Seat #1 is the button
Seat 1: Mipichita (560 in chips) 
Seat 2: miko_delarco (450 in chips) 
Seat 3: Mahu2021 (490 in chips) 
miko_delarco: posts small blind 10
Mahu2021: posts big blind 20
*** HOLE CARDS ***
Dealt to Mahu2021 [Tc 5d]
Mipichita: folds 
miko_delarco: calls 10
Mahu2021: checks 
*** FLOP *** [8s Qs Kd]
miko_delarco: bets 20
Mahu2021: folds 
Uncalled bet (20) returned to miko_delarco
miko_delarco collected 40 from pot
miko_delarco: doesn't show hand 
*** SUMMARY ***
Total pot 40 | Rake 0 
Board [8s Qs Kd]
Seat 1: Mipichita (button) folded before Flop (didn't bet)
Seat 2: miko_delarco (small blind) collected (40)
Seat 3: Mahu2021 (big blind) folded on the Flop



PokerStars Hand #253472682532: Tournament #3825104277, $1.84+$0.16 USD Hold'em No Limit - Level I (10/20) - 2024/11/19 7:41:31 CET [2024/11/19 1:41:31 ET]
Table '3825104277 1' 3-max Seat #2 is the button
Seat 1: Mipichita (560 in chips) 
Seat 2: miko_delarco (470 in chips) 
Seat 3: Mahu2021 (470 in chips) 
Mahu2021: posts small blind 10
Mipichita: posts big blind 20
*** HOLE CARDS ***
Dealt to Mahu2021 [Jc 5c]
miko_delarco: folds 
Mahu2021: raises 20 to 40
Mipichita: folds 
Uncalled bet (20) returned to Mahu2021
Mahu2021 collected 40 from pot
Mahu2021: doesn't show hand 
*** SUMMARY ***
Total pot 40 | Rake 0 
Seat 1: Mipichita (big blind) folded before Flop
Seat 2: miko_delarco (button) folded before Flop (didn't bet)
Seat 3: Mahu2021 (small blind) collected (40)



PokerStars Hand #253472683655: Tournament #3825104277, $1.84+$0.16 USD Hold'em No Limit - Level I (10/20) - 2024/11/19 7:41:47 CET [2024/11/19 1:41:47 ET]
Table '3825104277 1' 3-max Seat #3 is the button
Seat 1: Mipichita (540 in chips) 
Seat 2: miko_delarco (470 in chips) 
Seat 3: Mahu2021 (490 in chips) 
Mipichita: posts small blind 10
miko_delarco: posts big blind 20
*** HOLE CARDS ***
Dealt to Mahu2021 [4s Qh]
Mahu2021: folds 
Mipichita: calls 10
miko_delarco: raises 40 to 60
Mipichita: folds 
Uncalled bet (40) returned to miko_delarco
miko_delarco collected 40 from pot
miko_delarco: doesn't show hand 
*** SUMMARY ***
Total pot 40 | Rake 0 
Seat 1: Mipichita (small blind) folded before Flop
Seat 2: miko_delarco (big blind) collected (40)
Seat 3: Mahu2021 (button) folded before Flop (didn't bet)



PokerStars Hand #253472684515: Tournament #3825104277, $1.84+$0.16 USD Hold'em No Limit - Level I (10/20) - 2024/11/19 7:42:00 CET [2024/11/19 1:42:00 ET]
Table '3825104277 1' 3-max Seat #1 is the button
Seat 1: Mipichita (520 in chips) 
Seat 2: miko_delarco (490 in chips) 
Seat 3: Mahu2021 (490 in chips) 
miko_delarco: posts small blind 10
Mahu2021: posts big blind 20
*** HOLE CARDS ***
Dealt to Mahu2021 [2d Th]
Mipichita: raises 20 to 40
miko_delarco: folds 
Mahu2021: folds 
Uncalled bet (20) returned to Mipichita
Mipichita collected 50 from pot
Mipichita: doesn't show hand 
*** SUMMARY ***
Total pot 50 | Rake 0 
Seat 1: Mipichita (button) collected (50)
Seat 2: miko_delarco (small blind) folded before Flop
Seat 3: Mahu2021 (big blind) folded before Flop



PokerStars Hand #253472685615: Tournament #3825104277, $1.84+$0.16 USD Hold'em No Limit - Level I (10/20) - 2024/11/19 7:42:16 CET [2024/11/19 1:42:16 ET]
Table '3825104277 1' 3-max Seat #2 is the button
Seat 1: Mipichita (550 in chips) 
Seat 2: miko_delarco (480 in chips) 
Seat 3: Mahu2021 (470 in chips) 
Mahu2021: posts small blind 10
Mipichita: posts big blind 20
*** HOLE CARDS ***
Dealt to Mahu2021 [4c Kc]
miko_delarco: folds 
Mahu2021: raises 20 to 40
Mipichita: calls 20
*** FLOP *** [3s 6s Tc]
Mahu2021: checks 
Mipichita: bets 46
Mahu2021: folds 
Uncalled bet (46) returned to Mipichita
Mipichita collected 80 from pot
Mipichita: doesn't show hand 
*** SUMMARY ***
Total pot 80 | Rake 0 
Board [3s 6s Tc]
Seat 1: Mipichita (big blind) collected (80)
Seat 2: miko_delarco (button) folded before Flop (didn't bet)
Seat 3: Mahu2021 (small blind) folded on the Flop



PokerStars Hand #253472687011: Tournament #3825104277, $1.84+$0.16 USD Hold'em No Limit - Level II (15/30) - 2024/11/19 7:42:37 CET [2024/11/19 1:42:37 ET]
Table '3825104277 1' 3-max Seat #3 is the button
Seat 1: Mipichita (590 in chips) 
Seat 2: miko_delarco (480 in chips) 
Seat 3: Mahu2021 (430 in chips) 
Mipichita: posts small blind 15
miko_delarco: posts big blind 30
*** HOLE CARDS ***
Dealt to Mahu2021 [5d Tc]
Mahu2021: folds 
Mipichita: raises 45 to 75
miko_delarco: folds 
Uncalled bet (45) returned to Mipichita
Mipichita collected 60 from pot
Mipichita: doesn't show hand 
*** SUMMARY ***
Total pot 60 | Rake 0 
Seat 1: Mipichita (small blind) collected (60)
Seat 2: miko_delarco (big blind) folded before Flop
Seat 3: Mahu2021 (button) folded before Flop (didn't bet)



PokerStars Hand #253472687654: Tournament #3825104277, $1.84+$0.16 USD Hold'em No Limit - Level II (15/30) - 2024/11/19 7:42:46 CET [2024/11/19 1:42:46 ET]
Table '3825104277 1' 3-max Seat #1 is the button
Seat 1: Mipichita (620 in chips) 
Seat 2: miko_delarco (450 in chips) 
Seat 3: Mahu2021 (430 in chips) 
miko_delarco: posts small blind 15
Mahu2021: posts big blind 30
*** HOLE CARDS ***
Dealt to Mahu2021 [2c 5c]
Mipichita: raises 30 to 60
miko_delarco: raises 390 to 450 and is all-in
Mahu2021: folds 
Mipichita: folds 
Uncalled bet (390) returned to miko_delarco
miko_delarco collected 150 from pot
miko_delarco: doesn't show hand 
*** SUMMARY ***
Total pot 150 | Rake 0 
Seat 1: Mipichita (button) folded before Flop
Seat 2: miko_delarco (small blind) collected (150)
Seat 3: Mahu2021 (big blind) folded before Flop



PokerStars Hand #253472688512: Tournament #3825104277, $1.84+$0.16 USD Hold'em No Limit - Level II (15/30) - 2024/11/19 7:42:58 CET [2024/11/19 1:42:58 ET]
Table '3825104277 1' 3-max Seat #2 is the button
Seat 1: Mipichita (560 in chips) 
Seat 2: miko_delarco (540 in chips) 
Seat 3: Mahu2021 (400 in chips) 
Mahu2021: posts small blind 15
Mipichita: posts big blind 30
*** HOLE CARDS ***
Dealt to Mahu2021 [8s Jc]
miko_delarco: raises 30 to 60
Mahu2021: calls 45
Mipichita: raises 500 to 560 and is all-in
miko_delarco: folds 
Mahu2021: folds 
Uncalled bet (500) returned to Mipichita
Mipichita collected 180 from pot
Mipichita: doesn't show hand 
*** SUMMARY ***
Total pot 180 | Rake 0 
Seat 1: Mipichita (big blind) collected (180)
Seat 2: miko_delarco (button) folded before Flop
Seat 3: Mahu2021 (small blind) folded before Flop



PokerStars Hand #253472689271: Tournament #3825104277, $1.84+$0.16 USD Hold'em No Limit - Level II (15/30) - 2024/11/19 7:43:10 CET [2024/11/19 1:43:10 ET]
Table '3825104277 1' 3-max Seat #3 is the button
Seat 1: Mipichita (680 in chips) 
Seat 2: miko_delarco (480 in chips) 
Seat 3: Mahu2021 (340 in chips) 
Mipichita: posts small blind 15
miko_delarco: posts big blind 30
*** HOLE CARDS ***
Dealt to Mahu2021 [9s Qc]
Mahu2021: folds 
Mipichita: calls 15
miko_delarco: checks 
*** FLOP *** [7d 5d Jh]
Mipichita: checks 
miko_delarco: bets 30
Mipichita: calls 30
*** TURN *** [7d 5d Jh] [4d]
Mipichita: checks 
miko_delarco: bets 80
Mipichita: raises 336 to 416
miko_delarco: raises 4 to 420 and is all-in
Mipichita: calls 4
*** RIVER *** [7d 5d Jh 4d] [6d]
*** SHOW DOWN ***
Mipichita: shows [4h 4c] (three of a kind, Fours)
miko_delarco: shows [7s Js] (two pair, Jacks and Sevens)
Mipichita collected 960 from pot
miko_delarco finished the tournament in 3rd place
*** SUMMARY ***
Total pot 960 | Rake 0 
Board [7d 5d Jh 4d 6d]
Seat 1: Mipichita (small blind) showed [4h 4c] and won (960) with three of a kind, Fours
Seat 2: miko_delarco (big blind) showed [7s Js] and lost with two pair, Jacks and Sevens
Seat 3: Mahu2021 (button) folded before Flop (didn't bet)



PokerStars Hand #253472692730: Tournament #3825104277, $1.84+$0.16 USD Hold'em No Limit - Level II (15/30) - 2024/11/19 7:44:01 CET [2024/11/19 1:44:01 ET]
Table '3825104277 1' 3-max Seat #1 is the button
Seat 1: Mipichita (1160 in chips) 
Seat 3: Mahu2021 (340 in chips) 
Mipichita: posts small blind 15
Mahu2021: posts big blind 30
*** HOLE CARDS ***
Dealt to Mahu2021 [7c 5d]
Mipichita: calls 15
Mahu2021: checks 
*** FLOP *** [5h 5s 4s]
Mahu2021: checks 
Mipichita: checks 
*** TURN *** [5h 5s 4s] [7s]
Mahu2021: checks 
Mipichita: checks 
*** RIVER *** [5h 5s 4s 7s] [Jd]
Mahu2021: bets 60
Mipichita: folds 
Uncalled bet (60) returned to Mahu2021
Mahu2021 collected 60 from pot
Mahu2021: doesn't show hand 
*** SUMMARY ***
Total pot 60 | Rake 0 
Board [5h 5s 4s 7s Jd]
Seat 1: Mipichita (button) (small blind) folded on the River
Seat 3: Mahu2021 (big blind) collected (60)



PokerStars Hand #253472694835: Tournament #3825104277, $1.84+$0.16 USD Hold'em No Limit - Level II (15/30) - 2024/11/19 7:44:31 CET [2024/11/19 1:44:31 ET]
Table '3825104277 1' 3-max Seat #3 is the button
Seat 1: Mipichita (1130 in chips) 
Seat 3: Mahu2021 (370 in chips) 
Mahu2021: posts small blind 15
Mipichita: posts big blind 30
*** HOLE CARDS ***
Dealt to Mahu2021 [9d Ac]
Mahu2021: raises 30 to 60
Mipichita: folds 
Uncalled bet (30) returned to Mahu2021
Mahu2021 collected 60 from pot
Mahu2021: doesn't show hand 
*** SUMMARY ***
Total pot 60 | Rake 0 
Seat 1: Mipichita (big blind) folded before Flop
Seat 3: Mahu2021 (button) (small blind) collected (60)



PokerStars Hand #253472695607: Tournament #3825104277, $1.84+$0.16 USD Hold'em No Limit - Level II (15/30) - 2024/11/19 7:44:42 CET [2024/11/19 1:44:42 ET]
Table '3825104277 1' 3-max Seat #1 is the button
Seat 1: Mipichita (1100 in chips) 
Seat 3: Mahu2021 (400 in chips) 
Mipichita: posts small blind 15
Mahu2021: posts big blind 30
*** HOLE CARDS ***
Dealt to Mahu2021 [5d 2s]
Mipichita: raises 30 to 60
Mahu2021: folds 
Uncalled bet (30) returned to Mipichita
Mipichita collected 60 from pot
Mipichita: doesn't show hand 
*** SUMMARY ***
Total pot 60 | Rake 0 
Seat 1: Mipichita (button) (small blind) collected (60)
Seat 3: Mahu2021 (big blind) folded before Flop



PokerStars Hand #253472695980: Tournament #3825104277, $1.84+$0.16 USD Hold'em No Limit - Level II (15/30) - 2024/11/19 7:44:48 CET [2024/11/19 1:44:48 ET]
Table '3825104277 1' 3-max Seat #3 is the button
Seat 1: Mipichita (1130 in chips) 
Seat 3: Mahu2021 (370 in chips) 
Mahu2021: posts small blind 15
Mipichita: posts big blind 30
*** HOLE CARDS ***
Dealt to Mahu2021 [Ah 8c]
Mahu2021: raises 30 to 60
Mipichita: calls 30
*** FLOP *** [6c Jh 9c]
Mipichita: checks 
Mahu2021: bets 60
Mipichita: calls 60
*** TURN *** [6c Jh 9c] [Kc]
Mipichita: checks 
Mahu2021: bets 250 and is all-in
Mipichita: calls 250
*** RIVER *** [6c Jh 9c Kc] [Tc]
*** SHOW DOWN ***
Mipichita: shows [9s Ts] (two pair, Tens and Nines)
Mahu2021: shows [Ah 8c] (a flush, King high)
Mahu2021 collected 740 from pot
*** SUMMARY ***
Total pot 740 | Rake 0 
Board [6c Jh 9c Kc Tc]
Seat 1: Mipichita (big blind) showed [9s Ts] and lost with two pair, Tens and Nines
Seat 3: Mahu2021 (button) (small blind) showed [Ah 8c] and won (740) with a flush, King high



PokerStars Hand #253472697269: Tournament #3825104277, $1.84+$0.16 USD Hold'em No Limit - Level II (15/30) - 2024/11/19 7:45:06 CET [2024/11/19 1:45:06 ET]
Table '3825104277 1' 3-max Seat #1 is the button
Seat 1: Mipichita (760 in chips) 
Seat 3: Mahu2021 (740 in chips) 
Mipichita: posts small blind 15
Mahu2021: posts big blind 30
*** HOLE CARDS ***
Dealt to Mahu2021 [4s 9h]
Mipichita: raises 730 to 760 and is all-in
Mahu2021: folds 
Uncalled bet (730) returned to Mipichita
Mipichita collected 60 from pot
Mipichita: doesn't show hand 
*** SUMMARY ***
Total pot 60 | Rake 0 
Seat 1: Mipichita (button) (small blind) collected (60)
Seat 3: Mahu2021 (big blind) folded before Flop



PokerStars Hand #253472697757: Tournament #3825104277, $1.84+$0.16 USD Hold'em No Limit - Level II (15/30) - 2024/11/19 7:45:13 CET [2024/11/19 1:45:13 ET]
Table '3825104277 1' 3-max Seat #3 is the button
Seat 1: Mipichita (790 in chips) 
Seat 3: Mahu2021 (710 in chips) 
Mahu2021: posts small blind 15
Mipichita: posts big blind 30
*** HOLE CARDS ***
Dealt to Mahu2021 [6s Qc]
Mahu2021: calls 15
Mipichita: raises 760 to 790 and is all-in
Mahu2021: folds 
Uncalled bet (760) returned to Mipichita
Mipichita collected 60 from pot
Mipichita: doesn't show hand 
*** SUMMARY ***
Total pot 60 | Rake 0 
Seat 1: Mipichita (big blind) collected (60)
Seat 3: Mahu2021 (button) (small blind) folded before Flop



PokerStars Hand #253472698212: Tournament #3825104277, $1.84+$0.16 USD Hold'em No Limit - Level II (15/30) - 2024/11/19 7:45:20 CET [2024/11/19 1:45:20 ET]
Table '3825104277 1' 3-max Seat #1 is the button
Seat 1: Mipichita (820 in chips) 
Seat 3: Mahu2021 (680 in chips) 
Mipichita: posts small blind 15
Mahu2021: posts big blind 30
*** HOLE CARDS ***
Dealt to Mahu2021 [Kc 4h]
Mipichita: calls 15
Mahu2021: checks 
*** FLOP *** [Kh 6c Ad]
Mahu2021: checks 
Mipichita: bets 30
Mahu2021: calls 30
*** TURN *** [Kh 6c Ad] [Ks]
Mahu2021: checks 
Mipichita: bets 40
Mahu2021: calls 40
*** RIVER *** [Kh 6c Ad Ks] [3s]
Mahu2021: checks 
Mipichita: checks 
*** SHOW DOWN ***
Mahu2021: shows [Kc 4h] (three of a kind, Kings)
Mipichita: mucks hand 
Mahu2021 collected 200 from pot
*** SUMMARY ***
Total pot 200 | Rake 0 
Board [Kh 6c Ad Ks 3s]
Seat 1: Mipichita (button) (small blind) mucked [6s 2c]
Seat 3: Mahu2021 (big blind) showed [Kc 4h] and won (200) with three of a kind, Kings



PokerStars Hand #253472699474: Tournament #3825104277, $1.84+$0.16 USD Hold'em No Limit - Level III (20/40) - 2024/11/19 7:45:38 CET [2024/11/19 1:45:38 ET]
Table '3825104277 1' 3-max Seat #3 is the button
Seat 1: Mipichita (720 in chips) 
Seat 3: Mahu2021 (780 in chips) 
Mahu2021: posts small blind 20
Mipichita: posts big blind 40
*** HOLE CARDS ***
Dealt to Mahu2021 [3s Tc]
Mahu2021: folds 
Uncalled bet (20) returned to Mipichita
Mipichita collected 40 from pot
Mipichita: doesn't show hand 
*** SUMMARY ***
Total pot 40 | Rake 0 
Seat 1: Mipichita (big blind) collected (40)
Seat 3: Mahu2021 (button) (small blind) folded before Flop



PokerStars Hand #253472699781: Tournament #3825104277, $1.84+$0.16 USD Hold'em No Limit - Level III (20/40) - 2024/11/19 7:45:43 CET [2024/11/19 1:45:43 ET]
Table '3825104277 1' 3-max Seat #1 is the button
Seat 1: Mipichita (740 in chips) 
Seat 3: Mahu2021 (760 in chips) 
Mipichita: posts small blind 20
Mahu2021: posts big blind 40
*** HOLE CARDS ***
Dealt to Mahu2021 [7h Qc]
Mipichita: calls 20
Mahu2021: checks 
*** FLOP *** [Ks As 6d]
Mahu2021: checks 
Mipichita: checks 
*** TURN *** [Ks As 6d] [3c]
Mahu2021: checks 
Mipichita: bets 40
Mahu2021: folds 
Uncalled bet (40) returned to Mipichita
Mipichita collected 80 from pot
Mipichita: doesn't show hand 
*** SUMMARY ***
Total pot 80 | Rake 0 
Board [Ks As 6d 3c]
Seat 1: Mipichita (button) (small blind) collected (80)
Seat 3: Mahu2021 (big blind) folded on the Turn



PokerStars Hand #253472700594: Tournament #3825104277, $1.84+$0.16 USD Hold'em No Limit - Level III (20/40) - 2024/11/19 7:45:55 CET [2024/11/19 1:45:55 ET]
Table '3825104277 1' 3-max Seat #3 is the button
Seat 1: Mipichita (780 in chips) 
Seat 3: Mahu2021 (720 in chips) 
Mahu2021: posts small blind 20
Mipichita: posts big blind 40
*** HOLE CARDS ***
Dealt to Mahu2021 [7d 5s]
Mahu2021: folds 
Uncalled bet (20) returned to Mipichita
Mipichita collected 40 from pot
Mipichita: doesn't show hand 
*** SUMMARY ***
Total pot 40 | Rake 0 
Seat 1: Mipichita (big blind) collected (40)
Seat 3: Mahu2021 (button) (small blind) folded before Flop



PokerStars Hand #253472700925: Tournament #3825104277, $1.84+$0.16 USD Hold'em No Limit - Level III (20/40) - 2024/11/19 7:45:59 CET [2024/11/19 1:45:59 ET]
Table '3825104277 1' 3-max Seat #1 is the button
Seat 1: Mipichita (800 in chips) 
Seat 3: Mahu2021 (700 in chips) 
Mipichita: posts small blind 20
Mahu2021: posts big blind 40
*** HOLE CARDS ***
Dealt to Mahu2021 [Jh 3d]
Mipichita: raises 760 to 800 and is all-in
Mahu2021: folds 
Uncalled bet (760) returned to Mipichita
Mipichita collected 80 from pot
Mipichita: doesn't show hand 
*** SUMMARY ***
Total pot 80 | Rake 0 
Seat 1: Mipichita (button) (small blind) collected (80)
Seat 3: Mahu2021 (big blind) folded before Flop



PokerStars Hand #253472701484: Tournament #3825104277, $1.84+$0.16 USD Hold'em No Limit - Level III (20/40) - 2024/11/19 7:46:08 CET [2024/11/19 1:46:08 ET]
Table '3825104277 1' 3-max Seat #3 is the button
Seat 1: Mipichita (840 in chips) 
Seat 3: Mahu2021 (660 in chips) 
Mahu2021: posts small blind 20
Mipichita: posts big blind 40
*** HOLE CARDS ***
Dealt to Mahu2021 [Td 3s]
Mahu2021: folds 
Uncalled bet (20) returned to Mipichita
Mipichita collected 40 from pot
Mipichita: doesn't show hand 
*** SUMMARY ***
Total pot 40 | Rake 0 
Seat 1: Mipichita (big blind) collected (40)
Seat 3: Mahu2021 (button) (small blind) folded before Flop



PokerStars Hand #253472701783: Tournament #3825104277, $1.84+$0.16 USD Hold'em No Limit - Level III (20/40) - 2024/11/19 7:46:12 CET [2024/11/19 1:46:12 ET]
Table '3825104277 1' 3-max Seat #1 is the button
Seat 1: Mipichita (860 in chips) 
Seat 3: Mahu2021 (640 in chips) 
Mipichita: posts small blind 20
Mahu2021: posts big blind 40
*** HOLE CARDS ***
Dealt to Mahu2021 [Td Ks]
Mipichita: calls 20
Mahu2021: raises 120 to 160
Mipichita: folds 
Uncalled bet (120) returned to Mahu2021
Mahu2021 collected 80 from pot
Mahu2021: doesn't show hand 
*** SUMMARY ***
Total pot 80 | Rake 0 
Seat 1: Mipichita (button) (small blind) folded before Flop
Seat 3: Mahu2021 (big blind) collected (80)



PokerStars Hand #253472702371: Tournament #3825104277, $1.84+$0.16 USD Hold'em No Limit - Level III (20/40) - 2024/11/19 7:46:20 CET [2024/11/19 1:46:20 ET]
Table '3825104277 1' 3-max Seat #3 is the button
Seat 1: Mipichita (820 in chips) 
Seat 3: Mahu2021 (680 in chips) 
Mahu2021: posts small blind 20
Mipichita: posts big blind 40
*** HOLE CARDS ***
Dealt to Mahu2021 [8d 3s]
Mahu2021: folds 
Uncalled bet (20) returned to Mipichita
Mipichita collected 40 from pot
Mipichita: doesn't show hand 
*** SUMMARY ***
Total pot 40 | Rake 0 
Seat 1: Mipichita (big blind) collected (40)
Seat 3: Mahu2021 (button) (small blind) folded before Flop



PokerStars Hand #253472702688: Tournament #3825104277, $1.84+$0.16 USD Hold'em No Limit - Level III (20/40) - 2024/11/19 7:46:25 CET [2024/11/19 1:46:25 ET]
Table '3825104277 1' 3-max Seat #1 is the button
Seat 1: Mipichita (840 in chips) 
Seat 3: Mahu2021 (660 in chips) 
Mipichita: posts small blind 20
Mahu2021: posts big blind 40
*** HOLE CARDS ***
Dealt to Mahu2021 [5c Qh]
Mipichita: raises 800 to 840 and is all-in
Mahu2021: folds 
Uncalled bet (800) returned to Mipichita
Mipichita collected 80 from pot
Mipichita: doesn't show hand 
*** SUMMARY ***
Total pot 80 | Rake 0 
Seat 1: Mipichita (button) (small blind) collected (80)
Seat 3: Mahu2021 (big blind) folded before Flop



PokerStars Hand #253472703062: Tournament #3825104277, $1.84+$0.16 USD Hold'em No Limit - Level III (20/40) - 2024/11/19 7:46:31 CET [2024/11/19 1:46:31 ET]
Table '3825104277 1' 3-max Seat #3 is the button
Seat 1: Mipichita (880 in chips) 
Seat 3: Mahu2021 (620 in chips) 
Mahu2021: posts small blind 20
Mipichita: posts big blind 40
*** HOLE CARDS ***
Dealt to Mahu2021 [Ac 9h]
Mahu2021: raises 40 to 80
Mipichita: calls 40
*** FLOP *** [6c 4s 9s]
Mipichita: checks 
Mahu2021: bets 160
Mipichita: folds 
Uncalled bet (160) returned to Mahu2021
Mahu2021 collected 160 from pot
Mahu2021: doesn't show hand 
*** SUMMARY ***
Total pot 160 | Rake 0 
Board [6c 4s 9s]
Seat 1: Mipichita (big blind) folded on the Flop
Seat 3: Mahu2021 (button) (small blind) collected (160)



PokerStars Hand #253472703861: Tournament #3825104277, $1.84+$0.16 USD Hold'em No Limit - Level III (20/40) - 2024/11/19 7:46:42 CET [2024/11/19 1:46:42 ET]
Table '3825104277 1' 3-max Seat #1 is the button
Seat 1: Mipichita (800 in chips) 
Seat 3: Mahu2021 (700 in chips) 
Mipichita: posts small blind 20
Mahu2021: posts big blind 40
*** HOLE CARDS ***
Dealt to Mahu2021 [Th 9d]
Mipichita: folds 
Uncalled bet (20) returned to Mahu2021
Mahu2021 collected 40 from pot
Mahu2021: doesn't show hand 
*** SUMMARY ***
Total pot 40 | Rake 0 
Seat 1: Mipichita (button) (small blind) folded before Flop
Seat 3: Mahu2021 (big blind) collected (40)



PokerStars Hand #253472704172: Tournament #3825104277, $1.84+$0.16 USD Hold'em No Limit - Level III (20/40) - 2024/11/19 7:46:47 CET [2024/11/19 1:46:47 ET]
Table '3825104277 1' 3-max Seat #3 is the button
Seat 1: Mipichita (780 in chips) 
Seat 3: Mahu2021 (720 in chips) 
Mahu2021: posts small blind 20
Mipichita: posts big blind 40
*** HOLE CARDS ***
Dealt to Mahu2021 [3h 8c]
Mahu2021: folds 
Uncalled bet (20) returned to Mipichita
Mipichita collected 40 from pot
Mipichita: doesn't show hand 
*** SUMMARY ***
Total pot 40 | Rake 0 
Seat 1: Mipichita (big blind) collected (40)
Seat 3: Mahu2021 (button) (small blind) folded before Flop



PokerStars Hand #253472704488: Tournament #3825104277, $1.84+$0.16 USD Hold'em No Limit - Level III (20/40) - 2024/11/19 7:46:51 CET [2024/11/19 1:46:51 ET]
Table '3825104277 1' 3-max Seat #1 is the button
Seat 1: Mipichita (800 in chips) 
Seat 3: Mahu2021 (700 in chips) 
Mipichita: posts small blind 20
Mahu2021: posts big blind 40
*** HOLE CARDS ***
Dealt to Mahu2021 [6c Tc]
Mipichita: calls 20
Mahu2021: checks 
*** FLOP *** [Th Qd 6s]
Mahu2021: checks 
Mipichita: bets 40
Mahu2021: raises 40 to 80
Mipichita: folds 
Uncalled bet (40) returned to Mahu2021
Mahu2021 collected 160 from pot
Mahu2021: doesn't show hand 
*** SUMMARY ***
Total pot 160 | Rake 0 
Board [Th Qd 6s]
Seat 1: Mipichita (button) (small blind) folded on the Flop
Seat 3: Mahu2021 (big blind) collected (160)



PokerStars Hand #253472705436: Tournament #3825104277, $1.84+$0.16 USD Hold'em No Limit - Level III (20/40) - 2024/11/19 7:47:05 CET [2024/11/19 1:47:05 ET]
Table '3825104277 1' 3-max Seat #3 is the button
Seat 1: Mipichita (720 in chips) 
Seat 3: Mahu2021 (780 in chips) 
Mahu2021: posts small blind 20
Mipichita: posts big blind 40
*** HOLE CARDS ***
Dealt to Mahu2021 [7c Jc]
Mahu2021: calls 20
Mipichita: raises 40 to 80
Mahu2021: calls 40
*** FLOP *** [9s 9h Td]
Mipichita: bets 40
Mahu2021: calls 40
*** TURN *** [9s 9h Td] [8d]
Mipichita: bets 40
Mahu2021: calls 40
*** RIVER *** [9s 9h Td 8d] [9d]
Mipichita: bets 320
Mahu2021: calls 320
*** SHOW DOWN ***
Mipichita: shows [Kh Kd] (a full house, Nines full of Kings)
Mahu2021: mucks hand 
Mipichita collected 960 from pot
*** SUMMARY ***
Total pot 960 | Rake 0 
Board [9s 9h Td 8d 9d]
Seat 1: Mipichita (big blind) showed [Kh Kd] and won (960) with a full house, Nines full of Kings
Seat 3: Mahu2021 (button) (small blind) mucked [7c Jc]



PokerStars Hand #253472706773: Tournament #3825104277, $1.84+$0.16 USD Hold'em No Limit - Level III (20/40) - 2024/11/19 7:47:24 CET [2024/11/19 1:47:24 ET]
Table '3825104277 1' 3-max Seat #1 is the button
Seat 1: Mipichita (1200 in chips) 
Seat 3: Mahu2021 (300 in chips) 
Mipichita: posts small blind 20
Mahu2021: posts big blind 40
*** HOLE CARDS ***
Dealt to Mahu2021 [4h Qc]
Mipichita: calls 20
Mahu2021: checks 
*** FLOP *** [5s Jc 3h]
Mahu2021: checks 
Mipichita: checks 
*** TURN *** [5s Jc 3h] [7c]
Mahu2021: checks 
Mipichita: checks 
*** RIVER *** [5s Jc 3h 7c] [8d]
Mahu2021: bets 40
Mipichita: calls 40
*** SHOW DOWN ***
Mahu2021: shows [4h Qc] (high card Queen)
Mipichita: shows [Qs 9d] (high card Queen - Jack+Nine kicker)
Mipichita collected 160 from pot
*** SUMMARY ***
Total pot 160 | Rake 0 
Board [5s Jc 3h 7c 8d]
Seat 1: Mipichita (button) (small blind) showed [Qs 9d] and won (160) with high card Queen
Seat 3: Mahu2021 (big blind) showed [4h Qc] and lost with high card Queen



PokerStars Hand #253472707736: Tournament #3825104277, $1.84+$0.16 USD Hold'em No Limit - Level III (20/40) - 2024/11/19 7:47:38 CET [2024/11/19 1:47:38 ET]
Table '3825104277 1' 3-max Seat #3 is the button
Seat 1: Mipichita (1280 in chips) 
Seat 3: Mahu2021 (220 in chips) 
Mahu2021: posts small blind 20
Mipichita: posts big blind 40
*** HOLE CARDS ***
Dealt to Mahu2021 [8d 5d]
Mahu2021: folds 
Uncalled bet (20) returned to Mipichita
Mipichita collected 40 from pot
Mipichita: doesn't show hand 
*** SUMMARY ***
Total pot 40 | Rake 0 
Seat 1: Mipichita (big blind) collected (40)
Seat 3: Mahu2021 (button) (small blind) folded before Flop



PokerStars Hand #253472708158: Tournament #3825104277, $1.84+$0.16 USD Hold'em No Limit - Level III (20/40) - 2024/11/19 7:47:44 CET [2024/11/19 1:47:44 ET]
Table '3825104277 1' 3-max Seat #1 is the button
Seat 1: Mipichita (1300 in chips) 
Seat 3: Mahu2021 (200 in chips) 
Mipichita: posts small blind 20
Mahu2021: posts big blind 40
*** HOLE CARDS ***
Dealt to Mahu2021 [Ad 7c]
Mipichita: calls 20
Mahu2021: raises 160 to 200 and is all-in
Mipichita: folds 
Uncalled bet (160) returned to Mahu2021
Mahu2021 collected 80 from pot
Mahu2021: doesn't show hand 
*** SUMMARY ***
Total pot 80 | Rake 0 
Seat 1: Mipichita (button) (small blind) folded before Flop
Seat 3: Mahu2021 (big blind) collected (80)



PokerStars Hand #253472708646: Tournament #3825104277, $1.84+$0.16 USD Hold'em No Limit - Level III (20/40) - 2024/11/19 7:47:52 CET [2024/11/19 1:47:52 ET]
Table '3825104277 1' 3-max Seat #3 is the button
Seat 1: Mipichita (1260 in chips) 
Seat 3: Mahu2021 (240 in chips) 
Mahu2021: posts small blind 20
Mipichita: posts big blind 40
*** HOLE CARDS ***
Dealt to Mahu2021 [7s 6d]
Mahu2021: folds 
Uncalled bet (20) returned to Mipichita
Mipichita collected 40 from pot
Mipichita: doesn't show hand 
*** SUMMARY ***
Total pot 40 | Rake 0 
Seat 1: Mipichita (big blind) collected (40)
Seat 3: Mahu2021 (button) (small blind) folded before Flop



PokerStars Hand #253472708959: Tournament #3825104277, $1.84+$0.16 USD Hold'em No Limit - Level III (20/40) - 2024/11/19 7:47:56 CET [2024/11/19 1:47:56 ET]
Table '3825104277 1' 3-max Seat #1 is the button
Seat 1: Mipichita (1280 in chips) 
Seat 3: Mahu2021 (220 in chips) 
Mipichita: posts small blind 20
Mahu2021: posts big blind 40
*** HOLE CARDS ***
Dealt to Mahu2021 [Ts Jd]
Mipichita: folds 
Uncalled bet (20) returned to Mahu2021
Mahu2021 collected 40 from pot
Mahu2021: doesn't show hand 
*** SUMMARY ***
Total pot 40 | Rake 0 
Seat 1: Mipichita (button) (small blind) folded before Flop
Seat 3: Mahu2021 (big blind) collected (40)



PokerStars Hand #253472709246: Tournament #3825104277, $1.84+$0.16 USD Hold'em No Limit - Level III (20/40) - 2024/11/19 7:48:01 CET [2024/11/19 1:48:01 ET]
Table '3825104277 1' 3-max Seat #3 is the button
Seat 1: Mipichita (1260 in chips) 
Seat 3: Mahu2021 (240 in chips) 
Mahu2021: posts small blind 20
Mipichita: posts big blind 40
*** HOLE CARDS ***
Dealt to Mahu2021 [4c Ks]
Mahu2021: calls 20
Mipichita: checks 
*** FLOP *** [5c 8d Ts]
Mipichita: checks 
Mahu2021: bets 40
Mipichita: calls 40
*** TURN *** [5c 8d Ts] [As]
Mipichita: checks 
Mahu2021: bets 160 and is all-in
Mipichita: folds 
Uncalled bet (160) returned to Mahu2021
Mahu2021 collected 160 from pot
Mahu2021: doesn't show hand 
*** SUMMARY ***
Total pot 160 | Rake 0 
Board [5c 8d Ts As]
Seat 1: Mipichita (big blind) folded on the Turn
Seat 3: Mahu2021 (button) (small blind) collected (160)



PokerStars Hand #253472710311: Tournament #3825104277, $1.84+$0.16 USD Hold'em No Limit - Level III (20/40) - 2024/11/19 7:48:16 CET [2024/11/19 1:48:16 ET]
Table '3825104277 1' 3-max Seat #1 is the button
Seat 1: Mipichita (1180 in chips) 
Seat 3: Mahu2021 (320 in chips) 
Mipichita: posts small blind 20
Mahu2021: posts big blind 40
*** HOLE CARDS ***
Dealt to Mahu2021 [7h 3c]
Mipichita: calls 20
Mahu2021: checks 
*** FLOP *** [7s Jh 9c]
Mahu2021: checks 
Mipichita: bets 40
Mahu2021: calls 40
*** TURN *** [7s Jh 9c] [2d]
Mahu2021: checks 
Mipichita: bets 53
Mahu2021: folds 
Uncalled bet (53) returned to Mipichita
Mipichita collected 160 from pot
Mipichita: doesn't show hand 
*** SUMMARY ***
Total pot 160 | Rake 0 
Board [7s Jh 9c 2d]
Seat 1: Mipichita (button) (small blind) collected (160)
Seat 3: Mahu2021 (big blind) folded on the Turn



PokerStars Hand #253472711207: Tournament #3825104277, $1.84+$0.16 USD Hold'em No Limit - Level III (20/40) - 2024/11/19 7:48:29 CET [2024/11/19 1:48:29 ET]
Table '3825104277 1' 3-max Seat #3 is the button
Seat 1: Mipichita (1260 in chips) 
Seat 3: Mahu2021 (240 in chips) 
Mahu2021: posts small blind 20
Mipichita: posts big blind 40
*** HOLE CARDS ***
Dealt to Mahu2021 [7h Td]
Mahu2021: folds 
Uncalled bet (20) returned to Mipichita
Mipichita collected 40 from pot
Mipichita: doesn't show hand 
*** SUMMARY ***
Total pot 40 | Rake 0 
Seat 1: Mipichita (big blind) collected (40)
Seat 3: Mahu2021 (button) (small blind) folded before Flop



PokerStars Hand #253472711709: Tournament #3825104277, $1.84+$0.16 USD Hold'em No Limit - Level IV (30/60) - 2024/11/19 7:48:37 CET [2024/11/19 1:48:37 ET]
Table '3825104277 1' 3-max Seat #1 is the button
Seat 1: Mipichita (1280 in chips) 
Seat 3: Mahu2021 (220 in chips) 
Mipichita: posts small blind 30
Mahu2021: posts big blind 60
*** HOLE CARDS ***
Dealt to Mahu2021 [9s Td]
Mipichita: calls 30
Mahu2021: checks 
*** FLOP *** [7c 4c Th]
Mahu2021: bets 160 and is all-in
Mipichita: calls 160
*** TURN *** [7c 4c Th] [8c]
*** RIVER *** [7c 4c Th 8c] [Ks]
*** SHOW DOWN ***
Mahu2021: shows [9s Td] (a pair of Tens)
Mipichita: shows [7d Jd] (a pair of Sevens)
Mahu2021 collected 440 from pot
*** SUMMARY ***
Total pot 440 | Rake 0 
Board [7c 4c Th 8c Ks]
Seat 1: Mipichita (button) (small blind) showed [7d Jd] and lost with a pair of Sevens
Seat 3: Mahu2021 (big blind) showed [9s Td] and won (440) with a pair of Tens



PokerStars Hand #253472712675: Tournament #3825104277, $1.84+$0.16 USD Hold'em No Limit - Level IV (30/60) - 2024/11/19 7:48:51 CET [2024/11/19 1:48:51 ET]
Table '3825104277 1' 3-max Seat #3 is the button
Seat 1: Mipichita (1060 in chips) 
Seat 3: Mahu2021 (440 in chips) 
Mahu2021: posts small blind 30
Mipichita: posts big blind 60
*** HOLE CARDS ***
Dealt to Mahu2021 [4c 2d]
Mahu2021: folds 
Uncalled bet (30) returned to Mipichita
Mipichita collected 60 from pot
Mipichita: doesn't show hand 
*** SUMMARY ***
Total pot 60 | Rake 0 
Seat 1: Mipichita (big blind) collected (60)
Seat 3: Mahu2021 (button) (small blind) folded before Flop



PokerStars Hand #253472713154: Tournament #3825104277, $1.84+$0.16 USD Hold'em No Limit - Level IV (30/60) - 2024/11/19 7:48:58 CET [2024/11/19 1:48:58 ET]
Table '3825104277 1' 3-max Seat #1 is the button
Seat 1: Mipichita (1090 in chips) 
Seat 3: Mahu2021 (410 in chips) 
Mipichita: posts small blind 30
Mahu2021: posts big blind 60
*** HOLE CARDS ***
Dealt to Mahu2021 [Ah 6h]
Mipichita: raises 60 to 120
Mahu2021: raises 290 to 410 and is all-in
Mipichita: folds 
Uncalled bet (290) returned to Mahu2021
Mahu2021 collected 240 from pot
Mahu2021: doesn't show hand 
*** SUMMARY ***
Total pot 240 | Rake 0 
Seat 1: Mipichita (button) (small blind) folded before Flop
Seat 3: Mahu2021 (big blind) collected (240)



PokerStars Hand #253472713634: Tournament #3825104277, $1.84+$0.16 USD Hold'em No Limit - Level IV (30/60) - 2024/11/19 7:49:05 CET [2024/11/19 1:49:05 ET]
Table '3825104277 1' 3-max Seat #3 is the button
Seat 1: Mipichita (970 in chips) 
Seat 3: Mahu2021 (530 in chips) 
Mahu2021: posts small blind 30
Mipichita: posts big blind 60
*** HOLE CARDS ***
Dealt to Mahu2021 [3h Qh]
Mahu2021: calls 30
Mipichita: raises 910 to 970 and is all-in
Mahu2021: folds 
Uncalled bet (910) returned to Mipichita
Mipichita collected 120 from pot
Mipichita: doesn't show hand 
*** SUMMARY ***
Total pot 120 | Rake 0 
Seat 1: Mipichita (big blind) collected (120)
Seat 3: Mahu2021 (button) (small blind) folded before Flop



PokerStars Hand #253472714130: Tournament #3825104277, $1.84+$0.16 USD Hold'em No Limit - Level IV (30/60) - 2024/11/19 7:49:12 CET [2024/11/19 1:49:12 ET]
Table '3825104277 1' 3-max Seat #1 is the button
Seat 1: Mipichita (1030 in chips) 
Seat 3: Mahu2021 (470 in chips) 
Mipichita: posts small blind 30
Mahu2021: posts big blind 60
*** HOLE CARDS ***
Dealt to Mahu2021 [Ac Th]
Mipichita: raises 970 to 1030 and is all-in
Mahu2021: calls 410 and is all-in
Uncalled bet (560) returned to Mipichita
*** FLOP *** [Td 9s Kh]
*** TURN *** [Td 9s Kh] [3c]
*** RIVER *** [Td 9s Kh 3c] [6d]
*** SHOW DOWN ***
Mahu2021: shows [Ac Th] (a pair of Tens)
Mipichita: shows [5s Kc] (a pair of Kings)
Mipichita collected 940 from pot
Mahu2021 finished the tournament in 2nd place
Mipichita wins the tournament and receives $6.00 - congratulations!
*** SUMMARY ***
Total pot 940 | Rake 0 
Board [Td 9s Kh 3c 6d]
Seat 1: Mipichita (button) (small blind) showed [5s Kc] and won (940) with a pair of Kings
Seat 3: Mahu2021 (big blind) showed [Ac Th] and lost with a pair of Tens



