PokerStars Hand #252905318053: Tournament #3811445034, $1.84+$0.16 USD Hold'em No Limit - Level I (10/20) - 2024/10/13 13:31:02 CET [2024/10/13 7:31:02 ET]
Table '3811445034 1' 3-max Seat #1 is the button
Seat 1: develishdean (500 in chips) 
Seat 2: memsas000 (500 in chips) 
Seat 3: Mahu2021 (500 in chips) 
memsas000: posts small blind 10
Mahu2021: posts big blind 20
*** HOLE CARDS ***
Dealt to Mahu2021 [Qc 7c]
develishdean: calls 20
memsas000: raises 480 to 500 and is all-in
Mahu2021: folds 
develishdean: calls 480 and is all-in
*** FLOP *** [Ac 6h 3d]
*** TURN *** [Ac 6h 3d] [Kc]
*** RIVER *** [Ac 6h 3d Kc] [3s]
*** SHOW DOWN ***
memsas000: shows [9h 9s] (two pair, Nines and Threes)
develishdean: shows [Tc Ah] (two pair, Aces and Threes)
develishdean collected 1020 from pot
memsas000 finished the tournament in 3rd place
*** SUMMARY ***
Total pot 1020 | Rake 0 
Board [Ac 6h 3d Kc 3s]
Seat 1: develishdean (button) showed [Tc Ah] and won (1020) with two pair, Aces and Threes
Seat 2: memsas000 (small blind) showed [9h 9s] and lost with two pair, Nines and Threes
Seat 3: Mahu2021 (big blind) folded before Flop



PokerStars Hand #252905320620: Tournament #3811445034, $1.84+$0.16 USD Hold'em No Limit - Level I (10/20) - 2024/10/13 13:31:19 CET [2024/10/13 7:31:19 ET]
Table '3811445034 1' 3-max Seat #3 is the button
Seat 1: develishdean (1020 in chips) 
Seat 3: Mahu2021 (480 in chips) 
Mahu2021: posts small blind 10
develishdean: posts big blind 20
*** HOLE CARDS ***
Dealt to Mahu2021 [Jh 9s]
Mahu2021: raises 20 to 40
develishdean: calls 20
*** FLOP *** [Ah Ad 9c]
develishdean: checks 
Mahu2021: bets 40
develishdean: folds 
Uncalled bet (40) returned to Mahu2021
Mahu2021 collected 80 from pot
Mahu2021: doesn't show hand 
*** SUMMARY ***
Total pot 80 | Rake 0 
Board [Ah Ad 9c]
Seat 1: develishdean (big blind) folded on the Flop
Seat 3: Mahu2021 (button) (small blind) collected (80)



PokerStars Hand #252905322102: Tournament #3811445034, $1.84+$0.16 USD Hold'em No Limit - Level I (10/20) - 2024/10/13 13:31:29 CET [2024/10/13 7:31:29 ET]
Table '3811445034 1' 3-max Seat #1 is the button
Seat 1: develishdean (980 in chips) 
Seat 3: Mahu2021 (520 in chips) 
develishdean: posts small blind 10
Mahu2021: posts big blind 20
*** HOLE CARDS ***
Dealt to Mahu2021 [7c 2s]
develishdean: calls 10
Mahu2021: checks 
*** FLOP *** [7d Qh 8s]
Mahu2021: checks 
develishdean: checks 
*** TURN *** [7d Qh 8s] [Tc]
Mahu2021: checks 
develishdean: checks 
*** RIVER *** [7d Qh 8s Tc] [3h]
Mahu2021: checks 
develishdean: bets 20
Mahu2021: folds 
Uncalled bet (20) returned to develishdean
develishdean collected 40 from pot
*** SUMMARY ***
Total pot 40 | Rake 0 
Board [7d Qh 8s Tc 3h]
Seat 1: develishdean (button) (small blind) collected (40)
Seat 3: Mahu2021 (big blind) folded on the River



PokerStars Hand #252905324104: Tournament #3811445034, $1.84+$0.16 USD Hold'em No Limit - Level I (10/20) - 2024/10/13 13:31:42 CET [2024/10/13 7:31:42 ET]
Table '3811445034 1' 3-max Seat #3 is the button
Seat 1: develishdean (1000 in chips) 
Seat 3: Mahu2021 (500 in chips) 
Mahu2021: posts small blind 10
develishdean: posts big blind 20
*** HOLE CARDS ***
Dealt to Mahu2021 [Qh Ah]
Mahu2021: raises 40 to 60
develishdean: calls 40
*** FLOP *** [Th 7c Ks]
develishdean: checks 
Mahu2021: checks 
*** TURN *** [Th 7c Ks] [8s]
develishdean: checks 
Mahu2021: checks 
*** RIVER *** [Th 7c Ks 8s] [2d]
develishdean: checks 
Mahu2021: checks 
*** SHOW DOWN ***
develishdean: shows [Qc 6h] (high card King)
Mahu2021: shows [Qh Ah] (high card Ace)
Mahu2021 collected 120 from pot
*** SUMMARY ***
Total pot 120 | Rake 0 
Board [Th 7c Ks 8s 2d]
Seat 1: develishdean (big blind) showed [Qc 6h] and lost with high card King
Seat 3: Mahu2021 (button) (small blind) showed [Qh Ah] and won (120) with high card Ace



PokerStars Hand #252905326140: Tournament #3811445034, $1.84+$0.16 USD Hold'em No Limit - Level I (10/20) - 2024/10/13 13:31:55 CET [2024/10/13 7:31:55 ET]
Table '3811445034 1' 3-max Seat #1 is the button
Seat 1: develishdean (940 in chips) 
Seat 3: Mahu2021 (560 in chips) 
develishdean: posts small blind 10
Mahu2021: posts big blind 20
*** HOLE CARDS ***
Dealt to Mahu2021 [Ac 7h]
develishdean: calls 10
Mahu2021: raises 60 to 80
develishdean: calls 60
*** FLOP *** [6c 7s 3s]
Mahu2021: bets 480 and is all-in
develishdean: folds 
Uncalled bet (480) returned to Mahu2021
Mahu2021 collected 160 from pot
Mahu2021: doesn't show hand 
*** SUMMARY ***
Total pot 160 | Rake 0 
Board [6c 7s 3s]
Seat 1: develishdean (button) (small blind) folded on the Flop
Seat 3: Mahu2021 (big blind) collected (160)



PokerStars Hand #252905327747: Tournament #3811445034, $1.84+$0.16 USD Hold'em No Limit - Level I (10/20) - 2024/10/13 13:32:05 CET [2024/10/13 7:32:05 ET]
Table '3811445034 1' 3-max Seat #3 is the button
Seat 1: develishdean (860 in chips) 
Seat 3: Mahu2021 (640 in chips) 
Mahu2021: posts small blind 10
develishdean: posts big blind 20
*** HOLE CARDS ***
Dealt to Mahu2021 [Kd 2d]
Mahu2021: calls 10
develishdean: checks 
*** FLOP *** [8d Tc Kh]
develishdean: checks 
Mahu2021: bets 20
develishdean: calls 20
*** TURN *** [8d Tc Kh] [8s]
develishdean: checks 
Mahu2021: checks 
*** RIVER *** [8d Tc Kh 8s] [3c]
develishdean: checks 
Mahu2021: checks 
*** SHOW DOWN ***
develishdean: shows [4c Ac] (a pair of Eights)
Mahu2021: shows [Kd 2d] (two pair, Kings and Eights)
Mahu2021 collected 80 from pot
*** SUMMARY ***
Total pot 80 | Rake 0 
Board [8d Tc Kh 8s 3c]
Seat 1: develishdean (big blind) showed [4c Ac] and lost with a pair of Eights
Seat 3: Mahu2021 (button) (small blind) showed [Kd 2d] and won (80) with two pair, Kings and Eights



PokerStars Hand #252905329808: Tournament #3811445034, $1.84+$0.16 USD Hold'em No Limit - Level I (10/20) - 2024/10/13 13:32:19 CET [2024/10/13 7:32:19 ET]
Table '3811445034 1' 3-max Seat #1 is the button
Seat 1: develishdean (820 in chips) 
Seat 3: Mahu2021 (680 in chips) 
develishdean: posts small blind 10
Mahu2021: posts big blind 20
*** HOLE CARDS ***
Dealt to Mahu2021 [Kc Th]
develishdean: calls 10
Mahu2021: checks 
*** FLOP *** [Jh 4c Qs]
Mahu2021: bets 20
develishdean: calls 20
*** TURN *** [Jh 4c Qs] [6c]
Mahu2021: checks 
develishdean: checks 
*** RIVER *** [Jh 4c Qs 6c] [Kh]
Mahu2021: bets 40
develishdean: folds 
Uncalled bet (40) returned to Mahu2021
Mahu2021 collected 80 from pot
Mahu2021: doesn't show hand 
*** SUMMARY ***
Total pot 80 | Rake 0 
Board [Jh 4c Qs 6c Kh]
Seat 1: develishdean (button) (small blind) folded on the River
Seat 3: Mahu2021 (big blind) collected (80)



PokerStars Hand #252905332077: Tournament #3811445034, $1.84+$0.16 USD Hold'em No Limit - Level I (10/20) - 2024/10/13 13:32:34 CET [2024/10/13 7:32:34 ET]
Table '3811445034 1' 3-max Seat #3 is the button
Seat 1: develishdean (780 in chips) 
Seat 3: Mahu2021 (720 in chips) 
Mahu2021: posts small blind 10
develishdean: posts big blind 20
*** HOLE CARDS ***
Dealt to Mahu2021 [Kc 6d]
Mahu2021: calls 10
develishdean: checks 
*** FLOP *** [2h 5d Kd]
develishdean: checks 
Mahu2021: bets 20
develishdean: calls 20
*** TURN *** [2h 5d Kd] [Ac]
develishdean: checks 
Mahu2021: checks 
*** RIVER *** [2h 5d Kd Ac] [8s]
develishdean: checks 
Mahu2021: checks 
*** SHOW DOWN ***
develishdean: shows [9h Qh] (high card Ace)
Mahu2021: shows [Kc 6d] (a pair of Kings)
Mahu2021 collected 80 from pot
*** SUMMARY ***
Total pot 80 | Rake 0 
Board [2h 5d Kd Ac 8s]
Seat 1: develishdean (big blind) showed [9h Qh] and lost with high card Ace
Seat 3: Mahu2021 (button) (small blind) showed [Kc 6d] and won (80) with a pair of Kings



PokerStars Hand #252905334183: Tournament #3811445034, $1.84+$0.16 USD Hold'em No Limit - Level I (10/20) - 2024/10/13 13:32:47 CET [2024/10/13 7:32:47 ET]
Table '3811445034 1' 3-max Seat #1 is the button
Seat 1: develishdean (740 in chips) 
Seat 3: Mahu2021 (760 in chips) 
develishdean: posts small blind 10
Mahu2021: posts big blind 20
*** HOLE CARDS ***
Dealt to Mahu2021 [Qd 3h]
develishdean: calls 10
Mahu2021: checks 
*** FLOP *** [6h 6s Kh]
Mahu2021: checks 
develishdean: checks 
*** TURN *** [6h 6s Kh] [Td]
Mahu2021: checks 
develishdean: checks 
*** RIVER *** [6h 6s Kh Td] [7c]
Mahu2021: checks 
develishdean: checks 
*** SHOW DOWN ***
Mahu2021: shows [Qd 3h] (a pair of Sixes)
develishdean: shows [7d 5d] (two pair, Sevens and Sixes)
develishdean collected 40 from pot
*** SUMMARY ***
Total pot 40 | Rake 0 
Board [6h 6s Kh Td 7c]
Seat 1: develishdean (button) (small blind) showed [7d 5d] and won (40) with two pair, Sevens and Sixes
Seat 3: Mahu2021 (big blind) showed [Qd 3h] and lost with a pair of Sixes



PokerStars Hand #252905335772: Tournament #3811445034, $1.84+$0.16 USD Hold'em No Limit - Level I (10/20) - 2024/10/13 13:32:58 CET [2024/10/13 7:32:58 ET]
Table '3811445034 1' 3-max Seat #3 is the button
Seat 1: develishdean (760 in chips) 
Seat 3: Mahu2021 (740 in chips) 
Mahu2021: posts small blind 10
develishdean: posts big blind 20
*** HOLE CARDS ***
Dealt to Mahu2021 [Ks 4h]
Mahu2021: raises 20 to 40
develishdean: calls 20
*** FLOP *** [2c Ah Jd]
develishdean: checks 
Mahu2021: checks 
*** TURN *** [2c Ah Jd] [Jh]
develishdean: checks 
Mahu2021: checks 
*** RIVER *** [2c Ah Jd Jh] [9c]
develishdean: checks 
Mahu2021: checks 
*** SHOW DOWN ***
develishdean: shows [Qd 6c] (a pair of Jacks)
Mahu2021: shows [Ks 4h] (a pair of Jacks - Ace+King kicker)
Mahu2021 collected 80 from pot
*** SUMMARY ***
Total pot 80 | Rake 0 
Board [2c Ah Jd Jh 9c]
Seat 1: develishdean (big blind) showed [Qd 6c] and lost with a pair of Jacks
Seat 3: Mahu2021 (button) (small blind) showed [Ks 4h] and won (80) with a pair of Jacks



PokerStars Hand #252905337974: Tournament #3811445034, $1.84+$0.16 USD Hold'em No Limit - Level II (15/30) - 2024/10/13 13:33:12 CET [2024/10/13 7:33:12 ET]
Table '3811445034 1' 3-max Seat #1 is the button
Seat 1: develishdean (720 in chips) 
Seat 3: Mahu2021 (780 in chips) 
develishdean: posts small blind 15
Mahu2021: posts big blind 30
*** HOLE CARDS ***
Dealt to Mahu2021 [Th 5s]
develishdean: calls 15
Mahu2021: checks 
*** FLOP *** [7s Ks Qc]
Mahu2021: checks 
develishdean: checks 
*** TURN *** [7s Ks Qc] [Jd]
Mahu2021: checks 
develishdean: checks 
*** RIVER *** [7s Ks Qc Jd] [Td]
Mahu2021: checks 
develishdean: checks 
*** SHOW DOWN ***
Mahu2021: shows [Th 5s] (a pair of Tens)
develishdean: mucks hand 
Mahu2021 collected 60 from pot
*** SUMMARY ***
Total pot 60 | Rake 0 
Board [7s Ks Qc Jd Td]
Seat 1: develishdean (button) (small blind) mucked [6h 8d]
Seat 3: Mahu2021 (big blind) showed [Th 5s] and won (60) with a pair of Tens



PokerStars Hand #252905340164: Tournament #3811445034, $1.84+$0.16 USD Hold'em No Limit - Level II (15/30) - 2024/10/13 13:33:27 CET [2024/10/13 7:33:27 ET]
Table '3811445034 1' 3-max Seat #3 is the button
Seat 1: develishdean (690 in chips) 
Seat 3: Mahu2021 (810 in chips) 
Mahu2021: posts small blind 15
develishdean: posts big blind 30
*** HOLE CARDS ***
Dealt to Mahu2021 [Qc 2s]
Mahu2021: calls 15
develishdean: checks 
*** FLOP *** [3s 2c 3h]
develishdean: checks 
Mahu2021: checks 
*** TURN *** [3s 2c 3h] [Ts]
develishdean: bets 30
Mahu2021: folds 
Uncalled bet (30) returned to develishdean
develishdean collected 60 from pot
*** SUMMARY ***
Total pot 60 | Rake 0 
Board [3s 2c 3h Ts]
Seat 1: develishdean (big blind) collected (60)
Seat 3: Mahu2021 (button) (small blind) folded on the Turn



PokerStars Hand #252905341741: Tournament #3811445034, $1.84+$0.16 USD Hold'em No Limit - Level II (15/30) - 2024/10/13 13:33:37 CET [2024/10/13 7:33:37 ET]
Table '3811445034 1' 3-max Seat #1 is the button
Seat 1: develishdean (720 in chips) 
Seat 3: Mahu2021 (780 in chips) 
develishdean: posts small blind 15
Mahu2021: posts big blind 30
*** HOLE CARDS ***
Dealt to Mahu2021 [3d 3h]
develishdean: calls 15
Mahu2021: raises 60 to 90
develishdean: calls 60
*** FLOP *** [Tc 5h 4c]
Mahu2021: checks 
develishdean: checks 
*** TURN *** [Tc 5h 4c] [Ah]
Mahu2021: checks 
develishdean: checks 
*** RIVER *** [Tc 5h 4c Ah] [2c]
Mahu2021: bets 690 and is all-in
develishdean: folds 
Uncalled bet (690) returned to Mahu2021
Mahu2021 collected 180 from pot
Mahu2021: doesn't show hand 
*** SUMMARY ***
Total pot 180 | Rake 0 
Board [Tc 5h 4c Ah 2c]
Seat 1: develishdean (button) (small blind) folded on the River
Seat 3: Mahu2021 (big blind) collected (180)



PokerStars Hand #252905344053: Tournament #3811445034, $1.84+$0.16 USD Hold'em No Limit - Level II (15/30) - 2024/10/13 13:33:52 CET [2024/10/13 7:33:52 ET]
Table '3811445034 1' 3-max Seat #3 is the button
Seat 1: develishdean (630 in chips) 
Seat 3: Mahu2021 (870 in chips) 
Mahu2021: posts small blind 15
develishdean: posts big blind 30
*** HOLE CARDS ***
Dealt to Mahu2021 [3s As]
Mahu2021: raises 30 to 60
develishdean: raises 60 to 120
Mahu2021: calls 60
*** FLOP *** [Qh 6d 9d]
develishdean: bets 510 and is all-in
Mahu2021: folds 
Uncalled bet (510) returned to develishdean
develishdean collected 240 from pot
*** SUMMARY ***
Total pot 240 | Rake 0 
Board [Qh 6d 9d]
Seat 1: develishdean (big blind) collected (240)
Seat 3: Mahu2021 (button) (small blind) folded on the Flop



PokerStars Hand #252905346079: Tournament #3811445034, $1.84+$0.16 USD Hold'em No Limit - Level II (15/30) - 2024/10/13 13:34:05 CET [2024/10/13 7:34:05 ET]
Table '3811445034 1' 3-max Seat #1 is the button
Seat 1: develishdean (750 in chips) 
Seat 3: Mahu2021 (750 in chips) 
develishdean: posts small blind 15
Mahu2021: posts big blind 30
*** HOLE CARDS ***
Dealt to Mahu2021 [9d Kc]
develishdean: calls 15
Mahu2021: checks 
*** FLOP *** [8h 6c 5c]
Mahu2021: checks 
develishdean: bets 30
Mahu2021: calls 30
*** TURN *** [8h 6c 5c] [Ad]
Mahu2021: checks 
develishdean: bets 30
Mahu2021: calls 30
*** RIVER *** [8h 6c 5c Ad] [Jd]
Mahu2021: checks 
develishdean: bets 180
Mahu2021: folds 
Uncalled bet (180) returned to develishdean
develishdean collected 180 from pot
*** SUMMARY ***
Total pot 180 | Rake 0 
Board [8h 6c 5c Ad Jd]
Seat 1: develishdean (button) (small blind) collected (180)
Seat 3: Mahu2021 (big blind) folded on the River



PokerStars Hand #252905348560: Tournament #3811445034, $1.84+$0.16 USD Hold'em No Limit - Level II (15/30) - 2024/10/13 13:34:21 CET [2024/10/13 7:34:21 ET]
Table '3811445034 1' 3-max Seat #3 is the button
Seat 1: develishdean (840 in chips) 
Seat 3: Mahu2021 (660 in chips) 
Mahu2021: posts small blind 15
develishdean: posts big blind 30
*** HOLE CARDS ***
Dealt to Mahu2021 [6d Qs]
Mahu2021: calls 15
develishdean: checks 
*** FLOP *** [3h 5d 8h]
develishdean: bets 30
Mahu2021: folds 
Uncalled bet (30) returned to develishdean
develishdean collected 60 from pot
*** SUMMARY ***
Total pot 60 | Rake 0 
Board [3h 5d 8h]
Seat 1: develishdean (big blind) collected (60)
Seat 3: Mahu2021 (button) (small blind) folded on the Flop



PokerStars Hand #252905349872: Tournament #3811445034, $1.84+$0.16 USD Hold'em No Limit - Level II (15/30) - 2024/10/13 13:34:30 CET [2024/10/13 7:34:30 ET]
Table '3811445034 1' 3-max Seat #1 is the button
Seat 1: develishdean (870 in chips) 
Seat 3: Mahu2021 (630 in chips) 
develishdean: posts small blind 15
Mahu2021: posts big blind 30
*** HOLE CARDS ***
Dealt to Mahu2021 [7h 2c]
develishdean: calls 15
Mahu2021: checks 
*** FLOP *** [9h 9d 2d]
Mahu2021: checks 
develishdean: checks 
*** TURN *** [9h 9d 2d] [Tc]
Mahu2021: checks 
develishdean: checks 
*** RIVER *** [9h 9d 2d Tc] [As]
Mahu2021: bets 30
develishdean: folds 
Uncalled bet (30) returned to Mahu2021
Mahu2021 collected 60 from pot
Mahu2021: doesn't show hand 
*** SUMMARY ***
Total pot 60 | Rake 0 
Board [9h 9d 2d Tc As]
Seat 1: develishdean (button) (small blind) folded on the River
Seat 3: Mahu2021 (big blind) collected (60)



PokerStars Hand #252905351639: Tournament #3811445034, $1.84+$0.16 USD Hold'em No Limit - Level II (15/30) - 2024/10/13 13:34:42 CET [2024/10/13 7:34:42 ET]
Table '3811445034 1' 3-max Seat #3 is the button
Seat 1: develishdean (840 in chips) 
Seat 3: Mahu2021 (660 in chips) 
Mahu2021: posts small blind 15
develishdean: posts big blind 30
*** HOLE CARDS ***
Dealt to Mahu2021 [3h 9d]
Mahu2021: folds 
Uncalled bet (15) returned to develishdean
develishdean collected 30 from pot
*** SUMMARY ***
Total pot 30 | Rake 0 
Seat 1: develishdean (big blind) collected (30)
Seat 3: Mahu2021 (button) (small blind) folded before Flop



PokerStars Hand #252905352254: Tournament #3811445034, $1.84+$0.16 USD Hold'em No Limit - Level II (15/30) - 2024/10/13 13:34:46 CET [2024/10/13 7:34:46 ET]
Table '3811445034 1' 3-max Seat #1 is the button
Seat 1: develishdean (855 in chips) 
Seat 3: Mahu2021 (645 in chips) 
develishdean: posts small blind 15
Mahu2021: posts big blind 30
*** HOLE CARDS ***
Dealt to Mahu2021 [6s 7h]
develishdean: calls 15
Mahu2021: checks 
*** FLOP *** [Ks Jh Ts]
Mahu2021: checks 
develishdean: checks 
*** TURN *** [Ks Jh Ts] [9c]
Mahu2021: checks 
develishdean: checks 
*** RIVER *** [Ks Jh Ts 9c] [Ac]
Mahu2021: checks 
develishdean: bets 30
Mahu2021: folds 
Uncalled bet (30) returned to develishdean
develishdean collected 60 from pot
*** SUMMARY ***
Total pot 60 | Rake 0 
Board [Ks Jh Ts 9c Ac]
Seat 1: develishdean (button) (small blind) collected (60)
Seat 3: Mahu2021 (big blind) folded on the River



PokerStars Hand #252905354342: Tournament #3811445034, $1.84+$0.16 USD Hold'em No Limit - Level II (15/30) - 2024/10/13 13:35:00 CET [2024/10/13 7:35:00 ET]
Table '3811445034 1' 3-max Seat #3 is the button
Seat 1: develishdean (885 in chips) 
Seat 3: Mahu2021 (615 in chips) 
Mahu2021: posts small blind 15
develishdean: posts big blind 30
*** HOLE CARDS ***
Dealt to Mahu2021 [Td 2s]
Mahu2021: folds 
Uncalled bet (15) returned to develishdean
develishdean collected 30 from pot
*** SUMMARY ***
Total pot 30 | Rake 0 
Seat 1: develishdean (big blind) collected (30)
Seat 3: Mahu2021 (button) (small blind) folded before Flop



PokerStars Hand #252905355468: Tournament #3811445034, $1.84+$0.16 USD Hold'em No Limit - Level III (20/40) - 2024/10/13 13:35:07 CET [2024/10/13 7:35:07 ET]
Table '3811445034 1' 3-max Seat #1 is the button
Seat 1: develishdean (900 in chips) 
Seat 3: Mahu2021 (600 in chips) 
develishdean: posts small blind 20
Mahu2021: posts big blind 40
*** HOLE CARDS ***
Dealt to Mahu2021 [2h 9h]
develishdean: calls 20
Mahu2021: checks 
*** FLOP *** [Kd 7d Ah]
Mahu2021: checks 
develishdean: checks 
*** TURN *** [Kd 7d Ah] [2d]
Mahu2021: checks 
develishdean: checks 
*** RIVER *** [Kd 7d Ah 2d] [2c]
Mahu2021: bets 560 and is all-in
develishdean: folds 
Uncalled bet (560) returned to Mahu2021
Mahu2021 collected 80 from pot
Mahu2021: doesn't show hand 
*** SUMMARY ***
Total pot 80 | Rake 0 
Board [Kd 7d Ah 2d 2c]
Seat 1: develishdean (button) (small blind) folded on the River
Seat 3: Mahu2021 (big blind) collected (80)



PokerStars Hand #252905357507: Tournament #3811445034, $1.84+$0.16 USD Hold'em No Limit - Level III (20/40) - 2024/10/13 13:35:20 CET [2024/10/13 7:35:20 ET]
Table '3811445034 1' 3-max Seat #3 is the button
Seat 1: develishdean (860 in chips) 
Seat 3: Mahu2021 (640 in chips) 
Mahu2021: posts small blind 20
develishdean: posts big blind 40
*** HOLE CARDS ***
Dealt to Mahu2021 [Qs Jh]
Mahu2021: raises 40 to 80
develishdean: calls 40
*** FLOP *** [Qd 3d Jd]
develishdean: checks 
Mahu2021: bets 80
develishdean: folds 
Uncalled bet (80) returned to Mahu2021
Mahu2021 collected 160 from pot
Mahu2021: doesn't show hand 
*** SUMMARY ***
Total pot 160 | Rake 0 
Board [Qd 3d Jd]
Seat 1: develishdean (big blind) folded on the Flop
Seat 3: Mahu2021 (button) (small blind) collected (160)



PokerStars Hand #252905359007: Tournament #3811445034, $1.84+$0.16 USD Hold'em No Limit - Level III (20/40) - 2024/10/13 13:35:30 CET [2024/10/13 7:35:30 ET]
Table '3811445034 1' 3-max Seat #1 is the button
Seat 1: develishdean (780 in chips) 
Seat 3: Mahu2021 (720 in chips) 
develishdean: posts small blind 20
Mahu2021: posts big blind 40
*** HOLE CARDS ***
Dealt to Mahu2021 [Qc Ts]
develishdean: calls 20
Mahu2021: raises 80 to 120
develishdean: calls 80
*** FLOP *** [Qd 6d Ac]
Mahu2021: checks 
develishdean: checks 
*** TURN *** [Qd 6d Ac] [8h]
Mahu2021: checks 
develishdean: checks 
*** RIVER *** [Qd 6d Ac 8h] [8c]
Mahu2021: bets 160
develishdean: calls 160
*** SHOW DOWN ***
Mahu2021: shows [Qc Ts] (two pair, Queens and Eights)
develishdean: mucks hand 
Mahu2021 collected 560 from pot
*** SUMMARY ***
Total pot 560 | Rake 0 
Board [Qd 6d Ac 8h 8c]
Seat 1: develishdean (button) (small blind) mucked [6c 7c]
Seat 3: Mahu2021 (big blind) showed [Qc Ts] and won (560) with two pair, Queens and Eights



PokerStars Hand #252905362423: Tournament #3811445034, $1.84+$0.16 USD Hold'em No Limit - Level III (20/40) - 2024/10/13 13:35:52 CET [2024/10/13 7:35:52 ET]
Table '3811445034 1' 3-max Seat #3 is the button
Seat 1: develishdean (500 in chips) 
Seat 3: Mahu2021 (1000 in chips) 
Mahu2021: posts small blind 20
develishdean: posts big blind 40
*** HOLE CARDS ***
Dealt to Mahu2021 [3c 9d]
Mahu2021: folds 
Uncalled bet (20) returned to develishdean
develishdean collected 40 from pot
*** SUMMARY ***
Total pot 40 | Rake 0 
Seat 1: develishdean (big blind) collected (40)
Seat 3: Mahu2021 (button) (small blind) folded before Flop



PokerStars Hand #252905363071: Tournament #3811445034, $1.84+$0.16 USD Hold'em No Limit - Level III (20/40) - 2024/10/13 13:35:57 CET [2024/10/13 7:35:57 ET]
Table '3811445034 1' 3-max Seat #1 is the button
Seat 1: develishdean (520 in chips) 
Seat 3: Mahu2021 (980 in chips) 
develishdean: posts small blind 20
Mahu2021: posts big blind 40
*** HOLE CARDS ***
Dealt to Mahu2021 [8s 6d]
develishdean: calls 20
Mahu2021: checks 
*** FLOP *** [7h 4s 6s]
Mahu2021: checks 
develishdean: checks 
*** TURN *** [7h 4s 6s] [Qd]
Mahu2021: checks 
develishdean: bets 40
Mahu2021: calls 40
*** RIVER *** [7h 4s 6s Qd] [6h]
Mahu2021: checks 
develishdean: checks 
*** SHOW DOWN ***
Mahu2021: shows [8s 6d] (three of a kind, Sixes)
develishdean: mucks hand 
Mahu2021 collected 160 from pot
*** SUMMARY ***
Total pot 160 | Rake 0 
Board [7h 4s 6s Qd 6h]
Seat 1: develishdean (button) (small blind) mucked [Jc Qh]
Seat 3: Mahu2021 (big blind) showed [8s 6d] and won (160) with three of a kind, Sixes



PokerStars Hand #252905365321: Tournament #3811445034, $1.84+$0.16 USD Hold'em No Limit - Level III (20/40) - 2024/10/13 13:36:11 CET [2024/10/13 7:36:11 ET]
Table '3811445034 1' 3-max Seat #3 is the button
Seat 1: develishdean (440 in chips) 
Seat 3: Mahu2021 (1060 in chips) 
Mahu2021: posts small blind 20
develishdean: posts big blind 40
*** HOLE CARDS ***
Dealt to Mahu2021 [4c 9d]
Mahu2021: folds 
Uncalled bet (20) returned to develishdean
develishdean collected 40 from pot
*** SUMMARY ***
Total pot 40 | Rake 0 
Seat 1: develishdean (big blind) collected (40)
Seat 3: Mahu2021 (button) (small blind) folded before Flop



PokerStars Hand #252905365989: Tournament #3811445034, $1.84+$0.16 USD Hold'em No Limit - Level III (20/40) - 2024/10/13 13:36:16 CET [2024/10/13 7:36:16 ET]
Table '3811445034 1' 3-max Seat #1 is the button
Seat 1: develishdean (460 in chips) 
Seat 3: Mahu2021 (1040 in chips) 
develishdean: posts small blind 20
Mahu2021: posts big blind 40
*** HOLE CARDS ***
Dealt to Mahu2021 [Jd 4c]
develishdean: calls 20
Mahu2021: checks 
*** FLOP *** [5d 7d 6s]
Mahu2021: checks 
develishdean: checks 
*** TURN *** [5d 7d 6s] [8c]
Mahu2021: bets 40
develishdean: calls 40
*** RIVER *** [5d 7d 6s 8c] [9c]
Mahu2021: checks 
develishdean: bets 160
Mahu2021: folds 
Uncalled bet (160) returned to develishdean
develishdean collected 160 from pot
*** SUMMARY ***
Total pot 160 | Rake 0 
Board [5d 7d 6s 8c 9c]
Seat 1: develishdean (button) (small blind) collected (160)
Seat 3: Mahu2021 (big blind) folded on the River



PokerStars Hand #252905368380: Tournament #3811445034, $1.84+$0.16 USD Hold'em No Limit - Level III (20/40) - 2024/10/13 13:36:32 CET [2024/10/13 7:36:32 ET]
Table '3811445034 1' 3-max Seat #3 is the button
Seat 1: develishdean (540 in chips) 
Seat 3: Mahu2021 (960 in chips) 
Mahu2021: posts small blind 20
develishdean: posts big blind 40
*** HOLE CARDS ***
Dealt to Mahu2021 [Ah 2d]
Mahu2021: raises 40 to 80
develishdean: folds 
Uncalled bet (40) returned to Mahu2021
Mahu2021 collected 80 from pot
Mahu2021: doesn't show hand 
*** SUMMARY ***
Total pot 80 | Rake 0 
Seat 1: develishdean (big blind) folded before Flop
Seat 3: Mahu2021 (button) (small blind) collected (80)



PokerStars Hand #252905369238: Tournament #3811445034, $1.84+$0.16 USD Hold'em No Limit - Level III (20/40) - 2024/10/13 13:36:37 CET [2024/10/13 7:36:37 ET]
Table '3811445034 1' 3-max Seat #1 is the button
Seat 1: develishdean (500 in chips) 
Seat 3: Mahu2021 (1000 in chips) 
develishdean: posts small blind 20
Mahu2021: posts big blind 40
*** HOLE CARDS ***
Dealt to Mahu2021 [Ad 8s]
develishdean: folds 
Uncalled bet (20) returned to Mahu2021
Mahu2021 collected 40 from pot
Mahu2021: doesn't show hand 
*** SUMMARY ***
Total pot 40 | Rake 0 
Seat 1: develishdean (button) (small blind) folded before Flop
Seat 3: Mahu2021 (big blind) collected (40)



PokerStars Hand #252905370273: Tournament #3811445034, $1.84+$0.16 USD Hold'em No Limit - Level III (20/40) - 2024/10/13 13:36:44 CET [2024/10/13 7:36:44 ET]
Table '3811445034 1' 3-max Seat #3 is the button
Seat 1: develishdean (480 in chips) 
Seat 3: Mahu2021 (1020 in chips) 
Mahu2021: posts small blind 20
develishdean: posts big blind 40
*** HOLE CARDS ***
Dealt to Mahu2021 [9h 5c]
Mahu2021: folds 
Uncalled bet (20) returned to develishdean
develishdean collected 40 from pot
*** SUMMARY ***
Total pot 40 | Rake 0 
Seat 1: develishdean (big blind) collected (40)
Seat 3: Mahu2021 (button) (small blind) folded before Flop



PokerStars Hand #252905370973: Tournament #3811445034, $1.84+$0.16 USD Hold'em No Limit - Level III (20/40) - 2024/10/13 13:36:48 CET [2024/10/13 7:36:48 ET]
Table '3811445034 1' 3-max Seat #1 is the button
Seat 1: develishdean (500 in chips) 
Seat 3: Mahu2021 (1000 in chips) 
develishdean: posts small blind 20
Mahu2021: posts big blind 40
*** HOLE CARDS ***
Dealt to Mahu2021 [2h Qc]
develishdean: calls 20
Mahu2021: checks 
*** FLOP *** [7s 2c 9s]
Mahu2021: checks 
develishdean: checks 
*** TURN *** [7s 2c 9s] [6c]
Mahu2021: checks 
develishdean: checks 
*** RIVER *** [7s 2c 9s 6c] [6s]
Mahu2021: checks 
develishdean: bets 40
Mahu2021: calls 40
*** SHOW DOWN ***
develishdean: shows [3d 3h] (two pair, Sixes and Threes)
Mahu2021: mucks hand 
develishdean collected 160 from pot
*** SUMMARY ***
Total pot 160 | Rake 0 
Board [7s 2c 9s 6c 6s]
Seat 1: develishdean (button) (small blind) showed [3d 3h] and won (160) with two pair, Sixes and Threes
Seat 3: Mahu2021 (big blind) mucked [2h Qc]



PokerStars Hand #252905372881: Tournament #3811445034, $1.84+$0.16 USD Hold'em No Limit - Level III (20/40) - 2024/10/13 13:37:01 CET [2024/10/13 7:37:01 ET]
Table '3811445034 1' 3-max Seat #3 is the button
Seat 1: develishdean (580 in chips) 
Seat 3: Mahu2021 (920 in chips) 
Mahu2021: posts small blind 20
develishdean: posts big blind 40
*** HOLE CARDS ***
Dealt to Mahu2021 [Kd 5s]
Mahu2021: raises 40 to 80
develishdean: calls 40
*** FLOP *** [7h 6c 2d]
develishdean: checks 
Mahu2021: checks 
*** TURN *** [7h 6c 2d] [9c]
develishdean: checks 
Mahu2021: checks 
*** RIVER *** [7h 6c 2d 9c] [4h]
develishdean: checks 
Mahu2021: checks 
*** SHOW DOWN ***
develishdean: shows [Jd Ts] (high card Jack)
Mahu2021: shows [Kd 5s] (high card King)
Mahu2021 collected 160 from pot
*** SUMMARY ***
Total pot 160 | Rake 0 
Board [7h 6c 2d 9c 4h]
Seat 1: develishdean (big blind) showed [Jd Ts] and lost with high card Jack
Seat 3: Mahu2021 (button) (small blind) showed [Kd 5s] and won (160) with high card King



PokerStars Hand #252905375354: Tournament #3811445034, $1.84+$0.16 USD Hold'em No Limit - Level IV (30/60) - 2024/10/13 13:37:17 CET [2024/10/13 7:37:17 ET]
Table '3811445034 1' 3-max Seat #1 is the button
Seat 1: develishdean (500 in chips) 
Seat 3: Mahu2021 (1000 in chips) 
develishdean: posts small blind 30
Mahu2021: posts big blind 60
*** HOLE CARDS ***
Dealt to Mahu2021 [4h Kd]
develishdean: calls 30
Mahu2021: raises 940 to 1000 and is all-in
develishdean: folds 
Uncalled bet (940) returned to Mahu2021
Mahu2021 collected 120 from pot
Mahu2021: doesn't show hand 
*** SUMMARY ***
Total pot 120 | Rake 0 
Seat 1: develishdean (button) (small blind) folded before Flop
Seat 3: Mahu2021 (big blind) collected (120)



PokerStars Hand #252905376536: Tournament #3811445034, $1.84+$0.16 USD Hold'em No Limit - Level IV (30/60) - 2024/10/13 13:37:25 CET [2024/10/13 7:37:25 ET]
Table '3811445034 1' 3-max Seat #3 is the button
Seat 1: develishdean (440 in chips) 
Seat 3: Mahu2021 (1060 in chips) 
Mahu2021: posts small blind 30
develishdean: posts big blind 60
*** HOLE CARDS ***
Dealt to Mahu2021 [Jc 5s]
Mahu2021: calls 30
develishdean: checks 
*** FLOP *** [7s 7d Jh]
develishdean: checks 
Mahu2021: bets 60
develishdean: calls 60
*** TURN *** [7s 7d Jh] [Kc]
develishdean: checks 
Mahu2021: checks 
*** RIVER *** [7s 7d Jh Kc] [Ah]
develishdean: checks 
Mahu2021: checks 
*** SHOW DOWN ***
develishdean: shows [Js 2d] (two pair, Jacks and Sevens)
Mahu2021: shows [Jc 5s] (two pair, Jacks and Sevens)
develishdean collected 120 from pot
Mahu2021 collected 120 from pot
*** SUMMARY ***
Total pot 240 | Rake 0 
Board [7s 7d Jh Kc Ah]
Seat 1: develishdean (big blind) showed [Js 2d] and won (120) with two pair, Jacks and Sevens
Seat 3: Mahu2021 (button) (small blind) showed [Jc 5s] and won (120) with two pair, Jacks and Sevens



PokerStars Hand #252905378588: Tournament #3811445034, $1.84+$0.16 USD Hold'em No Limit - Level IV (30/60) - 2024/10/13 13:37:38 CET [2024/10/13 7:37:38 ET]
Table '3811445034 1' 3-max Seat #1 is the button
Seat 1: develishdean (440 in chips) 
Seat 3: Mahu2021 (1060 in chips) 
develishdean: posts small blind 30
Mahu2021: posts big blind 60
*** HOLE CARDS ***
Dealt to Mahu2021 [Js 2h]
develishdean: calls 30
Mahu2021: checks 
*** FLOP *** [8h Qh 5h]
Mahu2021: checks 
develishdean: checks 
*** TURN *** [8h Qh 5h] [Jd]
Mahu2021: checks 
develishdean: checks 
*** RIVER *** [8h Qh 5h Jd] [Ks]
Mahu2021: bets 60
develishdean: folds 
Uncalled bet (60) returned to Mahu2021
Mahu2021 collected 120 from pot
Mahu2021: doesn't show hand 
*** SUMMARY ***
Total pot 120 | Rake 0 
Board [8h Qh 5h Jd Ks]
Seat 1: develishdean (button) (small blind) folded on the River
Seat 3: Mahu2021 (big blind) collected (120)



PokerStars Hand #252905380487: Tournament #3811445034, $1.84+$0.16 USD Hold'em No Limit - Level IV (30/60) - 2024/10/13 13:37:50 CET [2024/10/13 7:37:50 ET]
Table '3811445034 1' 3-max Seat #3 is the button
Seat 1: develishdean (380 in chips) 
Seat 3: Mahu2021 (1120 in chips) 
Mahu2021: posts small blind 30
develishdean: posts big blind 60
*** HOLE CARDS ***
Dealt to Mahu2021 [9s 2h]
Mahu2021: folds 
Uncalled bet (30) returned to develishdean
develishdean collected 60 from pot
*** SUMMARY ***
Total pot 60 | Rake 0 
Seat 1: develishdean (big blind) collected (60)
Seat 3: Mahu2021 (button) (small blind) folded before Flop



PokerStars Hand #252905381136: Tournament #3811445034, $1.84+$0.16 USD Hold'em No Limit - Level IV (30/60) - 2024/10/13 13:37:54 CET [2024/10/13 7:37:54 ET]
Table '3811445034 1' 3-max Seat #1 is the button
Seat 1: develishdean (410 in chips) 
Seat 3: Mahu2021 (1090 in chips) 
develishdean: posts small blind 30
Mahu2021: posts big blind 60
*** HOLE CARDS ***
Dealt to Mahu2021 [2c 2s]
develishdean: calls 30
Mahu2021: raises 1030 to 1090 and is all-in
develishdean: calls 350 and is all-in
Uncalled bet (680) returned to Mahu2021
*** FLOP *** [Qd 5d 8d]
*** TURN *** [Qd 5d 8d] [Kc]
*** RIVER *** [Qd 5d 8d Kc] [8s]
*** SHOW DOWN ***
Mahu2021: shows [2c 2s] (two pair, Eights and Deuces)
develishdean: shows [6c 7c] (a pair of Eights)
Mahu2021 collected 820 from pot
develishdean finished the tournament in 2nd place
Mahu2021 wins the tournament and receives $4.00 - congratulations!
*** SUMMARY ***
Total pot 820 | Rake 0 
Board [Qd 5d 8d Kc 8s]
Seat 1: develishdean (button) (small blind) showed [6c 7c] and lost with a pair of Eights
Seat 3: Mahu2021 (big blind) showed [2c 2s] and won (820) with two pair, Eights and Deuces



