PokerStars Hand #247533660428: Tournament #3683394248, $1.84+$0.16 USD Hold'em No Limit - Level I (10/20) - 2023/12/07 22:23:06 CET [2023/12/07 16:23:06 ET]
Table '3683394248 1' 3-max Seat #1 is the button
Seat 1: dobcho18 (500 in chips) 
Seat 2: AndreiN271 (500 in chips) 
Seat 3: Mahu2021 (500 in chips) 
AndreiN271: posts small blind 10
Mahu2021: posts big blind 20
*** HOLE CARDS ***
Dealt to Mahu2021 [2s 9d]
dobcho18: folds 
AndreiN271: calls 10
Mahu2021: checks 
*** FLOP *** [Ks As Tc]
AndreiN271: checks 
Mahu2021: checks 
*** TURN *** [Ks As Tc] [5c]
AndreiN271: checks 
Mahu2021: checks 
*** RIVER *** [Ks As Tc 5c] [5s]
AndreiN271: checks 
Mahu2021: bets 40
AndreiN271: calls 40
*** SHOW DOWN ***
Mahu2021: shows [2s 9d] (a pair of Fives)
AndreiN271: shows [6h Td] (two pair, Tens and Fives)
AndreiN271 collected 120 from pot
*** SUMMARY ***
Total pot 120 | Rake 0 
Board [Ks As Tc 5c 5s]
Seat 1: dobcho18 (button) folded before Flop (didn't bet)
Seat 2: AndreiN271 (small blind) showed [6h Td] and won (120) with two pair, Tens and Fives
Seat 3: Mahu2021 (big blind) showed [2s 9d] and lost with a pair of Fives



PokerStars Hand #247533668807: Tournament #3683394248, $1.84+$0.16 USD Hold'em No Limit - Level I (10/20) - 2023/12/07 22:23:30 CET [2023/12/07 16:23:30 ET]
Table '3683394248 1' 3-max Seat #2 is the button
Seat 1: dobcho18 (500 in chips) 
Seat 2: AndreiN271 (560 in chips) 
Seat 3: Mahu2021 (440 in chips) 
Mahu2021: posts small blind 10
dobcho18: posts big blind 20
*** HOLE CARDS ***
Dealt to Mahu2021 [Qc As]
AndreiN271: calls 20
Mahu2021: raises 40 to 60
dobcho18: raises 440 to 500 and is all-in
AndreiN271: folds 
Mahu2021: calls 380 and is all-in
Uncalled bet (60) returned to dobcho18
*** FLOP *** [Th Td Kc]
*** TURN *** [Th Td Kc] [2c]
*** RIVER *** [Th Td Kc 2c] [2d]
*** SHOW DOWN ***
Mahu2021: shows [Qc As] (two pair, Tens and Deuces)
dobcho18: shows [Tc Ac] (a full house, Tens full of Deuces)
dobcho18 collected 900 from pot
Mahu2021 finished the tournament in 3rd place
*** SUMMARY ***
Total pot 900 | Rake 0 
Board [Th Td Kc 2c 2d]
Seat 1: dobcho18 (big blind) showed [Tc Ac] and won (900) with a full house, Tens full of Deuces
Seat 2: AndreiN271 (button) folded before Flop
Seat 3: Mahu2021 (small blind) showed [Qc As] and lost with two pair, Tens and Deuces



