PokerStars Hand #254119849883: Tournament #3840445396, $1.84+$0.16 USD Hold'em No Limit - Level I (10/20) - 2024/12/31 11:15:21 CET [2024/12/31 5:15:21 ET]
Table '3840445396 1' 3-max Seat #1 is the button
Seat 1: Profish5 (500 in chips) 
Seat 2: neurodeuteriu (500 in chips) 
Seat 3: Mahu2021 (500 in chips) 
neurodeuteriu: posts small blind 10
Mahu2021: posts big blind 20
*** HOLE CARDS ***
Dealt to Mahu2021 [Jh Tc]
Profish5: folds 
neurodeuteriu: raises 20 to 40
Mahu2021: calls 20
*** FLOP *** [7d 7h 5d]
neurodeuteriu: checks 
Mahu2021: checks 
*** TURN *** [7d 7h 5d] [6d]
neurodeuteriu: bets 40
Mahu2021: folds 
Uncalled bet (40) returned to neurodeuteriu
neurodeuteriu collected 80 from pot
*** SUMMARY ***
Total pot 80 | Rake 0 
Board [7d 7h 5d 6d]
Seat 1: Profish5 (button) folded before Flop (didn't bet)
Seat 2: neurodeuteriu (small blind) collected (80)
Seat 3: Mahu2021 (big blind) folded on the Turn



PokerStars Hand #254119851736: Tournament #3840445396, $1.84+$0.16 USD Hold'em No Limit - Level I (10/20) - 2024/12/31 11:15:37 CET [2024/12/31 5:15:37 ET]
Table '3840445396 1' 3-max Seat #2 is the button
Seat 1: Profish5 (500 in chips) 
Seat 2: neurodeuteriu (540 in chips) 
Seat 3: Mahu2021 (460 in chips) 
Mahu2021: posts small blind 10
Profish5: posts big blind 20
*** HOLE CARDS ***
Dealt to Mahu2021 [8h Jc]
neurodeuteriu: folds 
Mahu2021: folds 
Uncalled bet (10) returned to Profish5
Profish5 collected 20 from pot
Profish5: doesn't show hand 
*** SUMMARY ***
Total pot 20 | Rake 0 
Seat 1: Profish5 (big blind) collected (20)
Seat 2: neurodeuteriu (button) folded before Flop (didn't bet)
Seat 3: Mahu2021 (small blind) folded before Flop



PokerStars Hand #254119852289: Tournament #3840445396, $1.84+$0.16 USD Hold'em No Limit - Level I (10/20) - 2024/12/31 11:15:42 CET [2024/12/31 5:15:42 ET]
Table '3840445396 1' 3-max Seat #3 is the button
Seat 1: Profish5 (510 in chips) 
Seat 2: neurodeuteriu (540 in chips) 
Seat 3: Mahu2021 (450 in chips) 
Profish5: posts small blind 10
neurodeuteriu: posts big blind 20
*** HOLE CARDS ***
Dealt to Mahu2021 [Kc 4s]
Mahu2021: folds 
Profish5: raises 20 to 40
neurodeuteriu: raises 60 to 100
Profish5: folds 
Uncalled bet (60) returned to neurodeuteriu
neurodeuteriu collected 80 from pot
*** SUMMARY ***
Total pot 80 | Rake 0 
Seat 1: Profish5 (small blind) folded before Flop
Seat 2: neurodeuteriu (big blind) collected (80)
Seat 3: Mahu2021 (button) folded before Flop (didn't bet)



PokerStars Hand #254119853758: Tournament #3840445396, $1.84+$0.16 USD Hold'em No Limit - Level I (10/20) - 2024/12/31 11:15:56 CET [2024/12/31 5:15:56 ET]
Table '3840445396 1' 3-max Seat #1 is the button
Seat 1: Profish5 (470 in chips) 
Seat 2: neurodeuteriu (580 in chips) 
Seat 3: Mahu2021 (450 in chips) 
neurodeuteriu: posts small blind 10
Mahu2021: posts big blind 20
*** HOLE CARDS ***
Dealt to Mahu2021 [2h Qs]
Profish5: raises 20 to 40
neurodeuteriu: folds 
Mahu2021: folds 
Uncalled bet (20) returned to Profish5
Profish5 collected 50 from pot
Profish5: doesn't show hand 
*** SUMMARY ***
Total pot 50 | Rake 0 
Seat 1: Profish5 (button) collected (50)
Seat 2: neurodeuteriu (small blind) folded before Flop
Seat 3: Mahu2021 (big blind) folded before Flop



PokerStars Hand #254119854660: Tournament #3840445396, $1.84+$0.16 USD Hold'em No Limit - Level I (10/20) - 2024/12/31 11:16:04 CET [2024/12/31 5:16:04 ET]
Table '3840445396 1' 3-max Seat #2 is the button
Seat 1: Profish5 (500 in chips) 
Seat 2: neurodeuteriu (570 in chips) 
Seat 3: Mahu2021 (430 in chips) 
Mahu2021: posts small blind 10
Profish5: posts big blind 20
*** HOLE CARDS ***
Dealt to Mahu2021 [7h Qh]
neurodeuteriu: raises 20 to 40
Mahu2021: calls 30
Profish5: folds 
*** FLOP *** [7s 2s 8c]
Mahu2021: bets 40
neurodeuteriu: calls 40
*** TURN *** [7s 2s 8c] [Jh]
Mahu2021: bets 40
neurodeuteriu: raises 90 to 130
Mahu2021: folds 
Uncalled bet (90) returned to neurodeuteriu
neurodeuteriu collected 260 from pot
*** SUMMARY ***
Total pot 260 | Rake 0 
Board [7s 2s 8c Jh]
Seat 1: Profish5 (big blind) folded before Flop
Seat 2: neurodeuteriu (button) collected (260)
Seat 3: Mahu2021 (small blind) folded on the Turn



PokerStars Hand #254119857112: Tournament #3840445396, $1.84+$0.16 USD Hold'em No Limit - Level I (10/20) - 2024/12/31 11:16:25 CET [2024/12/31 5:16:25 ET]
Table '3840445396 1' 3-max Seat #3 is the button
Seat 1: Profish5 (480 in chips) 
Seat 2: neurodeuteriu (710 in chips) 
Seat 3: Mahu2021 (310 in chips) 
Profish5: posts small blind 10
neurodeuteriu: posts big blind 20
*** HOLE CARDS ***
Dealt to Mahu2021 [7c 8s]
Mahu2021: folds 
Profish5: raises 20 to 40
neurodeuteriu: calls 20
*** FLOP *** [4c 6s 7h]
Profish5: bets 40
neurodeuteriu: calls 40
*** TURN *** [4c 6s 7h] [9d]
Profish5: bets 80
neurodeuteriu: folds 
Uncalled bet (80) returned to Profish5
Profish5 collected 160 from pot
Profish5: doesn't show hand 
*** SUMMARY ***
Total pot 160 | Rake 0 
Board [4c 6s 7h 9d]
Seat 1: Profish5 (small blind) collected (160)
Seat 2: neurodeuteriu (big blind) folded on the Turn
Seat 3: Mahu2021 (button) folded before Flop (didn't bet)



PokerStars Hand #254119859326: Tournament #3840445396, $1.84+$0.16 USD Hold'em No Limit - Level I (10/20) - 2024/12/31 11:16:45 CET [2024/12/31 5:16:45 ET]
Table '3840445396 1' 3-max Seat #1 is the button
Seat 1: Profish5 (560 in chips) 
Seat 2: neurodeuteriu (630 in chips) 
Seat 3: Mahu2021 (310 in chips) 
neurodeuteriu: posts small blind 10
Mahu2021: posts big blind 20
*** HOLE CARDS ***
Dealt to Mahu2021 [7d 8h]
Profish5: raises 540 to 560 and is all-in
neurodeuteriu: folds 
Mahu2021: folds 
Uncalled bet (540) returned to Profish5
Profish5 collected 50 from pot
Profish5: doesn't show hand 
*** SUMMARY ***
Total pot 50 | Rake 0 
Seat 1: Profish5 (button) collected (50)
Seat 2: neurodeuteriu (small blind) folded before Flop
Seat 3: Mahu2021 (big blind) folded before Flop



PokerStars Hand #254119860196: Tournament #3840445396, $1.84+$0.16 USD Hold'em No Limit - Level I (10/20) - 2024/12/31 11:16:53 CET [2024/12/31 5:16:53 ET]
Table '3840445396 1' 3-max Seat #2 is the button
Seat 1: Profish5 (590 in chips) 
Seat 2: neurodeuteriu (620 in chips) 
Seat 3: Mahu2021 (290 in chips) 
Mahu2021: posts small blind 10
Profish5: posts big blind 20
*** HOLE CARDS ***
Dealt to Mahu2021 [Tc 4s]
neurodeuteriu: folds 
Mahu2021: folds 
Uncalled bet (10) returned to Profish5
Profish5 collected 20 from pot
Profish5: doesn't show hand 
*** SUMMARY ***
Total pot 20 | Rake 0 
Seat 1: Profish5 (big blind) collected (20)
Seat 2: neurodeuteriu (button) folded before Flop (didn't bet)
Seat 3: Mahu2021 (small blind) folded before Flop



PokerStars Hand #254119860740: Tournament #3840445396, $1.84+$0.16 USD Hold'em No Limit - Level I (10/20) - 2024/12/31 11:16:58 CET [2024/12/31 5:16:58 ET]
Table '3840445396 1' 3-max Seat #3 is the button
Seat 1: Profish5 (600 in chips) 
Seat 2: neurodeuteriu (620 in chips) 
Seat 3: Mahu2021 (280 in chips) 
Profish5: posts small blind 10
neurodeuteriu: posts big blind 20
*** HOLE CARDS ***
Dealt to Mahu2021 [Th 2h]
Mahu2021: folds 
Profish5: folds 
Uncalled bet (10) returned to neurodeuteriu
neurodeuteriu collected 20 from pot
*** SUMMARY ***
Total pot 20 | Rake 0 
Seat 1: Profish5 (small blind) folded before Flop
Seat 2: neurodeuteriu (big blind) collected (20)
Seat 3: Mahu2021 (button) folded before Flop (didn't bet)



PokerStars Hand #254119861374: Tournament #3840445396, $1.84+$0.16 USD Hold'em No Limit - Level I (10/20) - 2024/12/31 11:17:03 CET [2024/12/31 5:17:03 ET]
Table '3840445396 1' 3-max Seat #1 is the button
Seat 1: Profish5 (590 in chips) 
Seat 2: neurodeuteriu (630 in chips) 
Seat 3: Mahu2021 (280 in chips) 
neurodeuteriu: posts small blind 10
Mahu2021: posts big blind 20
*** HOLE CARDS ***
Dealt to Mahu2021 [2c Ah]
Profish5: raises 570 to 590 and is all-in
neurodeuteriu: raises 40 to 630 and is all-in
Mahu2021: folds 
Uncalled bet (40) returned to neurodeuteriu
*** FLOP *** [5d 8h 9s]
*** TURN *** [5d 8h 9s] [8c]
*** RIVER *** [5d 8h 9s 8c] [6s]
*** SHOW DOWN ***
neurodeuteriu: shows [Ks Js] (a pair of Eights)
Profish5: shows [As Jc] (a pair of Eights - Ace kicker)
Profish5 collected 1200 from pot
*** SUMMARY ***
Total pot 1200 | Rake 0 
Board [5d 8h 9s 8c 6s]
Seat 1: Profish5 (button) showed [As Jc] and won (1200) with a pair of Eights
Seat 2: neurodeuteriu (small blind) showed [Ks Js] and lost with a pair of Eights
Seat 3: Mahu2021 (big blind) folded before Flop



PokerStars Hand #254119862860: Tournament #3840445396, $1.84+$0.16 USD Hold'em No Limit - Level I (10/20) - 2024/12/31 11:17:17 CET [2024/12/31 5:17:17 ET]
Table '3840445396 1' 3-max Seat #2 is the button
Seat 1: Profish5 (1200 in chips) 
Seat 2: neurodeuteriu (40 in chips) 
Seat 3: Mahu2021 (260 in chips) 
Mahu2021: posts small blind 10
Profish5: posts big blind 20
*** HOLE CARDS ***
Dealt to Mahu2021 [6d 4c]
neurodeuteriu: raises 20 to 40 and is all-in
Mahu2021: folds 
Profish5: calls 20
*** FLOP *** [7h Kd Th]
*** TURN *** [7h Kd Th] [Tc]
*** RIVER *** [7h Kd Th Tc] [6s]
*** SHOW DOWN ***
Profish5: shows [As 2s] (a pair of Tens)
neurodeuteriu: shows [3d 9d] (a pair of Tens - lower kicker)
Profish5 collected 90 from pot
neurodeuteriu finished the tournament in 3rd place
*** SUMMARY ***
Total pot 90 | Rake 0 
Board [7h Kd Th Tc 6s]
Seat 1: Profish5 (big blind) showed [As 2s] and won (90) with a pair of Tens
Seat 2: neurodeuteriu (button) showed [3d 9d] and lost with a pair of Tens
Seat 3: Mahu2021 (small blind) folded before Flop



PokerStars Hand #254119864930: Tournament #3840445396, $1.84+$0.16 USD Hold'em No Limit - Level II (15/30) - 2024/12/31 11:17:35 CET [2024/12/31 5:17:35 ET]
Table '3840445396 1' 3-max Seat #1 is the button
Seat 1: Profish5 (1250 in chips) 
Seat 3: Mahu2021 (250 in chips) 
Profish5: posts small blind 15
Mahu2021: posts big blind 30
*** HOLE CARDS ***
Dealt to Mahu2021 [3s 6h]
Profish5: raises 30 to 60
Mahu2021: folds 
Uncalled bet (30) returned to Profish5
Profish5 collected 60 from pot
Profish5: doesn't show hand 
*** SUMMARY ***
Total pot 60 | Rake 0 
Seat 1: Profish5 (button) (small blind) collected (60)
Seat 3: Mahu2021 (big blind) folded before Flop



PokerStars Hand #254119865470: Tournament #3840445396, $1.84+$0.16 USD Hold'em No Limit - Level II (15/30) - 2024/12/31 11:17:40 CET [2024/12/31 5:17:40 ET]
Table '3840445396 1' 3-max Seat #3 is the button
Seat 1: Profish5 (1280 in chips) 
Seat 3: Mahu2021 (220 in chips) 
Mahu2021: posts small blind 15
Profish5: posts big blind 30
*** HOLE CARDS ***
Dealt to Mahu2021 [Jh 5c]
Mahu2021: raises 190 to 220 and is all-in
Profish5: calls 190
*** FLOP *** [4d Qd 6s]
*** TURN *** [4d Qd 6s] [2h]
*** RIVER *** [4d Qd 6s 2h] [5h]
*** SHOW DOWN ***
Profish5: shows [Jc 2c] (a pair of Deuces)
Mahu2021: shows [Jh 5c] (a pair of Fives)
Mahu2021 collected 440 from pot
*** SUMMARY ***
Total pot 440 | Rake 0 
Board [4d Qd 6s 2h 5h]
Seat 1: Profish5 (big blind) showed [Jc 2c] and lost with a pair of Deuces
Seat 3: Mahu2021 (button) (small blind) showed [Jh 5c] and won (440) with a pair of Fives



PokerStars Hand #254119866926: Tournament #3840445396, $1.84+$0.16 USD Hold'em No Limit - Level II (15/30) - 2024/12/31 11:17:53 CET [2024/12/31 5:17:53 ET]
Table '3840445396 1' 3-max Seat #1 is the button
Seat 1: Profish5 (1060 in chips) 
Seat 3: Mahu2021 (440 in chips) 
Profish5: posts small blind 15
Mahu2021: posts big blind 30
*** HOLE CARDS ***
Dealt to Mahu2021 [8d 5c]
Profish5: raises 1030 to 1060 and is all-in
Mahu2021: folds 
Uncalled bet (1030) returned to Profish5
Profish5 collected 60 from pot
Profish5: doesn't show hand 
*** SUMMARY ***
Total pot 60 | Rake 0 
Seat 1: Profish5 (button) (small blind) collected (60)
Seat 3: Mahu2021 (big blind) folded before Flop



PokerStars Hand #254119867577: Tournament #3840445396, $1.84+$0.16 USD Hold'em No Limit - Level II (15/30) - 2024/12/31 11:17:59 CET [2024/12/31 5:17:59 ET]
Table '3840445396 1' 3-max Seat #3 is the button
Seat 1: Profish5 (1090 in chips) 
Seat 3: Mahu2021 (410 in chips) 
Mahu2021: posts small blind 15
Profish5: posts big blind 30
*** HOLE CARDS ***
Dealt to Mahu2021 [Jc 7d]
Mahu2021: folds 
Uncalled bet (15) returned to Profish5
Profish5 collected 30 from pot
Profish5: doesn't show hand 
*** SUMMARY ***
Total pot 30 | Rake 0 
Seat 1: Profish5 (big blind) collected (30)
Seat 3: Mahu2021 (button) (small blind) folded before Flop



PokerStars Hand #254119868043: Tournament #3840445396, $1.84+$0.16 USD Hold'em No Limit - Level II (15/30) - 2024/12/31 11:18:03 CET [2024/12/31 5:18:03 ET]
Table '3840445396 1' 3-max Seat #1 is the button
Seat 1: Profish5 (1105 in chips) 
Seat 3: Mahu2021 (395 in chips) 
Profish5: posts small blind 15
Mahu2021: posts big blind 30
*** HOLE CARDS ***
Dealt to Mahu2021 [4c As]
Profish5: calls 15
Mahu2021: raises 365 to 395 and is all-in
Profish5: folds 
Uncalled bet (365) returned to Mahu2021
Mahu2021 collected 60 from pot
Mahu2021: doesn't show hand 
*** SUMMARY ***
Total pot 60 | Rake 0 
Seat 1: Profish5 (button) (small blind) folded before Flop
Seat 3: Mahu2021 (big blind) collected (60)



PokerStars Hand #254119868803: Tournament #3840445396, $1.84+$0.16 USD Hold'em No Limit - Level II (15/30) - 2024/12/31 11:18:10 CET [2024/12/31 5:18:10 ET]
Table '3840445396 1' 3-max Seat #3 is the button
Seat 1: Profish5 (1075 in chips) 
Seat 3: Mahu2021 (425 in chips) 
Mahu2021: posts small blind 15
Profish5: posts big blind 30
*** HOLE CARDS ***
Dealt to Mahu2021 [Js 3d]
Mahu2021: folds 
Uncalled bet (15) returned to Profish5
Profish5 collected 30 from pot
Profish5: doesn't show hand 
*** SUMMARY ***
Total pot 30 | Rake 0 
Seat 1: Profish5 (big blind) collected (30)
Seat 3: Mahu2021 (button) (small blind) folded before Flop



PokerStars Hand #254119869279: Tournament #3840445396, $1.84+$0.16 USD Hold'em No Limit - Level II (15/30) - 2024/12/31 11:18:15 CET [2024/12/31 5:18:15 ET]
Table '3840445396 1' 3-max Seat #1 is the button
Seat 1: Profish5 (1090 in chips) 
Seat 3: Mahu2021 (410 in chips) 
Profish5: posts small blind 15
Mahu2021: posts big blind 30
*** HOLE CARDS ***
Dealt to Mahu2021 [Kd 6c]
Profish5: raises 30 to 60
Mahu2021: calls 30
*** FLOP *** [5c 8s Ks]
Mahu2021: checks 
Profish5: bets 120
Mahu2021: raises 230 to 350 and is all-in
Profish5: calls 230
*** TURN *** [5c 8s Ks] [Jh]
*** RIVER *** [5c 8s Ks Jh] [Js]
*** SHOW DOWN ***
Mahu2021: shows [Kd 6c] (two pair, Kings and Jacks)
Profish5: shows [Ac Th] (a pair of Jacks)
Mahu2021 collected 820 from pot
*** SUMMARY ***
Total pot 820 | Rake 0 
Board [5c 8s Ks Jh Js]
Seat 1: Profish5 (button) (small blind) showed [Ac Th] and lost with a pair of Jacks
Seat 3: Mahu2021 (big blind) showed [Kd 6c] and won (820) with two pair, Kings and Jacks



PokerStars Hand #254119871309: Tournament #3840445396, $1.84+$0.16 USD Hold'em No Limit - Level II (15/30) - 2024/12/31 11:18:33 CET [2024/12/31 5:18:33 ET]
Table '3840445396 1' 3-max Seat #3 is the button
Seat 1: Profish5 (680 in chips) 
Seat 3: Mahu2021 (820 in chips) 
Mahu2021: posts small blind 15
Profish5: posts big blind 30
*** HOLE CARDS ***
Dealt to Mahu2021 [4h 8c]
Mahu2021: folds 
Uncalled bet (15) returned to Profish5
Profish5 collected 30 from pot
Profish5: doesn't show hand 
*** SUMMARY ***
Total pot 30 | Rake 0 
Seat 1: Profish5 (big blind) collected (30)
Seat 3: Mahu2021 (button) (small blind) folded before Flop



PokerStars Hand #254119871983: Tournament #3840445396, $1.84+$0.16 USD Hold'em No Limit - Level II (15/30) - 2024/12/31 11:18:39 CET [2024/12/31 5:18:39 ET]
Table '3840445396 1' 3-max Seat #1 is the button
Seat 1: Profish5 (695 in chips) 
Seat 3: Mahu2021 (805 in chips) 
Profish5: posts small blind 15
Mahu2021: posts big blind 30
*** HOLE CARDS ***
Dealt to Mahu2021 [Td 4s]
Profish5: raises 30 to 60
Mahu2021: folds 
Uncalled bet (30) returned to Profish5
Profish5 collected 60 from pot
Profish5: doesn't show hand 
*** SUMMARY ***
Total pot 60 | Rake 0 
Seat 1: Profish5 (button) (small blind) collected (60)
Seat 3: Mahu2021 (big blind) folded before Flop



PokerStars Hand #254119872689: Tournament #3840445396, $1.84+$0.16 USD Hold'em No Limit - Level II (15/30) - 2024/12/31 11:18:45 CET [2024/12/31 5:18:45 ET]
Table '3840445396 1' 3-max Seat #3 is the button
Seat 1: Profish5 (725 in chips) 
Seat 3: Mahu2021 (775 in chips) 
Mahu2021: posts small blind 15
Profish5: posts big blind 30
*** HOLE CARDS ***
Dealt to Mahu2021 [3s Js]
Mahu2021: raises 30 to 60
Profish5: calls 30
*** FLOP *** [Qc 6c 3c]
Profish5: checks 
Mahu2021: bets 60
Profish5: folds 
Uncalled bet (60) returned to Mahu2021
Mahu2021 collected 120 from pot
Mahu2021: doesn't show hand 
*** SUMMARY ***
Total pot 120 | Rake 0 
Board [Qc 6c 3c]
Seat 1: Profish5 (big blind) folded on the Flop
Seat 3: Mahu2021 (button) (small blind) collected (120)



PokerStars Hand #254119873791: Tournament #3840445396, $1.84+$0.16 USD Hold'em No Limit - Level II (15/30) - 2024/12/31 11:18:55 CET [2024/12/31 5:18:55 ET]
Table '3840445396 1' 3-max Seat #1 is the button
Seat 1: Profish5 (665 in chips) 
Seat 3: Mahu2021 (835 in chips) 
Profish5: posts small blind 15
Mahu2021: posts big blind 30
*** HOLE CARDS ***
Dealt to Mahu2021 [Ks 2c]
Profish5: raises 30 to 60
Mahu2021: calls 30
*** FLOP *** [Js 8s 5c]
Mahu2021: checks 
Profish5: bets 60
Mahu2021: folds 
Uncalled bet (60) returned to Profish5
Profish5 collected 120 from pot
Profish5: doesn't show hand 
*** SUMMARY ***
Total pot 120 | Rake 0 
Board [Js 8s 5c]
Seat 1: Profish5 (button) (small blind) collected (120)
Seat 3: Mahu2021 (big blind) folded on the Flop



PokerStars Hand #254119874889: Tournament #3840445396, $1.84+$0.16 USD Hold'em No Limit - Level II (15/30) - 2024/12/31 11:19:05 CET [2024/12/31 5:19:05 ET]
Table '3840445396 1' 3-max Seat #3 is the button
Seat 1: Profish5 (725 in chips) 
Seat 3: Mahu2021 (775 in chips) 
Mahu2021: posts small blind 15
Profish5: posts big blind 30
*** HOLE CARDS ***
Dealt to Mahu2021 [Kc Qs]
Mahu2021: raises 60 to 90
Profish5: folds 
Uncalled bet (60) returned to Mahu2021
Mahu2021 collected 60 from pot
Mahu2021: doesn't show hand 
*** SUMMARY ***
Total pot 60 | Rake 0 
Seat 1: Profish5 (big blind) folded before Flop
Seat 3: Mahu2021 (button) (small blind) collected (60)



PokerStars Hand #254119875545: Tournament #3840445396, $1.84+$0.16 USD Hold'em No Limit - Level II (15/30) - 2024/12/31 11:19:11 CET [2024/12/31 5:19:11 ET]
Table '3840445396 1' 3-max Seat #1 is the button
Seat 1: Profish5 (695 in chips) 
Seat 3: Mahu2021 (805 in chips) 
Profish5: posts small blind 15
Mahu2021: posts big blind 30
*** HOLE CARDS ***
Dealt to Mahu2021 [2h 6h]
Profish5: raises 665 to 695 and is all-in
Mahu2021: folds 
Uncalled bet (665) returned to Profish5
Profish5 collected 60 from pot
Profish5: doesn't show hand 
*** SUMMARY ***
Total pot 60 | Rake 0 
Seat 1: Profish5 (button) (small blind) collected (60)
Seat 3: Mahu2021 (big blind) folded before Flop



PokerStars Hand #254119876213: Tournament #3840445396, $1.84+$0.16 USD Hold'em No Limit - Level II (15/30) - 2024/12/31 11:19:17 CET [2024/12/31 5:19:17 ET]
Table '3840445396 1' 3-max Seat #3 is the button
Seat 1: Profish5 (725 in chips) 
Seat 3: Mahu2021 (775 in chips) 
Mahu2021: posts small blind 15
Profish5: posts big blind 30
*** HOLE CARDS ***
Dealt to Mahu2021 [Ah 8d]
Mahu2021: raises 30 to 60
Profish5: calls 30
*** FLOP *** [6s 5s 2s]
Profish5: checks 
Mahu2021: checks 
*** TURN *** [6s 5s 2s] [Qs]
Profish5: checks 
Mahu2021: checks 
*** RIVER *** [6s 5s 2s Qs] [6d]
Profish5: bets 90
Mahu2021: calls 90
*** SHOW DOWN ***
Profish5: shows [4s Th] (a flush, Queen high)
Mahu2021: mucks hand 
Profish5 collected 300 from pot
*** SUMMARY ***
Total pot 300 | Rake 0 
Board [6s 5s 2s Qs 6d]
Seat 1: Profish5 (big blind) showed [4s Th] and won (300) with a flush, Queen high
Seat 3: Mahu2021 (button) (small blind) mucked [Ah 8d]



PokerStars Hand #254119878175: Tournament #3840445396, $1.84+$0.16 USD Hold'em No Limit - Level III (20/40) - 2024/12/31 11:19:34 CET [2024/12/31 5:19:34 ET]
Table '3840445396 1' 3-max Seat #1 is the button
Seat 1: Profish5 (875 in chips) 
Seat 3: Mahu2021 (625 in chips) 
Profish5: posts small blind 20
Mahu2021: posts big blind 40
*** HOLE CARDS ***
Dealt to Mahu2021 [2c Qd]
Profish5: calls 20
Mahu2021: checks 
*** FLOP *** [As 9d Qc]
Mahu2021: checks 
Profish5: bets 40
Mahu2021: calls 40
*** TURN *** [As 9d Qc] [7s]
Mahu2021: checks 
Profish5: checks 
*** RIVER *** [As 9d Qc 7s] [Tc]
Mahu2021: bets 545 and is all-in
Profish5: folds 
Uncalled bet (545) returned to Mahu2021
Mahu2021 collected 160 from pot
Mahu2021: doesn't show hand 
*** SUMMARY ***
Total pot 160 | Rake 0 
Board [As 9d Qc 7s Tc]
Seat 1: Profish5 (button) (small blind) folded on the River
Seat 3: Mahu2021 (big blind) collected (160)



PokerStars Hand #254119880107: Tournament #3840445396, $1.84+$0.16 USD Hold'em No Limit - Level III (20/40) - 2024/12/31 11:19:51 CET [2024/12/31 5:19:51 ET]
Table '3840445396 1' 3-max Seat #3 is the button
Seat 1: Profish5 (795 in chips) 
Seat 3: Mahu2021 (705 in chips) 
Mahu2021: posts small blind 20
Profish5: posts big blind 40
*** HOLE CARDS ***
Dealt to Mahu2021 [7c 6d]
Mahu2021: calls 20
Profish5: raises 755 to 795 and is all-in
Mahu2021: folds 
Uncalled bet (755) returned to Profish5
Profish5 collected 80 from pot
Profish5: doesn't show hand 
*** SUMMARY ***
Total pot 80 | Rake 0 
Seat 1: Profish5 (big blind) collected (80)
Seat 3: Mahu2021 (button) (small blind) folded before Flop



PokerStars Hand #254119880977: Tournament #3840445396, $1.84+$0.16 USD Hold'em No Limit - Level III (20/40) - 2024/12/31 11:19:59 CET [2024/12/31 5:19:59 ET]
Table '3840445396 1' 3-max Seat #1 is the button
Seat 1: Profish5 (835 in chips) 
Seat 3: Mahu2021 (665 in chips) 
Profish5: posts small blind 20
Mahu2021: posts big blind 40
*** HOLE CARDS ***
Dealt to Mahu2021 [6h Ts]
Profish5: calls 20
Mahu2021: checks 
*** FLOP *** [3c Jd Qd]
Mahu2021: checks 
Profish5: bets 40
Mahu2021: folds 
Uncalled bet (40) returned to Profish5
Profish5 collected 80 from pot
Profish5: doesn't show hand 
*** SUMMARY ***
Total pot 80 | Rake 0 
Board [3c Jd Qd]
Seat 1: Profish5 (button) (small blind) collected (80)
Seat 3: Mahu2021 (big blind) folded on the Flop



PokerStars Hand #254119881973: Tournament #3840445396, $1.84+$0.16 USD Hold'em No Limit - Level III (20/40) - 2024/12/31 11:20:07 CET [2024/12/31 5:20:07 ET]
Table '3840445396 1' 3-max Seat #3 is the button
Seat 1: Profish5 (875 in chips) 
Seat 3: Mahu2021 (625 in chips) 
Mahu2021: posts small blind 20
Profish5: posts big blind 40
*** HOLE CARDS ***
Dealt to Mahu2021 [Kd Jd]
Mahu2021: raises 40 to 80
Profish5: raises 795 to 875 and is all-in
Mahu2021: calls 545 and is all-in
Uncalled bet (250) returned to Profish5
*** FLOP *** [Th 4s 8c]
*** TURN *** [Th 4s 8c] [3h]
*** RIVER *** [Th 4s 8c 3h] [3c]
*** SHOW DOWN ***
Profish5: shows [2s 2d] (two pair, Threes and Deuces)
Mahu2021: shows [Kd Jd] (a pair of Threes)
Profish5 collected 1250 from pot
Mahu2021 finished the tournament in 2nd place
Profish5 wins the tournament and receives $4.00 - congratulations!
*** SUMMARY ***
Total pot 1250 | Rake 0 
Board [Th 4s 8c 3h 3c]
Seat 1: Profish5 (big blind) showed [2s 2d] and won (1250) with two pair, Threes and Deuces
Seat 3: Mahu2021 (button) (small blind) showed [Kd Jd] and lost with a pair of Threes



