PokerStars Hand #252856425223: Tournament #3810285846, $1.84+$0.16 USD Hold'em No Limit - Level I (10/20) - 2024/10/10 12:40:42 CET [2024/10/10 6:40:42 ET]
Table '3810285846 1' 3-max Seat #1 is the button
Seat 1: Simonegrc (500 in chips) 
Seat 2: godluck1994 (500 in chips) 
Seat 3: Mahu2021 (500 in chips) 
godluck1994: posts small blind 10
Mahu2021: posts big blind 20
*** HOLE CARDS ***
Dealt to Mahu2021 [Kh 7c]
Simonegrc: raises 40 to 60
godluck1994: folds 
Mahu2021: folds 
Uncalled bet (40) returned to Simonegrc
Simonegrc collected 50 from pot
*** SUMMARY ***
Total pot 50 | Rake 0 
Seat 1: Simonegrc (button) collected (50)
Seat 2: godluck1994 (small blind) folded before Flop
Seat 3: Mahu2021 (big blind) folded before Flop



PokerStars Hand #252856426078: Tournament #3810285846, $1.84+$0.16 USD Hold'em No Limit - Level I (10/20) - 2024/10/10 12:40:49 CET [2024/10/10 6:40:49 ET]
Table '3810285846 1' 3-max Seat #2 is the button
Seat 1: Simonegrc (530 in chips) 
Seat 2: godluck1994 (490 in chips) 
Seat 3: Mahu2021 (480 in chips) 
Mahu2021: posts small blind 10
Simonegrc: posts big blind 20
*** HOLE CARDS ***
Dealt to Mahu2021 [Qc 8h]
godluck1994: raises 20 to 40
Mahu2021: calls 30
Simonegrc: folds 
*** FLOP *** [2d Kc 2c]
Mahu2021: checks 
godluck1994: bets 20
Mahu2021: calls 20
*** TURN *** [2d Kc 2c] [3h]
Mahu2021: checks 
godluck1994: checks 
*** RIVER *** [2d Kc 2c 3h] [Qh]
Mahu2021: bets 140
godluck1994: folds 
Uncalled bet (140) returned to Mahu2021
Mahu2021 collected 140 from pot
Mahu2021: doesn't show hand 
*** SUMMARY ***
Total pot 140 | Rake 0 
Board [2d Kc 2c 3h Qh]
Seat 1: Simonegrc (big blind) folded before Flop
Seat 2: godluck1994 (button) folded on the River
Seat 3: Mahu2021 (small blind) collected (140)



PokerStars Hand #252856429808: Tournament #3810285846, $1.84+$0.16 USD Hold'em No Limit - Level I (10/20) - 2024/10/10 12:41:18 CET [2024/10/10 6:41:18 ET]
Table '3810285846 1' 3-max Seat #3 is the button
Seat 1: Simonegrc (510 in chips) 
Seat 2: godluck1994 (430 in chips) 
Seat 3: Mahu2021 (560 in chips) 
Simonegrc: posts small blind 10
godluck1994: posts big blind 20
*** HOLE CARDS ***
Dealt to Mahu2021 [3h 2c]
Mahu2021: folds 
Simonegrc: calls 10
godluck1994: raises 80 to 100
Simonegrc: calls 80
*** FLOP *** [9s Td Kc]
Simonegrc: bets 410 and is all-in
godluck1994: calls 330 and is all-in
Uncalled bet (80) returned to Simonegrc
*** TURN *** [9s Td Kc] [4s]
*** RIVER *** [9s Td Kc 4s] [Ad]
*** SHOW DOWN ***
Simonegrc: shows [2s Kd] (a pair of Kings)
godluck1994: shows [Qc As] (a pair of Aces)
godluck1994 collected 860 from pot
*** SUMMARY ***
Total pot 860 | Rake 0 
Board [9s Td Kc 4s Ad]
Seat 1: Simonegrc (small blind) showed [2s Kd] and lost with a pair of Kings
Seat 2: godluck1994 (big blind) showed [Qc As] and won (860) with a pair of Aces
Seat 3: Mahu2021 (button) folded before Flop (didn't bet)



PokerStars Hand #252856433646: Tournament #3810285846, $1.84+$0.16 USD Hold'em No Limit - Level I (10/20) - 2024/10/10 12:41:49 CET [2024/10/10 6:41:49 ET]
Table '3810285846 1' 3-max Seat #1 is the button
Seat 1: Simonegrc (80 in chips) 
Seat 2: godluck1994 (860 in chips) 
Seat 3: Mahu2021 (560 in chips) 
godluck1994: posts small blind 10
Mahu2021: posts big blind 20
*** HOLE CARDS ***
Dealt to Mahu2021 [4c 6h]
Simonegrc: raises 60 to 80 and is all-in
godluck1994: folds 
Mahu2021: folds 
Uncalled bet (60) returned to Simonegrc
Simonegrc collected 50 from pot
*** SUMMARY ***
Total pot 50 | Rake 0 
Seat 1: Simonegrc (button) collected (50)
Seat 2: godluck1994 (small blind) folded before Flop
Seat 3: Mahu2021 (big blind) folded before Flop



PokerStars Hand #252856434467: Tournament #3810285846, $1.84+$0.16 USD Hold'em No Limit - Level I (10/20) - 2024/10/10 12:41:55 CET [2024/10/10 6:41:55 ET]
Table '3810285846 1' 3-max Seat #2 is the button
Seat 1: Simonegrc (110 in chips) 
Seat 2: godluck1994 (850 in chips) 
Seat 3: Mahu2021 (540 in chips) 
Mahu2021: posts small blind 10
Simonegrc: posts big blind 20
*** HOLE CARDS ***
Dealt to Mahu2021 [5s 6s]
godluck1994: folds 
Mahu2021: folds 
Uncalled bet (10) returned to Simonegrc
Simonegrc collected 20 from pot
*** SUMMARY ***
Total pot 20 | Rake 0 
Seat 1: Simonegrc (big blind) collected (20)
Seat 2: godluck1994 (button) folded before Flop (didn't bet)
Seat 3: Mahu2021 (small blind) folded before Flop



PokerStars Hand #252856435166: Tournament #3810285846, $1.84+$0.16 USD Hold'em No Limit - Level I (10/20) - 2024/10/10 12:42:01 CET [2024/10/10 6:42:01 ET]
Table '3810285846 1' 3-max Seat #3 is the button
Seat 1: Simonegrc (120 in chips) 
Seat 2: godluck1994 (850 in chips) 
Seat 3: Mahu2021 (530 in chips) 
Simonegrc: posts small blind 10
godluck1994: posts big blind 20
*** HOLE CARDS ***
Dealt to Mahu2021 [Qs Qc]
Mahu2021: raises 510 to 530 and is all-in
Simonegrc: folds 
godluck1994: folds 
Uncalled bet (510) returned to Mahu2021
Mahu2021 collected 50 from pot
Mahu2021: doesn't show hand 
*** SUMMARY ***
Total pot 50 | Rake 0 
Seat 1: Simonegrc (small blind) folded before Flop
Seat 2: godluck1994 (big blind) folded before Flop
Seat 3: Mahu2021 (button) collected (50)



PokerStars Hand #252856436416: Tournament #3810285846, $1.84+$0.16 USD Hold'em No Limit - Level I (10/20) - 2024/10/10 12:42:11 CET [2024/10/10 6:42:11 ET]
Table '3810285846 1' 3-max Seat #1 is the button
Seat 1: Simonegrc (110 in chips) 
Seat 2: godluck1994 (830 in chips) 
Seat 3: Mahu2021 (560 in chips) 
godluck1994: posts small blind 10
Mahu2021: posts big blind 20
*** HOLE CARDS ***
Dealt to Mahu2021 [5h 6d]
Simonegrc: raises 20 to 40
godluck1994: folds 
Mahu2021: calls 20
*** FLOP *** [Qh 6s 9d]
Mahu2021: checks 
Simonegrc: checks 
*** TURN *** [Qh 6s 9d] [7h]
Mahu2021: bets 20
Simonegrc: calls 20
*** RIVER *** [Qh 6s 9d 7h] [Js]
Mahu2021: bets 20
Simonegrc: folds 
Uncalled bet (20) returned to Mahu2021
Mahu2021 collected 130 from pot
Mahu2021: doesn't show hand 
*** SUMMARY ***
Total pot 130 | Rake 0 
Board [Qh 6s 9d 7h Js]
Seat 1: Simonegrc (button) folded on the River
Seat 2: godluck1994 (small blind) folded before Flop
Seat 3: Mahu2021 (big blind) collected (130)



PokerStars Hand #252856438731: Tournament #3810285846, $1.84+$0.16 USD Hold'em No Limit - Level I (10/20) - 2024/10/10 12:42:29 CET [2024/10/10 6:42:29 ET]
Table '3810285846 1' 3-max Seat #2 is the button
Seat 1: Simonegrc (50 in chips) 
Seat 2: godluck1994 (820 in chips) 
Seat 3: Mahu2021 (630 in chips) 
Mahu2021: posts small blind 10
Simonegrc: posts big blind 20
*** HOLE CARDS ***
Dealt to Mahu2021 [2d Ts]
godluck1994: folds 
Mahu2021: folds 
Uncalled bet (10) returned to Simonegrc
Simonegrc collected 20 from pot
*** SUMMARY ***
Total pot 20 | Rake 0 
Seat 1: Simonegrc (big blind) collected (20)
Seat 2: godluck1994 (button) folded before Flop (didn't bet)
Seat 3: Mahu2021 (small blind) folded before Flop



PokerStars Hand #252856439715: Tournament #3810285846, $1.84+$0.16 USD Hold'em No Limit - Level I (10/20) - 2024/10/10 12:42:37 CET [2024/10/10 6:42:37 ET]
Table '3810285846 1' 3-max Seat #3 is the button
Seat 1: Simonegrc (60 in chips) 
Seat 2: godluck1994 (820 in chips) 
Seat 3: Mahu2021 (620 in chips) 
Simonegrc: posts small blind 10
godluck1994: posts big blind 20
*** HOLE CARDS ***
Dealt to Mahu2021 [5h 4d]
Mahu2021: folds 
Simonegrc: raises 40 to 60 and is all-in
godluck1994: calls 40
*** FLOP *** [3d As Js]
*** TURN *** [3d As Js] [8s]
*** RIVER *** [3d As Js 8s] [Kc]
*** SHOW DOWN ***
Simonegrc: shows [8h Ad] (two pair, Aces and Eights)
godluck1994: shows [Jd 9s] (a pair of Jacks)
Simonegrc collected 120 from pot
*** SUMMARY ***
Total pot 120 | Rake 0 
Board [3d As Js 8s Kc]
Seat 1: Simonegrc (small blind) showed [8h Ad] and won (120) with two pair, Aces and Eights
Seat 2: godluck1994 (big blind) showed [Jd 9s] and lost with a pair of Jacks
Seat 3: Mahu2021 (button) folded before Flop (didn't bet)



PokerStars Hand #252856442192: Tournament #3810285846, $1.84+$0.16 USD Hold'em No Limit - Level II (15/30) - 2024/10/10 12:42:57 CET [2024/10/10 6:42:57 ET]
Table '3810285846 1' 3-max Seat #1 is the button
Seat 1: Simonegrc (120 in chips) 
Seat 2: godluck1994 (760 in chips) 
Seat 3: Mahu2021 (620 in chips) 
godluck1994: posts small blind 15
Mahu2021: posts big blind 30
*** HOLE CARDS ***
Dealt to Mahu2021 [Ks 5d]
Simonegrc: raises 30 to 60
godluck1994: calls 45
Mahu2021: calls 30
*** FLOP *** [Js 6c 9h]
godluck1994: checks 
Mahu2021: checks 
Simonegrc: checks 
*** TURN *** [Js 6c 9h] [3s]
godluck1994: bets 30
Mahu2021: folds 
Simonegrc: calls 30
*** RIVER *** [Js 6c 9h 3s] [4c]
godluck1994: bets 30
Simonegrc: calls 30 and is all-in
*** SHOW DOWN ***
godluck1994: shows [Qs Jd] (a pair of Jacks)
Simonegrc: shows [Tc Kc] (high card King)
godluck1994 collected 300 from pot
Simonegrc finished the tournament in 3rd place
*** SUMMARY ***
Total pot 300 | Rake 0 
Board [Js 6c 9h 3s 4c]
Seat 1: Simonegrc (button) showed [Tc Kc] and lost with high card King
Seat 2: godluck1994 (small blind) showed [Qs Jd] and won (300) with a pair of Jacks
Seat 3: Mahu2021 (big blind) folded on the Turn



PokerStars Hand #252856446568: Tournament #3810285846, $1.84+$0.16 USD Hold'em No Limit - Level II (15/30) - 2024/10/10 12:43:32 CET [2024/10/10 6:43:32 ET]
Table '3810285846 1' 3-max Seat #3 is the button
Seat 2: godluck1994 (940 in chips) 
Seat 3: Mahu2021 (560 in chips) 
Mahu2021: posts small blind 15
godluck1994: posts big blind 30
*** HOLE CARDS ***
Dealt to Mahu2021 [6c 5h]
Mahu2021: calls 15
godluck1994: raises 60 to 90
Mahu2021: folds 
Uncalled bet (60) returned to godluck1994
godluck1994 collected 60 from pot
godluck1994: doesn't show hand 
*** SUMMARY ***
Total pot 60 | Rake 0 
Seat 2: godluck1994 (big blind) collected (60)
Seat 3: Mahu2021 (button) (small blind) folded before Flop



PokerStars Hand #252856447611: Tournament #3810285846, $1.84+$0.16 USD Hold'em No Limit - Level II (15/30) - 2024/10/10 12:43:40 CET [2024/10/10 6:43:40 ET]
Table '3810285846 1' 3-max Seat #2 is the button
Seat 2: godluck1994 (970 in chips) 
Seat 3: Mahu2021 (530 in chips) 
godluck1994: posts small blind 15
Mahu2021: posts big blind 30
*** HOLE CARDS ***
Dealt to Mahu2021 [Ts Kh]
godluck1994: calls 15
Mahu2021: checks 
*** FLOP *** [8s 5c 5d]
Mahu2021: checks 
godluck1994: bets 30
Mahu2021: folds 
Uncalled bet (30) returned to godluck1994
godluck1994 collected 60 from pot
godluck1994: doesn't show hand 
*** SUMMARY ***
Total pot 60 | Rake 0 
Board [8s 5c 5d]
Seat 2: godluck1994 (button) (small blind) collected (60)
Seat 3: Mahu2021 (big blind) folded on the Flop



PokerStars Hand #252856449745: Tournament #3810285846, $1.84+$0.16 USD Hold'em No Limit - Level II (15/30) - 2024/10/10 12:43:57 CET [2024/10/10 6:43:57 ET]
Table '3810285846 1' 3-max Seat #3 is the button
Seat 2: godluck1994 (1000 in chips) 
Seat 3: Mahu2021 (500 in chips) 
Mahu2021: posts small blind 15
godluck1994: posts big blind 30
*** HOLE CARDS ***
Dealt to Mahu2021 [8h 2s]
Mahu2021: folds 
Uncalled bet (15) returned to godluck1994
godluck1994 collected 30 from pot
godluck1994: doesn't show hand 
*** SUMMARY ***
Total pot 30 | Rake 0 
Seat 2: godluck1994 (big blind) collected (30)
Seat 3: Mahu2021 (button) (small blind) folded before Flop



PokerStars Hand #252856450347: Tournament #3810285846, $1.84+$0.16 USD Hold'em No Limit - Level II (15/30) - 2024/10/10 12:44:02 CET [2024/10/10 6:44:02 ET]
Table '3810285846 1' 3-max Seat #2 is the button
Seat 2: godluck1994 (1015 in chips) 
Seat 3: Mahu2021 (485 in chips) 
godluck1994: posts small blind 15
Mahu2021: posts big blind 30
*** HOLE CARDS ***
Dealt to Mahu2021 [6h 8d]
godluck1994: raises 30 to 60
Mahu2021: folds 
Uncalled bet (30) returned to godluck1994
godluck1994 collected 60 from pot
godluck1994: doesn't show hand 
*** SUMMARY ***
Total pot 60 | Rake 0 
Seat 2: godluck1994 (button) (small blind) collected (60)
Seat 3: Mahu2021 (big blind) folded before Flop



PokerStars Hand #252856451120: Tournament #3810285846, $1.84+$0.16 USD Hold'em No Limit - Level II (15/30) - 2024/10/10 12:44:08 CET [2024/10/10 6:44:08 ET]
Table '3810285846 1' 3-max Seat #3 is the button
Seat 2: godluck1994 (1045 in chips) 
Seat 3: Mahu2021 (455 in chips) 
Mahu2021: posts small blind 15
godluck1994: posts big blind 30
*** HOLE CARDS ***
Dealt to Mahu2021 [Kd Jh]
Mahu2021: raises 60 to 90
godluck1994: folds 
Uncalled bet (60) returned to Mahu2021
Mahu2021 collected 60 from pot
Mahu2021: doesn't show hand 
*** SUMMARY ***
Total pot 60 | Rake 0 
Seat 2: godluck1994 (big blind) folded before Flop
Seat 3: Mahu2021 (button) (small blind) collected (60)



PokerStars Hand #252856451929: Tournament #3810285846, $1.84+$0.16 USD Hold'em No Limit - Level II (15/30) - 2024/10/10 12:44:14 CET [2024/10/10 6:44:14 ET]
Table '3810285846 1' 3-max Seat #2 is the button
Seat 2: godluck1994 (1015 in chips) 
Seat 3: Mahu2021 (485 in chips) 
godluck1994: posts small blind 15
Mahu2021: posts big blind 30
*** HOLE CARDS ***
Dealt to Mahu2021 [5s 6h]
godluck1994: raises 30 to 60
Mahu2021: calls 30
*** FLOP *** [Qd Kc 7h]
Mahu2021: checks 
godluck1994: bets 30
Mahu2021: folds 
Uncalled bet (30) returned to godluck1994
godluck1994 collected 120 from pot
godluck1994: doesn't show hand 
*** SUMMARY ***
Total pot 120 | Rake 0 
Board [Qd Kc 7h]
Seat 2: godluck1994 (button) (small blind) collected (120)
Seat 3: Mahu2021 (big blind) folded on the Flop



PokerStars Hand #252856453342: Tournament #3810285846, $1.84+$0.16 USD Hold'em No Limit - Level II (15/30) - 2024/10/10 12:44:25 CET [2024/10/10 6:44:25 ET]
Table '3810285846 1' 3-max Seat #3 is the button
Seat 2: godluck1994 (1075 in chips) 
Seat 3: Mahu2021 (425 in chips) 
Mahu2021: posts small blind 15
godluck1994: posts big blind 30
*** HOLE CARDS ***
Dealt to Mahu2021 [2d 8d]
Mahu2021: folds 
Uncalled bet (15) returned to godluck1994
godluck1994 collected 30 from pot
godluck1994: doesn't show hand 
*** SUMMARY ***
Total pot 30 | Rake 0 
Seat 2: godluck1994 (big blind) collected (30)
Seat 3: Mahu2021 (button) (small blind) folded before Flop



PokerStars Hand #252856453878: Tournament #3810285846, $1.84+$0.16 USD Hold'em No Limit - Level II (15/30) - 2024/10/10 12:44:30 CET [2024/10/10 6:44:30 ET]
Table '3810285846 1' 3-max Seat #2 is the button
Seat 2: godluck1994 (1090 in chips) 
Seat 3: Mahu2021 (410 in chips) 
godluck1994: posts small blind 15
Mahu2021: posts big blind 30
*** HOLE CARDS ***
Dealt to Mahu2021 [2c 4c]
godluck1994: raises 30 to 60
Mahu2021: calls 30
*** FLOP *** [Qh 3s Tc]
Mahu2021: checks 
godluck1994: bets 30
Mahu2021: calls 30
*** TURN *** [Qh 3s Tc] [Td]
Mahu2021: checks 
godluck1994: checks 
*** RIVER *** [Qh 3s Tc Td] [4d]
Mahu2021: bets 320 and is all-in
godluck1994: calls 320
*** SHOW DOWN ***
Mahu2021: shows [2c 4c] (two pair, Tens and Fours)
godluck1994: shows [Ts 8c] (three of a kind, Tens)
godluck1994 collected 820 from pot
Mahu2021 finished the tournament in 2nd place
godluck1994 wins the tournament and receives $4.00 - congratulations!
*** SUMMARY ***
Total pot 820 | Rake 0 
Board [Qh 3s Tc Td 4d]
Seat 2: godluck1994 (button) (small blind) showed [Ts 8c] and won (820) with three of a kind, Tens
Seat 3: Mahu2021 (big blind) showed [2c 4c] and lost with two pair, Tens and Fours



