PokerStars Hand #250512161815: Tournament #3754752989, $9.30+$0.70 USD Hold'em No Limit - Level I (10/20) - 2024/05/15 17:15:17 CET [2024/05/15 11:15:17 ET]
Table '3754752989 1' 3-max Seat #1 is the button
Seat 1: n3x0r1 (500 in chips) 
Seat 2: pleasesur (500 in chips) 
Seat 3: Mahu2021 (500 in chips) 
pleasesur: posts small blind 10
Mahu2021: posts big blind 20
*** HOLE CARDS ***
Dealt to Mahu2021 [6d 3c]
n3x0r1: folds 
pleasesur: calls 10
Mahu2021: checks 
*** FLOP *** [Ks Jd Kc]
pleasesur: checks 
Mahu2021: checks 
*** TURN *** [Ks Jd Kc] [As]
pleasesur: checks 
Mahu2021: bets 20
pleasesur: calls 20
*** RIVER *** [Ks Jd Kc As] [4s]
pleasesur: checks 
Mahu2021: bets 80
pleasesur: folds 
Uncalled bet (80) returned to Mahu2021
Mahu2021 collected 80 from pot
Mahu2021: doesn't show hand 
*** SUMMARY ***
Total pot 80 | Rake 0 
Board [Ks Jd Kc As 4s]
Seat 1: n3x0r1 (button) folded before Flop (didn't bet)
Seat 2: pleasesur (small blind) folded on the River
Seat 3: Mahu2021 (big blind) collected (80)



PokerStars Hand #250512167159: Tournament #3754752989, $9.30+$0.70 USD Hold'em No Limit - Level I (10/20) - 2024/05/15 17:15:40 CET [2024/05/15 11:15:40 ET]
Table '3754752989 1' 3-max Seat #2 is the button
Seat 1: n3x0r1 (500 in chips) 
Seat 2: pleasesur (460 in chips) 
Seat 3: Mahu2021 (540 in chips) 
Mahu2021: posts small blind 10
n3x0r1: posts big blind 20
*** HOLE CARDS ***
Dealt to Mahu2021 [2s Ts]
pleasesur: calls 20
Mahu2021: folds 
n3x0r1: checks 
*** FLOP *** [Tc Ks 2h]
n3x0r1: checks 
pleasesur: bets 60
n3x0r1: folds 
Uncalled bet (60) returned to pleasesur
pleasesur collected 50 from pot
*** SUMMARY ***
Total pot 50 | Rake 0 
Board [Tc Ks 2h]
Seat 1: n3x0r1 (big blind) folded on the Flop
Seat 2: pleasesur (button) collected (50)
Seat 3: Mahu2021 (small blind) folded before Flop



PokerStars Hand #250512172742: Tournament #3754752989, $9.30+$0.70 USD Hold'em No Limit - Level I (10/20) - 2024/05/15 17:16:04 CET [2024/05/15 11:16:04 ET]
Table '3754752989 1' 3-max Seat #3 is the button
Seat 1: n3x0r1 (480 in chips) 
Seat 2: pleasesur (490 in chips) 
Seat 3: Mahu2021 (530 in chips) 
n3x0r1: posts small blind 10
pleasesur: posts big blind 20
*** HOLE CARDS ***
Dealt to Mahu2021 [Jh 6h]
Mahu2021: calls 20
n3x0r1: folds 
pleasesur: checks 
*** FLOP *** [Qc 9d 8c]
pleasesur: checks 
Mahu2021: checks 
*** TURN *** [Qc 9d 8c] [3c]
pleasesur: bets 40
Mahu2021: folds 
Uncalled bet (40) returned to pleasesur
pleasesur collected 50 from pot
*** SUMMARY ***
Total pot 50 | Rake 0 
Board [Qc 9d 8c 3c]
Seat 1: n3x0r1 (small blind) folded before Flop
Seat 2: pleasesur (big blind) collected (50)
Seat 3: Mahu2021 (button) folded on the Turn



PokerStars Hand #250512177786: Tournament #3754752989, $9.30+$0.70 USD Hold'em No Limit - Level I (10/20) - 2024/05/15 17:16:25 CET [2024/05/15 11:16:25 ET]
Table '3754752989 1' 3-max Seat #1 is the button
Seat 1: n3x0r1 (470 in chips) 
Seat 2: pleasesur (520 in chips) 
Seat 3: Mahu2021 (510 in chips) 
pleasesur: posts small blind 10
Mahu2021: posts big blind 20
*** HOLE CARDS ***
Dealt to Mahu2021 [Jh Ac]
n3x0r1: folds 
pleasesur: calls 10
Mahu2021: raises 60 to 80
pleasesur: calls 60
*** FLOP *** [6s 4s 9h]
pleasesur: bets 140
Mahu2021: folds 
Uncalled bet (140) returned to pleasesur
pleasesur collected 160 from pot
*** SUMMARY ***
Total pot 160 | Rake 0 
Board [6s 4s 9h]
Seat 1: n3x0r1 (button) folded before Flop (didn't bet)
Seat 2: pleasesur (small blind) collected (160)
Seat 3: Mahu2021 (big blind) folded on the Flop



PokerStars Hand #250512181874: Tournament #3754752989, $9.30+$0.70 USD Hold'em No Limit - Level I (10/20) - 2024/05/15 17:16:43 CET [2024/05/15 11:16:43 ET]
Table '3754752989 1' 3-max Seat #2 is the button
Seat 1: n3x0r1 (470 in chips) 
Seat 2: pleasesur (600 in chips) 
Seat 3: Mahu2021 (430 in chips) 
Mahu2021: posts small blind 10
n3x0r1: posts big blind 20
*** HOLE CARDS ***
Dealt to Mahu2021 [Kc Th]
pleasesur: calls 20
Mahu2021: calls 10
n3x0r1: raises 450 to 470 and is all-in
pleasesur: folds 
Mahu2021: folds 
Uncalled bet (450) returned to n3x0r1
n3x0r1 collected 60 from pot
n3x0r1: doesn't show hand 
*** SUMMARY ***
Total pot 60 | Rake 0 
Seat 1: n3x0r1 (big blind) collected (60)
Seat 2: pleasesur (button) folded before Flop
Seat 3: Mahu2021 (small blind) folded before Flop



PokerStars Hand #250512184814: Tournament #3754752989, $9.30+$0.70 USD Hold'em No Limit - Level I (10/20) - 2024/05/15 17:16:55 CET [2024/05/15 11:16:55 ET]
Table '3754752989 1' 3-max Seat #3 is the button
Seat 1: n3x0r1 (510 in chips) 
Seat 2: pleasesur (580 in chips) 
Seat 3: Mahu2021 (410 in chips) 
n3x0r1: posts small blind 10
pleasesur: posts big blind 20
*** HOLE CARDS ***
Dealt to Mahu2021 [4s 4c]
Mahu2021: raises 20 to 40
n3x0r1: folds 
pleasesur: calls 20
*** FLOP *** [Jh Jd Qc]
pleasesur: checks 
Mahu2021: bets 40
pleasesur: folds 
Uncalled bet (40) returned to Mahu2021
Mahu2021 collected 90 from pot
Mahu2021: doesn't show hand 
*** SUMMARY ***
Total pot 90 | Rake 0 
Board [Jh Jd Qc]
Seat 1: n3x0r1 (small blind) folded before Flop
Seat 2: pleasesur (big blind) folded on the Flop
Seat 3: Mahu2021 (button) collected (90)



PokerStars Hand #250512188198: Tournament #3754752989, $9.30+$0.70 USD Hold'em No Limit - Level I (10/20) - 2024/05/15 17:17:10 CET [2024/05/15 11:17:10 ET]
Table '3754752989 1' 3-max Seat #1 is the button
Seat 1: n3x0r1 (500 in chips) 
Seat 2: pleasesur (540 in chips) 
Seat 3: Mahu2021 (460 in chips) 
pleasesur: posts small blind 10
Mahu2021: posts big blind 20
*** HOLE CARDS ***
Dealt to Mahu2021 [3s 6s]
n3x0r1: raises 20 to 40
pleasesur: folds 
Mahu2021: calls 20
*** FLOP *** [2h Jc 8s]
Mahu2021: checks 
n3x0r1: bets 20
Mahu2021: folds 
Uncalled bet (20) returned to n3x0r1
n3x0r1 collected 90 from pot
n3x0r1: doesn't show hand 
*** SUMMARY ***
Total pot 90 | Rake 0 
Board [2h Jc 8s]
Seat 1: n3x0r1 (button) collected (90)
Seat 2: pleasesur (small blind) folded before Flop
Seat 3: Mahu2021 (big blind) folded on the Flop



PokerStars Hand #250512192924: Tournament #3754752989, $9.30+$0.70 USD Hold'em No Limit - Level II (15/30) - 2024/05/15 17:17:30 CET [2024/05/15 11:17:30 ET]
Table '3754752989 1' 3-max Seat #2 is the button
Seat 1: n3x0r1 (550 in chips) 
Seat 2: pleasesur (530 in chips) 
Seat 3: Mahu2021 (420 in chips) 
Mahu2021: posts small blind 15
n3x0r1: posts big blind 30
*** HOLE CARDS ***
Dealt to Mahu2021 [4d Ks]
pleasesur: calls 30
Mahu2021: folds 
n3x0r1: raises 520 to 550 and is all-in
pleasesur: folds 
Uncalled bet (520) returned to n3x0r1
n3x0r1 collected 75 from pot
n3x0r1: doesn't show hand 
*** SUMMARY ***
Total pot 75 | Rake 0 
Seat 1: n3x0r1 (big blind) collected (75)
Seat 2: pleasesur (button) folded before Flop
Seat 3: Mahu2021 (small blind) folded before Flop



PokerStars Hand #250512195055: Tournament #3754752989, $9.30+$0.70 USD Hold'em No Limit - Level II (15/30) - 2024/05/15 17:17:39 CET [2024/05/15 11:17:39 ET]
Table '3754752989 1' 3-max Seat #3 is the button
Seat 1: n3x0r1 (595 in chips) 
Seat 2: pleasesur (500 in chips) 
Seat 3: Mahu2021 (405 in chips) 
n3x0r1: posts small blind 15
pleasesur: posts big blind 30
*** HOLE CARDS ***
Dealt to Mahu2021 [6c 9s]
Mahu2021: folds 
n3x0r1: folds 
Uncalled bet (15) returned to pleasesur
pleasesur collected 30 from pot
*** SUMMARY ***
Total pot 30 | Rake 0 
Seat 1: n3x0r1 (small blind) folded before Flop
Seat 2: pleasesur (big blind) collected (30)
Seat 3: Mahu2021 (button) folded before Flop (didn't bet)



PokerStars Hand #250512196328: Tournament #3754752989, $9.30+$0.70 USD Hold'em No Limit - Level II (15/30) - 2024/05/15 17:17:44 CET [2024/05/15 11:17:44 ET]
Table '3754752989 1' 3-max Seat #1 is the button
Seat 1: n3x0r1 (580 in chips) 
Seat 2: pleasesur (515 in chips) 
Seat 3: Mahu2021 (405 in chips) 
pleasesur: posts small blind 15
Mahu2021: posts big blind 30
*** HOLE CARDS ***
Dealt to Mahu2021 [Kc 9d]
n3x0r1: folds 
pleasesur: raises 60 to 90
Mahu2021: folds 
Uncalled bet (60) returned to pleasesur
pleasesur collected 60 from pot
*** SUMMARY ***
Total pot 60 | Rake 0 
Seat 1: n3x0r1 (button) folded before Flop (didn't bet)
Seat 2: pleasesur (small blind) collected (60)
Seat 3: Mahu2021 (big blind) folded before Flop



PokerStars Hand #250512198437: Tournament #3754752989, $9.30+$0.70 USD Hold'em No Limit - Level II (15/30) - 2024/05/15 17:17:53 CET [2024/05/15 11:17:53 ET]
Table '3754752989 1' 3-max Seat #2 is the button
Seat 1: n3x0r1 (580 in chips) 
Seat 2: pleasesur (545 in chips) 
Seat 3: Mahu2021 (375 in chips) 
Mahu2021: posts small blind 15
n3x0r1: posts big blind 30
*** HOLE CARDS ***
Dealt to Mahu2021 [3s As]
pleasesur: raises 30 to 60
Mahu2021: calls 45
n3x0r1: folds 
*** FLOP *** [2c Kh 2d]
Mahu2021: checks 
pleasesur: bets 120
Mahu2021: folds 
Uncalled bet (120) returned to pleasesur
pleasesur collected 150 from pot
*** SUMMARY ***
Total pot 150 | Rake 0 
Board [2c Kh 2d]
Seat 1: n3x0r1 (big blind) folded before Flop
Seat 2: pleasesur (button) collected (150)
Seat 3: Mahu2021 (small blind) folded on the Flop



PokerStars Hand #250512201891: Tournament #3754752989, $9.30+$0.70 USD Hold'em No Limit - Level II (15/30) - 2024/05/15 17:18:08 CET [2024/05/15 11:18:08 ET]
Table '3754752989 1' 3-max Seat #3 is the button
Seat 1: n3x0r1 (550 in chips) 
Seat 2: pleasesur (635 in chips) 
Seat 3: Mahu2021 (315 in chips) 
n3x0r1: posts small blind 15
pleasesur: posts big blind 30
*** HOLE CARDS ***
Dealt to Mahu2021 [Th Qc]
Mahu2021: calls 30
n3x0r1: folds 
pleasesur: checks 
*** FLOP *** [2h 4h 7h]
pleasesur: bets 60
Mahu2021: raises 60 to 120
pleasesur: calls 60
*** TURN *** [2h 4h 7h] [Tc]
pleasesur: bets 60
Mahu2021: raises 105 to 165 and is all-in
pleasesur: folds 
Uncalled bet (105) returned to Mahu2021
Mahu2021 collected 435 from pot
Mahu2021: doesn't show hand 
*** SUMMARY ***
Total pot 435 | Rake 0 
Board [2h 4h 7h Tc]
Seat 1: n3x0r1 (small blind) folded before Flop
Seat 2: pleasesur (big blind) folded on the Turn
Seat 3: Mahu2021 (button) collected (435)



PokerStars Hand #250512209981: Tournament #3754752989, $9.30+$0.70 USD Hold'em No Limit - Level II (15/30) - 2024/05/15 17:18:42 CET [2024/05/15 11:18:42 ET]
Table '3754752989 1' 3-max Seat #1 is the button
Seat 1: n3x0r1 (535 in chips) 
Seat 2: pleasesur (425 in chips) 
Seat 3: Mahu2021 (540 in chips) 
pleasesur: posts small blind 15
Mahu2021: posts big blind 30
*** HOLE CARDS ***
Dealt to Mahu2021 [4s 2c]
n3x0r1: folds 
pleasesur: calls 15
Mahu2021: checks 
*** FLOP *** [8d Ks 7c]
pleasesur: checks 
Mahu2021: checks 
*** TURN *** [8d Ks 7c] [8c]
pleasesur: bets 60
Mahu2021: folds 
Uncalled bet (60) returned to pleasesur
pleasesur collected 60 from pot
*** SUMMARY ***
Total pot 60 | Rake 0 
Board [8d Ks 7c 8c]
Seat 1: n3x0r1 (button) folded before Flop (didn't bet)
Seat 2: pleasesur (small blind) collected (60)
Seat 3: Mahu2021 (big blind) folded on the Turn



PokerStars Hand #250512213601: Tournament #3754752989, $9.30+$0.70 USD Hold'em No Limit - Level II (15/30) - 2024/05/15 17:18:58 CET [2024/05/15 11:18:58 ET]
Table '3754752989 1' 3-max Seat #2 is the button
Seat 1: n3x0r1 (535 in chips) 
Seat 2: pleasesur (455 in chips) 
Seat 3: Mahu2021 (510 in chips) 
Mahu2021: posts small blind 15
n3x0r1: posts big blind 30
*** HOLE CARDS ***
Dealt to Mahu2021 [6d 5c]
pleasesur: calls 30
Mahu2021: calls 15
n3x0r1: checks 
*** FLOP *** [Td Jd 6c]
Mahu2021: checks 
n3x0r1: checks 
pleasesur: bets 60
Mahu2021: folds 
n3x0r1: folds 
Uncalled bet (60) returned to pleasesur
pleasesur collected 90 from pot
*** SUMMARY ***
Total pot 90 | Rake 0 
Board [Td Jd 6c]
Seat 1: n3x0r1 (big blind) folded on the Flop
Seat 2: pleasesur (button) collected (90)
Seat 3: Mahu2021 (small blind) folded on the Flop



PokerStars Hand #250512220302: Tournament #3754752989, $9.30+$0.70 USD Hold'em No Limit - Level III (20/40) - 2024/05/15 17:19:26 CET [2024/05/15 11:19:26 ET]
Table '3754752989 1' 3-max Seat #3 is the button
Seat 1: n3x0r1 (505 in chips) 
Seat 2: pleasesur (515 in chips) 
Seat 3: Mahu2021 (480 in chips) 
n3x0r1: posts small blind 20
pleasesur: posts big blind 40
*** HOLE CARDS ***
Dealt to Mahu2021 [7h 4h]
Mahu2021: folds 
n3x0r1: raises 465 to 505 and is all-in
pleasesur: folds 
Uncalled bet (465) returned to n3x0r1
n3x0r1 collected 80 from pot
n3x0r1: doesn't show hand 
*** SUMMARY ***
Total pot 80 | Rake 0 
Seat 1: n3x0r1 (small blind) collected (80)
Seat 2: pleasesur (big blind) folded before Flop
Seat 3: Mahu2021 (button) folded before Flop (didn't bet)



PokerStars Hand #250512222293: Tournament #3754752989, $9.30+$0.70 USD Hold'em No Limit - Level III (20/40) - 2024/05/15 17:19:35 CET [2024/05/15 11:19:35 ET]
Table '3754752989 1' 3-max Seat #1 is the button
Seat 1: n3x0r1 (545 in chips) 
Seat 2: pleasesur (475 in chips) 
Seat 3: Mahu2021 (480 in chips) 
pleasesur: posts small blind 20
Mahu2021: posts big blind 40
*** HOLE CARDS ***
Dealt to Mahu2021 [8h 4c]
n3x0r1: folds 
pleasesur: calls 20
Mahu2021: checks 
*** FLOP *** [5h 3h Th]
pleasesur: checks 
Mahu2021: bets 40
pleasesur: calls 40
*** TURN *** [5h 3h Th] [8c]
pleasesur: checks 
Mahu2021: bets 40
pleasesur: calls 40
*** RIVER *** [5h 3h Th 8c] [3c]
pleasesur: checks 
Mahu2021: bets 360 and is all-in
pleasesur: folds 
Uncalled bet (360) returned to Mahu2021
Mahu2021 collected 240 from pot
Mahu2021: doesn't show hand 
*** SUMMARY ***
Total pot 240 | Rake 0 
Board [5h 3h Th 8c 3c]
Seat 1: n3x0r1 (button) folded before Flop (didn't bet)
Seat 2: pleasesur (small blind) folded on the River
Seat 3: Mahu2021 (big blind) collected (240)



PokerStars Hand #250512228776: Tournament #3754752989, $9.30+$0.70 USD Hold'em No Limit - Level III (20/40) - 2024/05/15 17:20:02 CET [2024/05/15 11:20:02 ET]
Table '3754752989 1' 3-max Seat #2 is the button
Seat 1: n3x0r1 (545 in chips) 
Seat 2: pleasesur (355 in chips) 
Seat 3: Mahu2021 (600 in chips) 
Mahu2021: posts small blind 20
n3x0r1: posts big blind 40
*** HOLE CARDS ***
Dealt to Mahu2021 [8c 8h]
pleasesur: calls 40
Mahu2021: calls 20
n3x0r1: raises 505 to 545 and is all-in
pleasesur: folds 
Mahu2021: calls 505
*** FLOP *** [6d Jh Kh]
*** TURN *** [6d Jh Kh] [5h]
*** RIVER *** [6d Jh Kh 5h] [Qh]
*** SHOW DOWN ***
Mahu2021: shows [8c 8h] (a flush, King high)
n3x0r1: shows [Ad 3h] (a flush, King high - lower cards)
Mahu2021 collected 1130 from pot
n3x0r1 finished the tournament in 3rd place
*** SUMMARY ***
Total pot 1130 | Rake 0 
Board [6d Jh Kh 5h Qh]
Seat 1: n3x0r1 (big blind) showed [Ad 3h] and lost with a flush, King high
Seat 2: pleasesur (button) folded before Flop
Seat 3: Mahu2021 (small blind) showed [8c 8h] and won (1130) with a flush, King high



PokerStars Hand #250512233254: Tournament #3754752989, $9.30+$0.70 USD Hold'em No Limit - Level III (20/40) - 2024/05/15 17:20:22 CET [2024/05/15 11:20:22 ET]
Table '3754752989 1' 3-max Seat #3 is the button
Seat 2: pleasesur (315 in chips) 
Seat 3: Mahu2021 (1185 in chips) 
Mahu2021: posts small blind 20
pleasesur: posts big blind 40
*** HOLE CARDS ***
Dealt to Mahu2021 [7s Ah]
Mahu2021: raises 1145 to 1185 and is all-in
pleasesur: calls 275 and is all-in
Uncalled bet (870) returned to Mahu2021
*** FLOP *** [3h 5h Qs]
*** TURN *** [3h 5h Qs] [9h]
*** RIVER *** [3h 5h Qs 9h] [6h]
*** SHOW DOWN ***
pleasesur: shows [4d 4h] (a flush, Nine high)
Mahu2021: shows [7s Ah] (a flush, Ace high)
Mahu2021 collected 630 from pot
pleasesur finished the tournament in 2nd place
Mahu2021 wins the tournament and receives $20.00 - congratulations!
*** SUMMARY ***
Total pot 630 | Rake 0 
Board [3h 5h Qs 9h 6h]
Seat 2: pleasesur (big blind) showed [4d 4h] and lost with a flush, Nine high
Seat 3: Mahu2021 (button) (small blind) showed [7s Ah] and won (630) with a flush, Ace high



