PokerStars Hand #253477586197: Tournament #3825231204, $1.84+$0.16 USD Hold'em No Limit - Level I (10/20) - 2024/11/19 18:16:15 CET [2024/11/19 12:16:15 ET]
Table '3825231204 1' 3-max Seat #1 is the button
Seat 1: Mahu2021 (500 in chips) 
Seat 2: tdl176176 (500 in chips) 
Seat 3: sachma2 (500 in chips) 
tdl176176: posts small blind 10
sachma2: posts big blind 20
*** HOLE CARDS ***
Dealt to Mahu2021 [3h Ah]
Mahu2021: raises 20 to 40
tdl176176: calls 30
sachma2: folds 
*** FLOP *** [Kc 2s 5c]
tdl176176: checks 
Mahu2021: checks 
*** TURN *** [Kc 2s 5c] [Kd]
tdl176176: checks 
Mahu2021: checks 
*** RIVER *** [Kc 2s 5c Kd] [4c]
tdl176176: bets 50
Mahu2021: raises 50 to 100
tdl176176: folds 
Uncalled bet (50) returned to Mahu2021
Mahu2021 collected 200 from pot
Mahu2021: doesn't show hand 
*** SUMMARY ***
Total pot 200 | Rake 0 
Board [Kc 2s 5c Kd 4c]
Seat 1: Mahu2021 (button) collected (200)
Seat 2: tdl176176 (small blind) folded on the River
Seat 3: sachma2 (big blind) folded before Flop



PokerStars Hand #253477592874: Tournament #3825231204, $1.84+$0.16 USD Hold'em No Limit - Level I (10/20) - 2024/11/19 18:16:44 CET [2024/11/19 12:16:44 ET]
Table '3825231204 1' 3-max Seat #2 is the button
Seat 1: Mahu2021 (610 in chips) 
Seat 2: tdl176176 (410 in chips) 
Seat 3: sachma2 (480 in chips) 
sachma2: posts small blind 10
Mahu2021: posts big blind 20
*** HOLE CARDS ***
Dealt to Mahu2021 [As Ks]
tdl176176: calls 20
sachma2: folds 
Mahu2021: raises 60 to 80
tdl176176: calls 60
*** FLOP *** [Ad 7d 9c]
Mahu2021: bets 80
tdl176176: folds 
Uncalled bet (80) returned to Mahu2021
Mahu2021 collected 170 from pot
Mahu2021: doesn't show hand 
*** SUMMARY ***
Total pot 170 | Rake 0 
Board [Ad 7d 9c]
Seat 1: Mahu2021 (big blind) collected (170)
Seat 2: tdl176176 (button) folded on the Flop
Seat 3: sachma2 (small blind) folded before Flop



PokerStars Hand #253477595944: Tournament #3825231204, $1.84+$0.16 USD Hold'em No Limit - Level I (10/20) - 2024/11/19 18:16:57 CET [2024/11/19 12:16:57 ET]
Table '3825231204 1' 3-max Seat #3 is the button
Seat 1: Mahu2021 (700 in chips) 
Seat 2: tdl176176 (330 in chips) 
Seat 3: sachma2 (470 in chips) 
Mahu2021: posts small blind 10
tdl176176: posts big blind 20
*** HOLE CARDS ***
Dealt to Mahu2021 [Ah Qd]
sachma2: folds 
Mahu2021: raises 60 to 80
tdl176176: folds 
Uncalled bet (60) returned to Mahu2021
Mahu2021 collected 40 from pot
Mahu2021: doesn't show hand 
*** SUMMARY ***
Total pot 40 | Rake 0 
Seat 1: Mahu2021 (small blind) collected (40)
Seat 2: tdl176176 (big blind) folded before Flop
Seat 3: sachma2 (button) folded before Flop (didn't bet)



PokerStars Hand #253477598177: Tournament #3825231204, $1.84+$0.16 USD Hold'em No Limit - Level I (10/20) - 2024/11/19 18:17:07 CET [2024/11/19 12:17:07 ET]
Table '3825231204 1' 3-max Seat #1 is the button
Seat 1: Mahu2021 (720 in chips) 
Seat 2: tdl176176 (310 in chips) 
Seat 3: sachma2 (470 in chips) 
tdl176176: posts small blind 10
sachma2: posts big blind 20
*** HOLE CARDS ***
Dealt to Mahu2021 [Qd 4h]
Mahu2021: folds 
tdl176176: calls 10
sachma2: raises 40 to 60
tdl176176: calls 40
*** FLOP *** [Js 3s 9s]
tdl176176: checks 
sachma2: bets 60
tdl176176: folds 
Uncalled bet (60) returned to sachma2
sachma2 collected 120 from pot
sachma2: doesn't show hand 
*** SUMMARY ***
Total pot 120 | Rake 0 
Board [Js 3s 9s]
Seat 1: Mahu2021 (button) folded before Flop (didn't bet)
Seat 2: tdl176176 (small blind) folded on the Flop
Seat 3: sachma2 (big blind) collected (120)



PokerStars Hand #253477603863: Tournament #3825231204, $1.84+$0.16 USD Hold'em No Limit - Level I (10/20) - 2024/11/19 18:17:32 CET [2024/11/19 12:17:32 ET]
Table '3825231204 1' 3-max Seat #2 is the button
Seat 1: Mahu2021 (720 in chips) 
Seat 2: tdl176176 (250 in chips) 
Seat 3: sachma2 (530 in chips) 
sachma2: posts small blind 10
Mahu2021: posts big blind 20
*** HOLE CARDS ***
Dealt to Mahu2021 [Ks 5h]
tdl176176: raises 20 to 40
sachma2: calls 30
Mahu2021: folds 
*** FLOP *** [Ac Jh 4h]
sachma2: checks 
tdl176176: checks 
*** TURN *** [Ac Jh 4h] [Qc]
sachma2: checks 
tdl176176: bets 50
sachma2: calls 50
*** RIVER *** [Ac Jh 4h Qc] [7d]
sachma2: checks 
tdl176176: bets 160 and is all-in
sachma2: folds 
Uncalled bet (160) returned to tdl176176
tdl176176 collected 200 from pot
tdl176176: doesn't show hand 
*** SUMMARY ***
Total pot 200 | Rake 0 
Board [Ac Jh 4h Qc 7d]
Seat 1: Mahu2021 (big blind) folded before Flop
Seat 2: tdl176176 (button) collected (200)
Seat 3: sachma2 (small blind) folded on the River



PokerStars Hand #253477611006: Tournament #3825231204, $1.84+$0.16 USD Hold'em No Limit - Level I (10/20) - 2024/11/19 18:18:02 CET [2024/11/19 12:18:02 ET]
Table '3825231204 1' 3-max Seat #3 is the button
Seat 1: Mahu2021 (700 in chips) 
Seat 2: tdl176176 (360 in chips) 
Seat 3: sachma2 (440 in chips) 
Mahu2021: posts small blind 10
tdl176176: posts big blind 20
*** HOLE CARDS ***
Dealt to Mahu2021 [Jc 5h]
sachma2: folds 
Mahu2021: calls 10
tdl176176: checks 
*** FLOP *** [8d Tc Th]
Mahu2021: checks 
tdl176176: checks 
*** TURN *** [8d Tc Th] [3d]
Mahu2021: checks 
tdl176176: bets 40
Mahu2021: folds 
Uncalled bet (40) returned to tdl176176
tdl176176 collected 40 from pot
tdl176176: doesn't show hand 
*** SUMMARY ***
Total pot 40 | Rake 0 
Board [8d Tc Th 3d]
Seat 1: Mahu2021 (small blind) folded on the Turn
Seat 2: tdl176176 (big blind) collected (40)
Seat 3: sachma2 (button) folded before Flop (didn't bet)



PokerStars Hand #253477614468: Tournament #3825231204, $1.84+$0.16 USD Hold'em No Limit - Level I (10/20) - 2024/11/19 18:18:17 CET [2024/11/19 12:18:17 ET]
Table '3825231204 1' 3-max Seat #1 is the button
Seat 1: Mahu2021 (680 in chips) 
Seat 2: tdl176176 (380 in chips) 
Seat 3: sachma2 (440 in chips) 
tdl176176: posts small blind 10
sachma2: posts big blind 20
*** HOLE CARDS ***
Dealt to Mahu2021 [6h 7h]
Mahu2021: raises 20 to 40
tdl176176: calls 30
sachma2: calls 20
*** FLOP *** [6s Kc 8s]
tdl176176: checks 
sachma2: checks 
Mahu2021: checks 
*** TURN *** [6s Kc 8s] [8c]
tdl176176: bets 60
sachma2: folds 
Mahu2021: folds 
Uncalled bet (60) returned to tdl176176
tdl176176 collected 120 from pot
tdl176176: doesn't show hand 
*** SUMMARY ***
Total pot 120 | Rake 0 
Board [6s Kc 8s 8c]
Seat 1: Mahu2021 (button) folded on the Turn
Seat 2: tdl176176 (small blind) collected (120)
Seat 3: sachma2 (big blind) folded on the Turn



PokerStars Hand #253477619031: Tournament #3825231204, $1.84+$0.16 USD Hold'em No Limit - Level I (10/20) - 2024/11/19 18:18:36 CET [2024/11/19 12:18:36 ET]
Table '3825231204 1' 3-max Seat #2 is the button
Seat 1: Mahu2021 (640 in chips) 
Seat 2: tdl176176 (460 in chips) 
Seat 3: sachma2 (400 in chips) 
sachma2: posts small blind 10
Mahu2021: posts big blind 20
*** HOLE CARDS ***
Dealt to Mahu2021 [6c 8s]
tdl176176: raises 20 to 40
sachma2: calls 30
Mahu2021: folds 
*** FLOP *** [Jh Qd 6s]
sachma2: checks 
tdl176176: bets 60
sachma2: folds 
Uncalled bet (60) returned to tdl176176
tdl176176 collected 100 from pot
tdl176176: doesn't show hand 
*** SUMMARY ***
Total pot 100 | Rake 0 
Board [Jh Qd 6s]
Seat 1: Mahu2021 (big blind) folded before Flop
Seat 2: tdl176176 (button) collected (100)
Seat 3: sachma2 (small blind) folded on the Flop



PokerStars Hand #253477622611: Tournament #3825231204, $1.84+$0.16 USD Hold'em No Limit - Level I (10/20) - 2024/11/19 18:18:51 CET [2024/11/19 12:18:51 ET]
Table '3825231204 1' 3-max Seat #3 is the button
Seat 1: Mahu2021 (620 in chips) 
Seat 2: tdl176176 (520 in chips) 
Seat 3: sachma2 (360 in chips) 
Mahu2021: posts small blind 10
tdl176176: posts big blind 20
*** HOLE CARDS ***
Dealt to Mahu2021 [8d 2c]
sachma2: raises 20 to 40
Mahu2021: folds 
tdl176176: calls 20
*** FLOP *** [4c Kc Js]
tdl176176: checks 
sachma2: bets 36
tdl176176: calls 36
*** TURN *** [4c Kc Js] [Kh]
tdl176176: checks 
sachma2: bets 65
tdl176176: raises 379 to 444 and is all-in
sachma2: calls 219 and is all-in
Uncalled bet (160) returned to tdl176176
*** RIVER *** [4c Kc Js Kh] [As]
*** SHOW DOWN ***
tdl176176: shows [7h Kd] (three of a kind, Kings)
sachma2: shows [9s Ks] (three of a kind, Kings)
tdl176176 collected 365 from pot
sachma2 collected 365 from pot
*** SUMMARY ***
Total pot 730 | Rake 0 
Board [4c Kc Js Kh As]
Seat 1: Mahu2021 (small blind) folded before Flop
Seat 2: tdl176176 (big blind) showed [7h Kd] and won (365) with three of a kind, Kings
Seat 3: sachma2 (button) showed [9s Ks] and won (365) with three of a kind, Kings



PokerStars Hand #253477629133: Tournament #3825231204, $1.84+$0.16 USD Hold'em No Limit - Level II (15/30) - 2024/11/19 18:19:20 CET [2024/11/19 12:19:20 ET]
Table '3825231204 1' 3-max Seat #1 is the button
Seat 1: Mahu2021 (610 in chips) 
Seat 2: tdl176176 (525 in chips) 
Seat 3: sachma2 (365 in chips) 
tdl176176: posts small blind 15
sachma2: posts big blind 30
*** HOLE CARDS ***
Dealt to Mahu2021 [6h 3s]
Mahu2021: folds 
tdl176176: raises 30 to 60
sachma2: raises 305 to 365 and is all-in
tdl176176: calls 305
*** FLOP *** [Ts 9c Qd]
*** TURN *** [Ts 9c Qd] [2d]
*** RIVER *** [Ts 9c Qd 2d] [Kd]
*** SHOW DOWN ***
tdl176176: shows [Ac Qs] (a pair of Queens)
sachma2: shows [5d As] (high card Ace)
tdl176176 collected 730 from pot
sachma2 finished the tournament in 3rd place
*** SUMMARY ***
Total pot 730 | Rake 0 
Board [Ts 9c Qd 2d Kd]
Seat 1: Mahu2021 (button) folded before Flop (didn't bet)
Seat 2: tdl176176 (small blind) showed [Ac Qs] and won (730) with a pair of Queens
Seat 3: sachma2 (big blind) showed [5d As] and lost with high card Ace



PokerStars Hand #253477633483: Tournament #3825231204, $1.84+$0.16 USD Hold'em No Limit - Level II (15/30) - 2024/11/19 18:19:38 CET [2024/11/19 12:19:38 ET]
Table '3825231204 1' 3-max Seat #2 is the button
Seat 1: Mahu2021 (610 in chips) 
Seat 2: tdl176176 (890 in chips) 
tdl176176: posts small blind 15
Mahu2021: posts big blind 30
*** HOLE CARDS ***
Dealt to Mahu2021 [Qs 4h]
tdl176176: calls 15
Mahu2021: checks 
*** FLOP *** [Qc 5d 8d]
Mahu2021: checks 
tdl176176: bets 30
Mahu2021: calls 30
*** TURN *** [Qc 5d 8d] [Tc]
Mahu2021: checks 
tdl176176: checks 
*** RIVER *** [Qc 5d 8d Tc] [5h]
Mahu2021: bets 30
tdl176176: calls 30
*** SHOW DOWN ***
Mahu2021: shows [Qs 4h] (two pair, Queens and Fives)
tdl176176: mucks hand 
Mahu2021 collected 180 from pot
*** SUMMARY ***
Total pot 180 | Rake 0 
Board [Qc 5d 8d Tc 5h]
Seat 1: Mahu2021 (big blind) showed [Qs 4h] and won (180) with two pair, Queens and Fives
Seat 2: tdl176176 (button) (small blind) mucked [9d 7c]



PokerStars Hand #253477637364: Tournament #3825231204, $1.84+$0.16 USD Hold'em No Limit - Level II (15/30) - 2024/11/19 18:19:54 CET [2024/11/19 12:19:54 ET]
Table '3825231204 1' 3-max Seat #1 is the button
Seat 1: Mahu2021 (700 in chips) 
Seat 2: tdl176176 (800 in chips) 
Mahu2021: posts small blind 15
tdl176176: posts big blind 30
*** HOLE CARDS ***
Dealt to Mahu2021 [2d 6h]
Mahu2021: folds 
Uncalled bet (15) returned to tdl176176
tdl176176 collected 30 from pot
tdl176176: doesn't show hand 
*** SUMMARY ***
Total pot 30 | Rake 0 
Seat 1: Mahu2021 (button) (small blind) folded before Flop
Seat 2: tdl176176 (big blind) collected (30)



PokerStars Hand #253477638819: Tournament #3825231204, $1.84+$0.16 USD Hold'em No Limit - Level II (15/30) - 2024/11/19 18:20:01 CET [2024/11/19 12:20:01 ET]
Table '3825231204 1' 3-max Seat #2 is the button
Seat 1: Mahu2021 (685 in chips) 
Seat 2: tdl176176 (815 in chips) 
tdl176176: posts small blind 15
Mahu2021: posts big blind 30
*** HOLE CARDS ***
Dealt to Mahu2021 [Qc 8d]
tdl176176: calls 15
Mahu2021: raises 60 to 90
tdl176176: calls 60
*** FLOP *** [Jc Ah Ks]
Mahu2021: checks 
tdl176176: checks 
*** TURN *** [Jc Ah Ks] [Ad]
Mahu2021: checks 
tdl176176: checks 
*** RIVER *** [Jc Ah Ks Ad] [3h]
Mahu2021: checks 
tdl176176: checks 
*** SHOW DOWN ***
Mahu2021: shows [Qc 8d] (a pair of Aces)
tdl176176: mucks hand 
Mahu2021 collected 180 from pot
*** SUMMARY ***
Total pot 180 | Rake 0 
Board [Jc Ah Ks Ad 3h]
Seat 1: Mahu2021 (big blind) showed [Qc 8d] and won (180) with a pair of Aces
Seat 2: tdl176176 (button) (small blind) mucked [Tc 4c]



PokerStars Hand #253477642497: Tournament #3825231204, $1.84+$0.16 USD Hold'em No Limit - Level II (15/30) - 2024/11/19 18:20:16 CET [2024/11/19 12:20:16 ET]
Table '3825231204 1' 3-max Seat #1 is the button
Seat 1: Mahu2021 (775 in chips) 
Seat 2: tdl176176 (725 in chips) 
Mahu2021: posts small blind 15
tdl176176: posts big blind 30
*** HOLE CARDS ***
Dealt to Mahu2021 [8d 3h]
Mahu2021: folds 
Uncalled bet (15) returned to tdl176176
tdl176176 collected 30 from pot
tdl176176: doesn't show hand 
*** SUMMARY ***
Total pot 30 | Rake 0 
Seat 1: Mahu2021 (button) (small blind) folded before Flop
Seat 2: tdl176176 (big blind) collected (30)



PokerStars Hand #253477643938: Tournament #3825231204, $1.84+$0.16 USD Hold'em No Limit - Level II (15/30) - 2024/11/19 18:20:22 CET [2024/11/19 12:20:22 ET]
Table '3825231204 1' 3-max Seat #2 is the button
Seat 1: Mahu2021 (760 in chips) 
Seat 2: tdl176176 (740 in chips) 
tdl176176: posts small blind 15
Mahu2021: posts big blind 30
*** HOLE CARDS ***
Dealt to Mahu2021 [Ac 5d]
tdl176176: calls 15
Mahu2021: checks 
*** FLOP *** [5h As 6d]
Mahu2021: checks 
tdl176176: bets 60
Mahu2021: raises 60 to 120
tdl176176: folds 
Uncalled bet (60) returned to Mahu2021
Mahu2021 collected 180 from pot
Mahu2021: doesn't show hand 
*** SUMMARY ***
Total pot 180 | Rake 0 
Board [5h As 6d]
Seat 1: Mahu2021 (big blind) collected (180)
Seat 2: tdl176176 (button) (small blind) folded on the Flop



PokerStars Hand #253477646990: Tournament #3825231204, $1.84+$0.16 USD Hold'em No Limit - Level II (15/30) - 2024/11/19 18:20:35 CET [2024/11/19 12:20:35 ET]
Table '3825231204 1' 3-max Seat #1 is the button
Seat 1: Mahu2021 (850 in chips) 
Seat 2: tdl176176 (650 in chips) 
Mahu2021: posts small blind 15
tdl176176: posts big blind 30
*** HOLE CARDS ***
Dealt to Mahu2021 [7s 9d]
Mahu2021: calls 15
tdl176176: checks 
*** FLOP *** [3d Td 8s]
tdl176176: checks 
Mahu2021: checks 
*** TURN *** [3d Td 8s] [Jh]
tdl176176: checks 
Mahu2021: checks 
*** RIVER *** [3d Td 8s Jh] [6s]
tdl176176: checks 
Mahu2021: bets 60
tdl176176: folds 
Uncalled bet (60) returned to Mahu2021
Mahu2021 collected 60 from pot
Mahu2021: doesn't show hand 
*** SUMMARY ***
Total pot 60 | Rake 0 
Board [3d Td 8s Jh 6s]
Seat 1: Mahu2021 (button) (small blind) collected (60)
Seat 2: tdl176176 (big blind) folded on the River



PokerStars Hand #253477651982: Tournament #3825231204, $1.84+$0.16 USD Hold'em No Limit - Level II (15/30) - 2024/11/19 18:20:57 CET [2024/11/19 12:20:57 ET]
Table '3825231204 1' 3-max Seat #2 is the button
Seat 1: Mahu2021 (880 in chips) 
Seat 2: tdl176176 (620 in chips) 
tdl176176: posts small blind 15
Mahu2021: posts big blind 30
*** HOLE CARDS ***
Dealt to Mahu2021 [Kc 5d]
tdl176176: raises 30 to 60
Mahu2021: calls 30
*** FLOP *** [Jd Qc 3d]
Mahu2021: checks 
tdl176176: bets 60
Mahu2021: folds 
Uncalled bet (60) returned to tdl176176
tdl176176 collected 120 from pot
tdl176176: doesn't show hand 
*** SUMMARY ***
Total pot 120 | Rake 0 
Board [Jd Qc 3d]
Seat 1: Mahu2021 (big blind) folded on the Flop
Seat 2: tdl176176 (button) (small blind) collected (120)



PokerStars Hand #253477654397: Tournament #3825231204, $1.84+$0.16 USD Hold'em No Limit - Level II (15/30) - 2024/11/19 18:21:07 CET [2024/11/19 12:21:07 ET]
Table '3825231204 1' 3-max Seat #1 is the button
Seat 1: Mahu2021 (820 in chips) 
Seat 2: tdl176176 (680 in chips) 
Mahu2021: posts small blind 15
tdl176176: posts big blind 30
*** HOLE CARDS ***
Dealt to Mahu2021 [9h Qs]
Mahu2021: raises 30 to 60
tdl176176: calls 30
*** FLOP *** [Ks Kh 4s]
tdl176176: checks 
Mahu2021: bets 60
tdl176176: raises 60 to 120
Mahu2021: raises 60 to 180
tdl176176: calls 60
*** TURN *** [Ks Kh 4s] [Ts]
tdl176176: checks 
Mahu2021: checks 
*** RIVER *** [Ks Kh 4s Ts] [Ac]
tdl176176: bets 30
Mahu2021: raises 120 to 150
tdl176176: folds 
Uncalled bet (120) returned to Mahu2021
Mahu2021 collected 540 from pot
Mahu2021: doesn't show hand 
*** SUMMARY ***
Total pot 540 | Rake 0 
Board [Ks Kh 4s Ts Ac]
Seat 1: Mahu2021 (button) (small blind) collected (540)
Seat 2: tdl176176 (big blind) folded on the River



PokerStars Hand #253477661595: Tournament #3825231204, $1.84+$0.16 USD Hold'em No Limit - Level II (15/30) - 2024/11/19 18:21:37 CET [2024/11/19 12:21:37 ET]
Table '3825231204 1' 3-max Seat #2 is the button
Seat 1: Mahu2021 (1090 in chips) 
Seat 2: tdl176176 (410 in chips) 
tdl176176: posts small blind 15
Mahu2021: posts big blind 30
*** HOLE CARDS ***
Dealt to Mahu2021 [Ah 8h]
tdl176176: calls 15
Mahu2021: checks 
*** FLOP *** [6c 7h 5h]
Mahu2021: checks 
tdl176176: checks 
*** TURN *** [6c 7h 5h] [6d]
Mahu2021: checks 
tdl176176: bets 60
Mahu2021: calls 60
*** RIVER *** [6c 7h 5h 6d] [Ad]
Mahu2021: checks 
tdl176176: bets 90
Mahu2021: calls 90
*** SHOW DOWN ***
tdl176176: shows [3c Js] (a pair of Sixes)
Mahu2021: shows [Ah 8h] (two pair, Aces and Sixes)
Mahu2021 collected 360 from pot
*** SUMMARY ***
Total pot 360 | Rake 0 
Board [6c 7h 5h 6d Ad]
Seat 1: Mahu2021 (big blind) showed [Ah 8h] and won (360) with two pair, Aces and Sixes
Seat 2: tdl176176 (button) (small blind) showed [3c Js] and lost with a pair of Sixes



PokerStars Hand #253477666015: Tournament #3825231204, $1.84+$0.16 USD Hold'em No Limit - Level II (15/30) - 2024/11/19 18:21:56 CET [2024/11/19 12:21:56 ET]
Table '3825231204 1' 3-max Seat #1 is the button
Seat 1: Mahu2021 (1270 in chips) 
Seat 2: tdl176176 (230 in chips) 
Mahu2021: posts small blind 15
tdl176176: posts big blind 30
*** HOLE CARDS ***
Dealt to Mahu2021 [5h Ah]
Mahu2021: raises 60 to 90
tdl176176: calls 60
*** FLOP *** [7s 5c As]
tdl176176: checks 
Mahu2021: checks 
*** TURN *** [7s 5c As] [4c]
tdl176176: bets 140 and is all-in
Mahu2021: calls 140
*** RIVER *** [7s 5c As 4c] [6h]
*** SHOW DOWN ***
tdl176176: shows [8c Jc] (a straight, Four to Eight)
Mahu2021: shows [5h Ah] (two pair, Aces and Fives)
tdl176176 collected 460 from pot
*** SUMMARY ***
Total pot 460 | Rake 0 
Board [7s 5c As 4c 6h]
Seat 1: Mahu2021 (button) (small blind) showed [5h Ah] and lost with two pair, Aces and Fives
Seat 2: tdl176176 (big blind) showed [8c Jc] and won (460) with a straight, Four to Eight



PokerStars Hand #253477671723: Tournament #3825231204, $1.84+$0.16 USD Hold'em No Limit - Level III (20/40) - 2024/11/19 18:22:21 CET [2024/11/19 12:22:21 ET]
Table '3825231204 1' 3-max Seat #2 is the button
Seat 1: Mahu2021 (1040 in chips) 
Seat 2: tdl176176 (460 in chips) 
tdl176176: posts small blind 20
Mahu2021: posts big blind 40
*** HOLE CARDS ***
Dealt to Mahu2021 [Tc 5c]
tdl176176: calls 20
Mahu2021: checks 
*** FLOP *** [9s 7d Jd]
Mahu2021: checks 
tdl176176: bets 40
Mahu2021: calls 40
*** TURN *** [9s 7d Jd] [6s]
Mahu2021: checks 
tdl176176: bets 380 and is all-in
Mahu2021: folds 
Uncalled bet (380) returned to tdl176176
tdl176176 collected 160 from pot
tdl176176: doesn't show hand 
*** SUMMARY ***
Total pot 160 | Rake 0 
Board [9s 7d Jd 6s]
Seat 1: Mahu2021 (big blind) folded on the Turn
Seat 2: tdl176176 (button) (small blind) collected (160)



PokerStars Hand #253477676095: Tournament #3825231204, $1.84+$0.16 USD Hold'em No Limit - Level III (20/40) - 2024/11/19 18:22:40 CET [2024/11/19 12:22:40 ET]
Table '3825231204 1' 3-max Seat #1 is the button
Seat 1: Mahu2021 (960 in chips) 
Seat 2: tdl176176 (540 in chips) 
Mahu2021: posts small blind 20
tdl176176: posts big blind 40
*** HOLE CARDS ***
Dealt to Mahu2021 [5c Qh]
Mahu2021: raises 40 to 80
tdl176176: calls 40
*** FLOP *** [Jc 6h 9h]
tdl176176: checks 
Mahu2021: checks 
*** TURN *** [Jc 6h 9h] [Jh]
tdl176176: bets 160
Mahu2021: folds 
Uncalled bet (160) returned to tdl176176
tdl176176 collected 160 from pot
tdl176176: doesn't show hand 
*** SUMMARY ***
Total pot 160 | Rake 0 
Board [Jc 6h 9h Jh]
Seat 1: Mahu2021 (button) (small blind) folded on the Turn
Seat 2: tdl176176 (big blind) collected (160)



PokerStars Hand #253477679924: Tournament #3825231204, $1.84+$0.16 USD Hold'em No Limit - Level III (20/40) - 2024/11/19 18:22:56 CET [2024/11/19 12:22:56 ET]
Table '3825231204 1' 3-max Seat #2 is the button
Seat 1: Mahu2021 (880 in chips) 
Seat 2: tdl176176 (620 in chips) 
tdl176176: posts small blind 20
Mahu2021: posts big blind 40
*** HOLE CARDS ***
Dealt to Mahu2021 [As Ac]
tdl176176: calls 20
Mahu2021: raises 80 to 120
tdl176176: calls 80
*** FLOP *** [Qh Qs Jc]
Mahu2021: checks 
tdl176176: checks 
*** TURN *** [Qh Qs Jc] [7c]
Mahu2021: bets 80
tdl176176: folds 
Uncalled bet (80) returned to Mahu2021
Mahu2021 collected 240 from pot
Mahu2021: doesn't show hand 
*** SUMMARY ***
Total pot 240 | Rake 0 
Board [Qh Qs Jc 7c]
Seat 1: Mahu2021 (big blind) collected (240)
Seat 2: tdl176176 (button) (small blind) folded on the Turn



PokerStars Hand #253477683825: Tournament #3825231204, $1.84+$0.16 USD Hold'em No Limit - Level III (20/40) - 2024/11/19 18:23:12 CET [2024/11/19 12:23:12 ET]
Table '3825231204 1' 3-max Seat #1 is the button
Seat 1: Mahu2021 (1000 in chips) 
Seat 2: tdl176176 (500 in chips) 
Mahu2021: posts small blind 20
tdl176176: posts big blind 40
*** HOLE CARDS ***
Dealt to Mahu2021 [5s 5h]
Mahu2021: raises 960 to 1000 and is all-in
tdl176176: calls 460 and is all-in
Uncalled bet (500) returned to Mahu2021
*** FLOP *** [3c 5c Ad]
*** TURN *** [3c 5c Ad] [Ac]
*** RIVER *** [3c 5c Ad Ac] [8s]
*** SHOW DOWN ***
tdl176176: shows [Ks Th] (a pair of Aces)
Mahu2021: shows [5s 5h] (a full house, Fives full of Aces)
Mahu2021 collected 1000 from pot
tdl176176 finished the tournament in 2nd place
Mahu2021 wins the tournament and receives $8.00 - congratulations!
*** SUMMARY ***
Total pot 1000 | Rake 0 
Board [3c 5c Ad Ac 8s]
Seat 1: Mahu2021 (button) (small blind) showed [5s 5h] and won (1000) with a full house, Fives full of Aces
Seat 2: tdl176176 (big blind) showed [Ks Th] and lost with a pair of Aces



