PokerStars Hand #255755235824: Tournament #3879768186, $0.46+$0.04 USD Hold'em No Limit - Level I (10/20) - 2025/04/16 8:19:36 CET [2025/04/16 2:19:36 ET]
Table '3879768186 1' 3-max Seat #1 is the button
Seat 1: MarceloBR_VQB (500 in chips) 
Seat 2: WHEELER1978 (500 in chips) 
Seat 3: Mahu2021 (500 in chips) 
WHEELER1978: posts small blind 10
Mahu2021: posts big blind 20
*** HOLE CARDS ***
Dealt to Mahu2021 [4c 5s]
MarceloBR_VQB: calls 20
WHEELER1978: folds 
Mahu2021: checks 
*** FLOP *** [Kd Jd Kc]
Mahu2021: checks 
MarceloBR_VQB: checks 
*** TURN *** [Kd Jd Kc] [2d]
Mahu2021: checks 
MarceloBR_VQB: checks 
*** RIVER *** [Kd Jd Kc 2d] [5h]
Mahu2021: checks 
MarceloBR_VQB: checks 
*** SHOW DOWN ***
Mahu2021: shows [4c 5s] (two pair, Kings and Fives)
MarceloBR_VQB: shows [8c Jc] (two pair, Kings and Jacks)
MarceloBR_VQB collected 50 from pot
*** SUMMARY ***
Total pot 50 | Rake 0 
Board [Kd Jd Kc 2d 5h]
Seat 1: MarceloBR_VQB (button) showed [8c Jc] and won (50) with two pair, Kings and Jacks
Seat 2: WHEELER1978 (small blind) folded before Flop
Seat 3: Mahu2021 (big blind) showed [4c 5s] and lost with two pair, Kings and Fives



PokerStars Hand #255755239061: Tournament #3879768186, $0.46+$0.04 USD Hold'em No Limit - Level I (10/20) - 2025/04/16 8:20:24 CET [2025/04/16 2:20:24 ET]
Table '3879768186 1' 3-max Seat #2 is the button
Seat 1: MarceloBR_VQB (530 in chips) 
Seat 2: WHEELER1978 (490 in chips) 
Seat 3: Mahu2021 (480 in chips) 
Mahu2021: posts small blind 10
MarceloBR_VQB: posts big blind 20
*** HOLE CARDS ***
Dealt to Mahu2021 [6h 2d]
WHEELER1978: folds 
Mahu2021: folds 
Uncalled bet (10) returned to MarceloBR_VQB
MarceloBR_VQB collected 20 from pot
*** SUMMARY ***
Total pot 20 | Rake 0 
Seat 1: MarceloBR_VQB (big blind) collected (20)
Seat 2: WHEELER1978 (button) folded before Flop (didn't bet)
Seat 3: Mahu2021 (small blind) folded before Flop



PokerStars Hand #255755239546: Tournament #3879768186, $0.46+$0.04 USD Hold'em No Limit - Level I (10/20) - 2025/04/16 8:20:32 CET [2025/04/16 2:20:32 ET]
Table '3879768186 1' 3-max Seat #3 is the button
Seat 1: MarceloBR_VQB (540 in chips) 
Seat 2: WHEELER1978 (490 in chips) 
Seat 3: Mahu2021 (470 in chips) 
MarceloBR_VQB: posts small blind 10
WHEELER1978: posts big blind 20
*** HOLE CARDS ***
Dealt to Mahu2021 [3s Qh]
Mahu2021: folds 
MarceloBR_VQB: folds 
Uncalled bet (10) returned to WHEELER1978
WHEELER1978 collected 20 from pot
*** SUMMARY ***
Total pot 20 | Rake 0 
Seat 1: MarceloBR_VQB (small blind) folded before Flop
Seat 2: WHEELER1978 (big blind) collected (20)
Seat 3: Mahu2021 (button) folded before Flop (didn't bet)



PokerStars Hand #255755240173: Tournament #3879768186, $0.46+$0.04 USD Hold'em No Limit - Level I (10/20) - 2025/04/16 8:20:41 CET [2025/04/16 2:20:41 ET]
Table '3879768186 1' 3-max Seat #1 is the button
Seat 1: MarceloBR_VQB (530 in chips) 
Seat 2: WHEELER1978 (500 in chips) 
Seat 3: Mahu2021 (470 in chips) 
WHEELER1978: posts small blind 10
Mahu2021: posts big blind 20
*** HOLE CARDS ***
Dealt to Mahu2021 [2d Ts]
MarceloBR_VQB: folds 
WHEELER1978: folds 
Uncalled bet (10) returned to Mahu2021
Mahu2021 collected 20 from pot
Mahu2021: doesn't show hand 
*** SUMMARY ***
Total pot 20 | Rake 0 
Seat 1: MarceloBR_VQB (button) folded before Flop (didn't bet)
Seat 2: WHEELER1978 (small blind) folded before Flop
Seat 3: Mahu2021 (big blind) collected (20)



PokerStars Hand #255755241019: Tournament #3879768186, $0.46+$0.04 USD Hold'em No Limit - Level I (10/20) - 2025/04/16 8:20:54 CET [2025/04/16 2:20:54 ET]
Table '3879768186 1' 3-max Seat #2 is the button
Seat 1: MarceloBR_VQB (530 in chips) 
Seat 2: WHEELER1978 (490 in chips) 
Seat 3: Mahu2021 (480 in chips) 
Mahu2021: posts small blind 10
MarceloBR_VQB: posts big blind 20
*** HOLE CARDS ***
Dealt to Mahu2021 [2h 2s]
WHEELER1978: folds 
Mahu2021: raises 20 to 40
MarceloBR_VQB: calls 20
*** FLOP *** [Kc 9c 4c]
Mahu2021: checks 
MarceloBR_VQB: checks 
*** TURN *** [Kc 9c 4c] [2c]
Mahu2021: bets 40
MarceloBR_VQB: raises 40 to 80
Mahu2021: calls 40
*** RIVER *** [Kc 9c 4c 2c] [Qs]
Mahu2021: checks 
MarceloBR_VQB: checks 
*** SHOW DOWN ***
Mahu2021: shows [2h 2s] (three of a kind, Deuces)
MarceloBR_VQB: shows [7c Jh] (a flush, King high)
MarceloBR_VQB collected 240 from pot
*** SUMMARY ***
Total pot 240 | Rake 0 
Board [Kc 9c 4c 2c Qs]
Seat 1: MarceloBR_VQB (big blind) showed [7c Jh] and won (240) with a flush, King high
Seat 2: WHEELER1978 (button) folded before Flop (didn't bet)
Seat 3: Mahu2021 (small blind) showed [2h 2s] and lost with three of a kind, Deuces



PokerStars Hand #255755242972: Tournament #3879768186, $0.46+$0.04 USD Hold'em No Limit - Level I (10/20) - 2025/04/16 8:21:23 CET [2025/04/16 2:21:23 ET]
Table '3879768186 1' 3-max Seat #3 is the button
Seat 1: MarceloBR_VQB (650 in chips) 
Seat 2: WHEELER1978 (490 in chips) 
Seat 3: Mahu2021 (360 in chips) 
MarceloBR_VQB: posts small blind 10
WHEELER1978: posts big blind 20
*** HOLE CARDS ***
Dealt to Mahu2021 [8s 6s]
Mahu2021: folds 
MarceloBR_VQB: folds 
Uncalled bet (10) returned to WHEELER1978
WHEELER1978 collected 20 from pot
*** SUMMARY ***
Total pot 20 | Rake 0 
Seat 1: MarceloBR_VQB (small blind) folded before Flop
Seat 2: WHEELER1978 (big blind) collected (20)
Seat 3: Mahu2021 (button) folded before Flop (didn't bet)



PokerStars Hand #255755243470: Tournament #3879768186, $0.46+$0.04 USD Hold'em No Limit - Level I (10/20) - 2025/04/16 8:21:31 CET [2025/04/16 2:21:31 ET]
Table '3879768186 1' 3-max Seat #1 is the button
Seat 1: MarceloBR_VQB (640 in chips) 
Seat 2: WHEELER1978 (500 in chips) 
Seat 3: Mahu2021 (360 in chips) 
WHEELER1978: posts small blind 10
Mahu2021: posts big blind 20
*** HOLE CARDS ***
Dealt to Mahu2021 [2c 5d]
MarceloBR_VQB has timed out
MarceloBR_VQB: folds 
MarceloBR_VQB is sitting out
WHEELER1978: raises 40 to 60
Mahu2021: folds 
Uncalled bet (40) returned to WHEELER1978
WHEELER1978 collected 40 from pot
*** SUMMARY ***
Total pot 40 | Rake 0 
Seat 1: MarceloBR_VQB (button) folded before Flop (didn't bet)
Seat 2: WHEELER1978 (small blind) collected (40)
Seat 3: Mahu2021 (big blind) folded before Flop



PokerStars Hand #255755245332: Tournament #3879768186, $0.46+$0.04 USD Hold'em No Limit - Level II (15/30) - 2025/04/16 8:21:59 CET [2025/04/16 2:21:59 ET]
Table '3879768186 1' 3-max Seat #2 is the button
Seat 1: MarceloBR_VQB (640 in chips) is sitting out
Seat 2: WHEELER1978 (520 in chips) 
Seat 3: Mahu2021 (340 in chips) 
Mahu2021: posts small blind 15
MarceloBR_VQB: posts big blind 30
*** HOLE CARDS ***
Dealt to Mahu2021 [7s As]
MarceloBR_VQB has returned
WHEELER1978: folds 
Mahu2021: raises 30 to 60
MarceloBR_VQB: calls 30
*** FLOP *** [Ah 9c Jd]
Mahu2021: bets 60
MarceloBR_VQB: calls 60
*** TURN *** [Ah 9c Jd] [6c]
Mahu2021: bets 220 and is all-in
MarceloBR_VQB: calls 220
*** RIVER *** [Ah 9c Jd 6c] [9h]
*** SHOW DOWN ***
Mahu2021: shows [7s As] (two pair, Aces and Nines)
MarceloBR_VQB: shows [7c Js] (two pair, Jacks and Nines)
Mahu2021 collected 680 from pot
*** SUMMARY ***
Total pot 680 | Rake 0 
Board [Ah 9c Jd 6c 9h]
Seat 1: MarceloBR_VQB (big blind) showed [7c Js] and lost with two pair, Jacks and Nines
Seat 2: WHEELER1978 (button) folded before Flop (didn't bet)
Seat 3: Mahu2021 (small blind) showed [7s As] and won (680) with two pair, Aces and Nines



PokerStars Hand #255755246671: Tournament #3879768186, $0.46+$0.04 USD Hold'em No Limit - Level II (15/30) - 2025/04/16 8:22:18 CET [2025/04/16 2:22:18 ET]
Table '3879768186 1' 3-max Seat #3 is the button
Seat 1: MarceloBR_VQB (300 in chips) 
Seat 2: WHEELER1978 (520 in chips) 
Seat 3: Mahu2021 (680 in chips) 
MarceloBR_VQB: posts small blind 15
WHEELER1978: posts big blind 30
*** HOLE CARDS ***
Dealt to Mahu2021 [8s 2h]
Mahu2021: folds 
MarceloBR_VQB: raises 30 to 60
WHEELER1978: folds 
Uncalled bet (30) returned to MarceloBR_VQB
MarceloBR_VQB collected 60 from pot
*** SUMMARY ***
Total pot 60 | Rake 0 
Seat 1: MarceloBR_VQB (small blind) collected (60)
Seat 2: WHEELER1978 (big blind) folded before Flop
Seat 3: Mahu2021 (button) folded before Flop (didn't bet)



PokerStars Hand #255755247395: Tournament #3879768186, $0.46+$0.04 USD Hold'em No Limit - Level II (15/30) - 2025/04/16 8:22:29 CET [2025/04/16 2:22:29 ET]
Table '3879768186 1' 3-max Seat #1 is the button
Seat 1: MarceloBR_VQB (330 in chips) 
Seat 2: WHEELER1978 (490 in chips) 
Seat 3: Mahu2021 (680 in chips) 
WHEELER1978: posts small blind 15
Mahu2021: posts big blind 30
*** HOLE CARDS ***
Dealt to Mahu2021 [2h 5c]
MarceloBR_VQB: folds 
WHEELER1978: folds 
Uncalled bet (15) returned to Mahu2021
Mahu2021 collected 30 from pot
Mahu2021: doesn't show hand 
*** SUMMARY ***
Total pot 30 | Rake 0 
Seat 1: MarceloBR_VQB (button) folded before Flop (didn't bet)
Seat 2: WHEELER1978 (small blind) folded before Flop
Seat 3: Mahu2021 (big blind) collected (30)



PokerStars Hand #255755247936: Tournament #3879768186, $0.46+$0.04 USD Hold'em No Limit - Level II (15/30) - 2025/04/16 8:22:37 CET [2025/04/16 2:22:37 ET]
Table '3879768186 1' 3-max Seat #2 is the button
Seat 1: MarceloBR_VQB (330 in chips) 
Seat 2: WHEELER1978 (475 in chips) 
Seat 3: Mahu2021 (695 in chips) 
Mahu2021: posts small blind 15
MarceloBR_VQB: posts big blind 30
*** HOLE CARDS ***
Dealt to Mahu2021 [6d 5c]
WHEELER1978: raises 30 to 60
Mahu2021: folds 
MarceloBR_VQB: raises 270 to 330 and is all-in
WHEELER1978: calls 270
*** FLOP *** [4c As Td]
*** TURN *** [4c As Td] [2c]
*** RIVER *** [4c As Td 2c] [7s]
*** SHOW DOWN ***
MarceloBR_VQB: shows [3s 3c] (a pair of Threes)
WHEELER1978: shows [4s Ah] (two pair, Aces and Fours)
WHEELER1978 collected 675 from pot
MarceloBR_VQB finished the tournament in 3rd place
*** SUMMARY ***
Total pot 675 | Rake 0 
Board [4c As Td 2c 7s]
Seat 1: MarceloBR_VQB (big blind) showed [3s 3c] and lost with a pair of Threes
Seat 2: WHEELER1978 (button) showed [4s Ah] and won (675) with two pair, Aces and Fours
Seat 3: Mahu2021 (small blind) folded before Flop



PokerStars Hand #255755249591: Tournament #3879768186, $0.46+$0.04 USD Hold'em No Limit - Level II (15/30) - 2025/04/16 8:23:02 CET [2025/04/16 2:23:02 ET]
Table '3879768186 1' 3-max Seat #3 is the button
Seat 2: WHEELER1978 (820 in chips) 
Seat 3: Mahu2021 (680 in chips) 
Mahu2021: posts small blind 15
WHEELER1978: posts big blind 30
*** HOLE CARDS ***
Dealt to Mahu2021 [2h Jc]
Mahu2021: raises 30 to 60
WHEELER1978: calls 30
*** FLOP *** [Ad 4d 9d]
WHEELER1978: checks 
Mahu2021: bets 60
WHEELER1978: calls 60
*** TURN *** [Ad 4d 9d] [Qc]
WHEELER1978: checks 
Mahu2021: checks 
*** RIVER *** [Ad 4d 9d Qc] [Td]
WHEELER1978: checks 
Mahu2021: checks 
*** SHOW DOWN ***
WHEELER1978: shows [9s 7c] (a pair of Nines)
Mahu2021: mucks hand 
WHEELER1978 collected 240 from pot
*** SUMMARY ***
Total pot 240 | Rake 0 
Board [Ad 4d 9d Qc Td]
Seat 2: WHEELER1978 (big blind) showed [9s 7c] and won (240) with a pair of Nines
Seat 3: Mahu2021 (button) (small blind) mucked [2h Jc]



PokerStars Hand #255755252549: Tournament #3879768186, $0.46+$0.04 USD Hold'em No Limit - Level III (20/40) - 2025/04/16 8:23:45 CET [2025/04/16 2:23:45 ET]
Table '3879768186 1' 3-max Seat #2 is the button
Seat 2: WHEELER1978 (940 in chips) 
Seat 3: Mahu2021 (560 in chips) 
WHEELER1978: posts small blind 20
Mahu2021: posts big blind 40
*** HOLE CARDS ***
Dealt to Mahu2021 [4d Js]
WHEELER1978: raises 80 to 120
Mahu2021: folds 
Uncalled bet (80) returned to WHEELER1978
WHEELER1978 collected 80 from pot
*** SUMMARY ***
Total pot 80 | Rake 0 
Seat 2: WHEELER1978 (button) (small blind) collected (80)
Seat 3: Mahu2021 (big blind) folded before Flop



PokerStars Hand #255755253091: Tournament #3879768186, $0.46+$0.04 USD Hold'em No Limit - Level III (20/40) - 2025/04/16 8:23:53 CET [2025/04/16 2:23:53 ET]
Table '3879768186 1' 3-max Seat #3 is the button
Seat 2: WHEELER1978 (980 in chips) 
Seat 3: Mahu2021 (520 in chips) 
Mahu2021: posts small blind 20
WHEELER1978: posts big blind 40
*** HOLE CARDS ***
Dealt to Mahu2021 [2h 5c]
Mahu2021: folds 
Uncalled bet (20) returned to WHEELER1978
WHEELER1978 collected 40 from pot
*** SUMMARY ***
Total pot 40 | Rake 0 
Seat 2: WHEELER1978 (big blind) collected (40)
Seat 3: Mahu2021 (button) (small blind) folded before Flop



PokerStars Hand #255755253367: Tournament #3879768186, $0.46+$0.04 USD Hold'em No Limit - Level III (20/40) - 2025/04/16 8:23:57 CET [2025/04/16 2:23:57 ET]
Table '3879768186 1' 3-max Seat #2 is the button
Seat 2: WHEELER1978 (1000 in chips) 
Seat 3: Mahu2021 (500 in chips) 
WHEELER1978: posts small blind 20
Mahu2021: posts big blind 40
*** HOLE CARDS ***
Dealt to Mahu2021 [3h 5d]
WHEELER1978: calls 20
Mahu2021: checks 
*** FLOP *** [Kc Ts 3c]
Mahu2021: bets 40
WHEELER1978: folds 
Uncalled bet (40) returned to Mahu2021
Mahu2021 collected 80 from pot
Mahu2021: doesn't show hand 
*** SUMMARY ***
Total pot 80 | Rake 0 
Board [Kc Ts 3c]
Seat 2: WHEELER1978 (button) (small blind) folded on the Flop
Seat 3: Mahu2021 (big blind) collected (80)



PokerStars Hand #255755254308: Tournament #3879768186, $0.46+$0.04 USD Hold'em No Limit - Level III (20/40) - 2025/04/16 8:24:11 CET [2025/04/16 2:24:11 ET]
Table '3879768186 1' 3-max Seat #3 is the button
Seat 2: WHEELER1978 (960 in chips) 
Seat 3: Mahu2021 (540 in chips) 
Mahu2021: posts small blind 20
WHEELER1978: posts big blind 40
*** HOLE CARDS ***
Dealt to Mahu2021 [Ts Kd]
Mahu2021: raises 40 to 80
WHEELER1978: folds 
Uncalled bet (40) returned to Mahu2021
Mahu2021 collected 80 from pot
Mahu2021: doesn't show hand 
*** SUMMARY ***
Total pot 80 | Rake 0 
Seat 2: WHEELER1978 (big blind) folded before Flop
Seat 3: Mahu2021 (button) (small blind) collected (80)



PokerStars Hand #255755254703: Tournament #3879768186, $0.46+$0.04 USD Hold'em No Limit - Level III (20/40) - 2025/04/16 8:24:17 CET [2025/04/16 2:24:17 ET]
Table '3879768186 1' 3-max Seat #2 is the button
Seat 2: WHEELER1978 (920 in chips) 
Seat 3: Mahu2021 (580 in chips) 
WHEELER1978: posts small blind 20
Mahu2021: posts big blind 40
*** HOLE CARDS ***
Dealt to Mahu2021 [Jc 2c]
WHEELER1978: folds 
Uncalled bet (20) returned to Mahu2021
Mahu2021 collected 40 from pot
Mahu2021: doesn't show hand 
*** SUMMARY ***
Total pot 40 | Rake 0 
Seat 2: WHEELER1978 (button) (small blind) folded before Flop
Seat 3: Mahu2021 (big blind) collected (40)



PokerStars Hand #255755255016: Tournament #3879768186, $0.46+$0.04 USD Hold'em No Limit - Level III (20/40) - 2025/04/16 8:24:22 CET [2025/04/16 2:24:22 ET]
Table '3879768186 1' 3-max Seat #3 is the button
Seat 2: WHEELER1978 (900 in chips) 
Seat 3: Mahu2021 (600 in chips) 
Mahu2021: posts small blind 20
WHEELER1978: posts big blind 40
*** HOLE CARDS ***
Dealt to Mahu2021 [7c Ad]
Mahu2021: raises 40 to 80
WHEELER1978: folds 
Uncalled bet (40) returned to Mahu2021
Mahu2021 collected 80 from pot
Mahu2021: doesn't show hand 
*** SUMMARY ***
Total pot 80 | Rake 0 
Seat 2: WHEELER1978 (big blind) folded before Flop
Seat 3: Mahu2021 (button) (small blind) collected (80)



PokerStars Hand #255755255612: Tournament #3879768186, $0.46+$0.04 USD Hold'em No Limit - Level III (20/40) - 2025/04/16 8:24:30 CET [2025/04/16 2:24:30 ET]
Table '3879768186 1' 3-max Seat #2 is the button
Seat 2: WHEELER1978 (860 in chips) 
Seat 3: Mahu2021 (640 in chips) 
WHEELER1978: posts small blind 20
Mahu2021: posts big blind 40
*** HOLE CARDS ***
Dealt to Mahu2021 [Qd 8h]
WHEELER1978: folds 
Uncalled bet (20) returned to Mahu2021
Mahu2021 collected 40 from pot
Mahu2021: doesn't show hand 
*** SUMMARY ***
Total pot 40 | Rake 0 
Seat 2: WHEELER1978 (button) (small blind) folded before Flop
Seat 3: Mahu2021 (big blind) collected (40)



PokerStars Hand #255755256036: Tournament #3879768186, $0.46+$0.04 USD Hold'em No Limit - Level III (20/40) - 2025/04/16 8:24:37 CET [2025/04/16 2:24:37 ET]
Table '3879768186 1' 3-max Seat #3 is the button
Seat 2: WHEELER1978 (840 in chips) 
Seat 3: Mahu2021 (660 in chips) 
Mahu2021: posts small blind 20
WHEELER1978: posts big blind 40
*** HOLE CARDS ***
Dealt to Mahu2021 [Qh 6d]
Mahu2021: calls 20
WHEELER1978: checks 
*** FLOP *** [4c 8s 5d]
WHEELER1978: checks 
Mahu2021: bets 40
WHEELER1978: folds 
Uncalled bet (40) returned to Mahu2021
Mahu2021 collected 80 from pot
Mahu2021: doesn't show hand 
*** SUMMARY ***
Total pot 80 | Rake 0 
Board [4c 8s 5d]
Seat 2: WHEELER1978 (big blind) folded on the Flop
Seat 3: Mahu2021 (button) (small blind) collected (80)



PokerStars Hand #255755256916: Tournament #3879768186, $0.46+$0.04 USD Hold'em No Limit - Level III (20/40) - 2025/04/16 8:24:50 CET [2025/04/16 2:24:50 ET]
Table '3879768186 1' 3-max Seat #2 is the button
Seat 2: WHEELER1978 (800 in chips) 
Seat 3: Mahu2021 (700 in chips) 
WHEELER1978: posts small blind 20
Mahu2021: posts big blind 40
*** HOLE CARDS ***
Dealt to Mahu2021 [7s 3h]
WHEELER1978: folds 
Uncalled bet (20) returned to Mahu2021
Mahu2021 collected 40 from pot
Mahu2021: doesn't show hand 
*** SUMMARY ***
Total pot 40 | Rake 0 
Seat 2: WHEELER1978 (button) (small blind) folded before Flop
Seat 3: Mahu2021 (big blind) collected (40)



PokerStars Hand #255755257235: Tournament #3879768186, $0.46+$0.04 USD Hold'em No Limit - Level III (20/40) - 2025/04/16 8:24:55 CET [2025/04/16 2:24:55 ET]
Table '3879768186 1' 3-max Seat #3 is the button
Seat 2: WHEELER1978 (780 in chips) 
Seat 3: Mahu2021 (720 in chips) 
Mahu2021: posts small blind 20
WHEELER1978: posts big blind 40
*** HOLE CARDS ***
Dealt to Mahu2021 [8s Jh]
Mahu2021: raises 40 to 80
WHEELER1978: calls 40
*** FLOP *** [Kc 9h Ks]
WHEELER1978: checks 
Mahu2021: bets 80
WHEELER1978: calls 80
*** TURN *** [Kc 9h Ks] [4d]
WHEELER1978: checks 
Mahu2021: checks 
*** RIVER *** [Kc 9h Ks 4d] [2c]
WHEELER1978: bets 160
Mahu2021: folds 
Uncalled bet (160) returned to WHEELER1978
WHEELER1978 collected 320 from pot
*** SUMMARY ***
Total pot 320 | Rake 0 
Board [Kc 9h Ks 4d 2c]
Seat 2: WHEELER1978 (big blind) collected (320)
Seat 3: Mahu2021 (button) (small blind) folded on the River



PokerStars Hand #255755258747: Tournament #3879768186, $0.46+$0.04 USD Hold'em No Limit - Level III (20/40) - 2025/04/16 8:25:17 CET [2025/04/16 2:25:17 ET]
Table '3879768186 1' 3-max Seat #2 is the button
Seat 2: WHEELER1978 (940 in chips) 
Seat 3: Mahu2021 (560 in chips) 
WHEELER1978: posts small blind 20
Mahu2021: posts big blind 40
*** HOLE CARDS ***
Dealt to Mahu2021 [Qh Ts]
WHEELER1978: calls 20
Mahu2021: checks 
*** FLOP *** [2d Kh As]
Mahu2021: checks 
WHEELER1978: checks 
*** TURN *** [2d Kh As] [Kd]
Mahu2021: bets 40
WHEELER1978: folds 
Uncalled bet (40) returned to Mahu2021
Mahu2021 collected 80 from pot
Mahu2021: doesn't show hand 
*** SUMMARY ***
Total pot 80 | Rake 0 
Board [2d Kh As Kd]
Seat 2: WHEELER1978 (button) (small blind) folded on the Turn
Seat 3: Mahu2021 (big blind) collected (80)



PokerStars Hand #255755259731: Tournament #3879768186, $0.46+$0.04 USD Hold'em No Limit - Level III (20/40) - 2025/04/16 8:25:32 CET [2025/04/16 2:25:32 ET]
Table '3879768186 1' 3-max Seat #3 is the button
Seat 2: WHEELER1978 (900 in chips) 
Seat 3: Mahu2021 (600 in chips) 
Mahu2021: posts small blind 20
WHEELER1978: posts big blind 40
*** HOLE CARDS ***
Dealt to Mahu2021 [8h Js]
Mahu2021: calls 20
WHEELER1978: checks 
*** FLOP *** [7h 8c Qs]
WHEELER1978: checks 
Mahu2021: bets 40
WHEELER1978: folds 
Uncalled bet (40) returned to Mahu2021
Mahu2021 collected 80 from pot
Mahu2021: doesn't show hand 
*** SUMMARY ***
Total pot 80 | Rake 0 
Board [7h 8c Qs]
Seat 2: WHEELER1978 (big blind) folded on the Flop
Seat 3: Mahu2021 (button) (small blind) collected (80)



PokerStars Hand #255755260591: Tournament #3879768186, $0.46+$0.04 USD Hold'em No Limit - Level IV (30/60) - 2025/04/16 8:25:44 CET [2025/04/16 2:25:44 ET]
Table '3879768186 1' 3-max Seat #2 is the button
Seat 2: WHEELER1978 (860 in chips) 
Seat 3: Mahu2021 (640 in chips) 
WHEELER1978: posts small blind 30
Mahu2021: posts big blind 60
*** HOLE CARDS ***
Dealt to Mahu2021 [Jd Jh]
WHEELER1978: raises 60 to 120
Mahu2021: raises 520 to 640 and is all-in
WHEELER1978: folds 
Uncalled bet (520) returned to Mahu2021
Mahu2021 collected 240 from pot
Mahu2021: doesn't show hand 
*** SUMMARY ***
Total pot 240 | Rake 0 
Seat 2: WHEELER1978 (button) (small blind) folded before Flop
Seat 3: Mahu2021 (big blind) collected (240)



PokerStars Hand #255755261158: Tournament #3879768186, $0.46+$0.04 USD Hold'em No Limit - Level IV (30/60) - 2025/04/16 8:25:53 CET [2025/04/16 2:25:53 ET]
Table '3879768186 1' 3-max Seat #3 is the button
Seat 2: WHEELER1978 (740 in chips) 
Seat 3: Mahu2021 (760 in chips) 
Mahu2021: posts small blind 30
WHEELER1978: posts big blind 60
*** HOLE CARDS ***
Dealt to Mahu2021 [Js 7h]
Mahu2021: raises 60 to 120
WHEELER1978: folds 
Uncalled bet (60) returned to Mahu2021
Mahu2021 collected 120 from pot
Mahu2021: doesn't show hand 
*** SUMMARY ***
Total pot 120 | Rake 0 
Seat 2: WHEELER1978 (big blind) folded before Flop
Seat 3: Mahu2021 (button) (small blind) collected (120)



PokerStars Hand #255755261575: Tournament #3879768186, $0.46+$0.04 USD Hold'em No Limit - Level IV (30/60) - 2025/04/16 8:25:59 CET [2025/04/16 2:25:59 ET]
Table '3879768186 1' 3-max Seat #2 is the button
Seat 2: WHEELER1978 (680 in chips) 
Seat 3: Mahu2021 (820 in chips) 
WHEELER1978: posts small blind 30
Mahu2021: posts big blind 60
*** HOLE CARDS ***
Dealt to Mahu2021 [5d 4c]
WHEELER1978: folds 
Uncalled bet (30) returned to Mahu2021
Mahu2021 collected 60 from pot
Mahu2021: doesn't show hand 
*** SUMMARY ***
Total pot 60 | Rake 0 
Seat 2: WHEELER1978 (button) (small blind) folded before Flop
Seat 3: Mahu2021 (big blind) collected (60)



PokerStars Hand #255755261850: Tournament #3879768186, $0.46+$0.04 USD Hold'em No Limit - Level IV (30/60) - 2025/04/16 8:26:04 CET [2025/04/16 2:26:04 ET]
Table '3879768186 1' 3-max Seat #3 is the button
Seat 2: WHEELER1978 (650 in chips) 
Seat 3: Mahu2021 (850 in chips) 
Mahu2021: posts small blind 30
WHEELER1978: posts big blind 60
*** HOLE CARDS ***
Dealt to Mahu2021 [6d Td]
Mahu2021: calls 30
WHEELER1978: checks 
*** FLOP *** [Ad 9d 9s]
WHEELER1978: checks 
Mahu2021: bets 60
WHEELER1978: folds 
Uncalled bet (60) returned to Mahu2021
Mahu2021 collected 120 from pot
Mahu2021: doesn't show hand 
*** SUMMARY ***
Total pot 120 | Rake 0 
Board [Ad 9d 9s]
Seat 2: WHEELER1978 (big blind) folded on the Flop
Seat 3: Mahu2021 (button) (small blind) collected (120)



PokerStars Hand #255755262553: Tournament #3879768186, $0.46+$0.04 USD Hold'em No Limit - Level IV (30/60) - 2025/04/16 8:26:14 CET [2025/04/16 2:26:14 ET]
Table '3879768186 1' 3-max Seat #2 is the button
Seat 2: WHEELER1978 (590 in chips) 
Seat 3: Mahu2021 (910 in chips) 
WHEELER1978: posts small blind 30
Mahu2021: posts big blind 60
*** HOLE CARDS ***
Dealt to Mahu2021 [5h Tc]
WHEELER1978: raises 530 to 590 and is all-in
Mahu2021: folds 
Uncalled bet (530) returned to WHEELER1978
WHEELER1978 collected 120 from pot
*** SUMMARY ***
Total pot 120 | Rake 0 
Seat 2: WHEELER1978 (button) (small blind) collected (120)
Seat 3: Mahu2021 (big blind) folded before Flop



PokerStars Hand #255755263014: Tournament #3879768186, $0.46+$0.04 USD Hold'em No Limit - Level IV (30/60) - 2025/04/16 8:26:21 CET [2025/04/16 2:26:21 ET]
Table '3879768186 1' 3-max Seat #3 is the button
Seat 2: WHEELER1978 (650 in chips) 
Seat 3: Mahu2021 (850 in chips) 
Mahu2021: posts small blind 30
WHEELER1978: posts big blind 60
*** HOLE CARDS ***
Dealt to Mahu2021 [7h Jh]
Mahu2021: raises 60 to 120
WHEELER1978: raises 530 to 650 and is all-in
Mahu2021: folds 
Uncalled bet (530) returned to WHEELER1978
WHEELER1978 collected 240 from pot
*** SUMMARY ***
Total pot 240 | Rake 0 
Seat 2: WHEELER1978 (big blind) collected (240)
Seat 3: Mahu2021 (button) (small blind) folded before Flop



PokerStars Hand #255755263519: Tournament #3879768186, $0.46+$0.04 USD Hold'em No Limit - Level IV (30/60) - 2025/04/16 8:26:28 CET [2025/04/16 2:26:28 ET]
Table '3879768186 1' 3-max Seat #2 is the button
Seat 2: WHEELER1978 (770 in chips) 
Seat 3: Mahu2021 (730 in chips) 
WHEELER1978: posts small blind 30
Mahu2021: posts big blind 60
*** HOLE CARDS ***
Dealt to Mahu2021 [Qh 2h]
WHEELER1978: raises 710 to 770 and is all-in
Mahu2021: folds 
Uncalled bet (710) returned to WHEELER1978
WHEELER1978 collected 120 from pot
*** SUMMARY ***
Total pot 120 | Rake 0 
Seat 2: WHEELER1978 (button) (small blind) collected (120)
Seat 3: Mahu2021 (big blind) folded before Flop



PokerStars Hand #255755263949: Tournament #3879768186, $0.46+$0.04 USD Hold'em No Limit - Level IV (30/60) - 2025/04/16 8:26:34 CET [2025/04/16 2:26:34 ET]
Table '3879768186 1' 3-max Seat #3 is the button
Seat 2: WHEELER1978 (830 in chips) 
Seat 3: Mahu2021 (670 in chips) 
Mahu2021: posts small blind 30
WHEELER1978: posts big blind 60
*** HOLE CARDS ***
Dealt to Mahu2021 [2h 5d]
Mahu2021: folds 
Uncalled bet (30) returned to WHEELER1978
WHEELER1978 collected 60 from pot
*** SUMMARY ***
Total pot 60 | Rake 0 
Seat 2: WHEELER1978 (big blind) collected (60)
Seat 3: Mahu2021 (button) (small blind) folded before Flop



PokerStars Hand #255755264227: Tournament #3879768186, $0.46+$0.04 USD Hold'em No Limit - Level IV (30/60) - 2025/04/16 8:26:39 CET [2025/04/16 2:26:39 ET]
Table '3879768186 1' 3-max Seat #2 is the button
Seat 2: WHEELER1978 (860 in chips) 
Seat 3: Mahu2021 (640 in chips) 
WHEELER1978: posts small blind 30
Mahu2021: posts big blind 60
*** HOLE CARDS ***
Dealt to Mahu2021 [9d Ad]
WHEELER1978: folds 
Uncalled bet (30) returned to Mahu2021
Mahu2021 collected 60 from pot
Mahu2021: doesn't show hand 
*** SUMMARY ***
Total pot 60 | Rake 0 
Seat 2: WHEELER1978 (button) (small blind) folded before Flop
Seat 3: Mahu2021 (big blind) collected (60)



PokerStars Hand #255755264522: Tournament #3879768186, $0.46+$0.04 USD Hold'em No Limit - Level IV (30/60) - 2025/04/16 8:26:43 CET [2025/04/16 2:26:43 ET]
Table '3879768186 1' 3-max Seat #3 is the button
Seat 2: WHEELER1978 (830 in chips) 
Seat 3: Mahu2021 (670 in chips) 
Mahu2021: posts small blind 30
WHEELER1978: posts big blind 60
*** HOLE CARDS ***
Dealt to Mahu2021 [5s 2h]
Mahu2021: folds 
Uncalled bet (30) returned to WHEELER1978
WHEELER1978 collected 60 from pot
*** SUMMARY ***
Total pot 60 | Rake 0 
Seat 2: WHEELER1978 (big blind) collected (60)
Seat 3: Mahu2021 (button) (small blind) folded before Flop



PokerStars Hand #255755264852: Tournament #3879768186, $0.46+$0.04 USD Hold'em No Limit - Level IV (30/60) - 2025/04/16 8:26:48 CET [2025/04/16 2:26:48 ET]
Table '3879768186 1' 3-max Seat #2 is the button
Seat 2: WHEELER1978 (860 in chips) 
Seat 3: Mahu2021 (640 in chips) 
WHEELER1978: posts small blind 30
Mahu2021: posts big blind 60
*** HOLE CARDS ***
Dealt to Mahu2021 [Kd 6h]
WHEELER1978: calls 30
Mahu2021: checks 
*** FLOP *** [4c Jh Ac]
Mahu2021: checks 
WHEELER1978: bets 60
Mahu2021: folds 
Uncalled bet (60) returned to WHEELER1978
WHEELER1978 collected 120 from pot
*** SUMMARY ***
Total pot 120 | Rake 0 
Board [4c Jh Ac]
Seat 2: WHEELER1978 (button) (small blind) collected (120)
Seat 3: Mahu2021 (big blind) folded on the Flop



PokerStars Hand #255755265491: Tournament #3879768186, $0.46+$0.04 USD Hold'em No Limit - Level IV (30/60) - 2025/04/16 8:26:57 CET [2025/04/16 2:26:57 ET]
Table '3879768186 1' 3-max Seat #3 is the button
Seat 2: WHEELER1978 (920 in chips) 
Seat 3: Mahu2021 (580 in chips) 
Mahu2021: posts small blind 30
WHEELER1978: posts big blind 60
*** HOLE CARDS ***
Dealt to Mahu2021 [4d 2s]
Mahu2021: folds 
Uncalled bet (30) returned to WHEELER1978
WHEELER1978 collected 60 from pot
*** SUMMARY ***
Total pot 60 | Rake 0 
Seat 2: WHEELER1978 (big blind) collected (60)
Seat 3: Mahu2021 (button) (small blind) folded before Flop



PokerStars Hand #255755265783: Tournament #3879768186, $0.46+$0.04 USD Hold'em No Limit - Level IV (30/60) - 2025/04/16 8:27:02 CET [2025/04/16 2:27:02 ET]
Table '3879768186 1' 3-max Seat #2 is the button
Seat 2: WHEELER1978 (950 in chips) 
Seat 3: Mahu2021 (550 in chips) 
WHEELER1978: posts small blind 30
Mahu2021: posts big blind 60
*** HOLE CARDS ***
Dealt to Mahu2021 [Td Th]
WHEELER1978: raises 60 to 120
Mahu2021: raises 430 to 550 and is all-in
WHEELER1978: calls 430
*** FLOP *** [2h 4c Tc]
*** TURN *** [2h 4c Tc] [7s]
*** RIVER *** [2h 4c Tc 7s] [Qs]
*** SHOW DOWN ***
Mahu2021: shows [Td Th] (three of a kind, Tens)
WHEELER1978: shows [Js Qh] (a pair of Queens)
Mahu2021 collected 1100 from pot
*** SUMMARY ***
Total pot 1100 | Rake 0 
Board [2h 4c Tc 7s Qs]
Seat 2: WHEELER1978 (button) (small blind) showed [Js Qh] and lost with a pair of Queens
Seat 3: Mahu2021 (big blind) showed [Td Th] and won (1100) with three of a kind, Tens



PokerStars Hand #255755266749: Tournament #3879768186, $0.46+$0.04 USD Hold'em No Limit - Level IV (30/60) - 2025/04/16 8:27:16 CET [2025/04/16 2:27:16 ET]
Table '3879768186 1' 3-max Seat #3 is the button
Seat 2: WHEELER1978 (400 in chips) 
Seat 3: Mahu2021 (1100 in chips) 
Mahu2021: posts small blind 30
WHEELER1978: posts big blind 60
*** HOLE CARDS ***
Dealt to Mahu2021 [9d Tc]
Mahu2021: calls 30
WHEELER1978: checks 
*** FLOP *** [4c Kd 9s]
WHEELER1978: checks 
Mahu2021: bets 60
WHEELER1978: folds 
Uncalled bet (60) returned to Mahu2021
Mahu2021 collected 120 from pot
Mahu2021: doesn't show hand 
*** SUMMARY ***
Total pot 120 | Rake 0 
Board [4c Kd 9s]
Seat 2: WHEELER1978 (big blind) folded on the Flop
Seat 3: Mahu2021 (button) (small blind) collected (120)



PokerStars Hand #255755267602: Tournament #3879768186, $0.46+$0.04 USD Hold'em No Limit - Level IV (30/60) - 2025/04/16 8:27:29 CET [2025/04/16 2:27:29 ET]
Table '3879768186 1' 3-max Seat #2 is the button
Seat 2: WHEELER1978 (340 in chips) 
Seat 3: Mahu2021 (1160 in chips) 
WHEELER1978: posts small blind 30
Mahu2021: posts big blind 60
*** HOLE CARDS ***
Dealt to Mahu2021 [Js Jh]
WHEELER1978: raises 280 to 340 and is all-in
Mahu2021: calls 280
*** FLOP *** [Ks 8c 7c]
*** TURN *** [Ks 8c 7c] [9s]
*** RIVER *** [Ks 8c 7c 9s] [6d]
*** SHOW DOWN ***
Mahu2021: shows [Js Jh] (a pair of Jacks)
WHEELER1978: shows [7d 6h] (two pair, Sevens and Sixes)
WHEELER1978 collected 680 from pot
*** SUMMARY ***
Total pot 680 | Rake 0 
Board [Ks 8c 7c 9s 6d]
Seat 2: WHEELER1978 (button) (small blind) showed [7d 6h] and won (680) with two pair, Sevens and Sixes
Seat 3: Mahu2021 (big blind) showed [Js Jh] and lost with a pair of Jacks



PokerStars Hand #255755268627: Tournament #3879768186, $0.46+$0.04 USD Hold'em No Limit - Level V (40/80) - 2025/04/16 8:27:45 CET [2025/04/16 2:27:45 ET]
Table '3879768186 1' 3-max Seat #3 is the button
Seat 2: WHEELER1978 (680 in chips) 
Seat 3: Mahu2021 (820 in chips) 
Mahu2021: posts small blind 40
WHEELER1978: posts big blind 80
*** HOLE CARDS ***
Dealt to Mahu2021 [7c 9d]
Mahu2021: calls 40
WHEELER1978: raises 600 to 680 and is all-in
Mahu2021: folds 
Uncalled bet (600) returned to WHEELER1978
WHEELER1978 collected 160 from pot
*** SUMMARY ***
Total pot 160 | Rake 0 
Seat 2: WHEELER1978 (big blind) collected (160)
Seat 3: Mahu2021 (button) (small blind) folded before Flop



PokerStars Hand #255755269115: Tournament #3879768186, $0.46+$0.04 USD Hold'em No Limit - Level V (40/80) - 2025/04/16 8:27:52 CET [2025/04/16 2:27:52 ET]
Table '3879768186 1' 3-max Seat #2 is the button
Seat 2: WHEELER1978 (760 in chips) 
Seat 3: Mahu2021 (740 in chips) 
WHEELER1978: posts small blind 40
Mahu2021: posts big blind 80
*** HOLE CARDS ***
Dealt to Mahu2021 [9h 4s]
WHEELER1978: raises 680 to 760 and is all-in
Mahu2021: folds 
Uncalled bet (680) returned to WHEELER1978
WHEELER1978 collected 160 from pot
*** SUMMARY ***
Total pot 160 | Rake 0 
Seat 2: WHEELER1978 (button) (small blind) collected (160)
Seat 3: Mahu2021 (big blind) folded before Flop



PokerStars Hand #255755269479: Tournament #3879768186, $0.46+$0.04 USD Hold'em No Limit - Level V (40/80) - 2025/04/16 8:27:57 CET [2025/04/16 2:27:57 ET]
Table '3879768186 1' 3-max Seat #3 is the button
Seat 2: WHEELER1978 (840 in chips) 
Seat 3: Mahu2021 (660 in chips) 
Mahu2021: posts small blind 40
WHEELER1978: posts big blind 80
*** HOLE CARDS ***
Dealt to Mahu2021 [Ah Js]
Mahu2021: raises 80 to 160
WHEELER1978: folds 
Uncalled bet (80) returned to Mahu2021
Mahu2021 collected 160 from pot
Mahu2021: doesn't show hand 
*** SUMMARY ***
Total pot 160 | Rake 0 
Seat 2: WHEELER1978 (big blind) folded before Flop
Seat 3: Mahu2021 (button) (small blind) collected (160)



PokerStars Hand #255755269832: Tournament #3879768186, $0.46+$0.04 USD Hold'em No Limit - Level V (40/80) - 2025/04/16 8:28:03 CET [2025/04/16 2:28:03 ET]
Table '3879768186 1' 3-max Seat #2 is the button
Seat 2: WHEELER1978 (760 in chips) 
Seat 3: Mahu2021 (740 in chips) 
WHEELER1978: posts small blind 40
Mahu2021: posts big blind 80
*** HOLE CARDS ***
Dealt to Mahu2021 [Kd 9d]
WHEELER1978: calls 40
Mahu2021: raises 660 to 740 and is all-in
WHEELER1978: folds 
Uncalled bet (660) returned to Mahu2021
Mahu2021 collected 160 from pot
Mahu2021: doesn't show hand 
*** SUMMARY ***
Total pot 160 | Rake 0 
Seat 2: WHEELER1978 (button) (small blind) folded before Flop
Seat 3: Mahu2021 (big blind) collected (160)



PokerStars Hand #255755270415: Tournament #3879768186, $0.46+$0.04 USD Hold'em No Limit - Level V (40/80) - 2025/04/16 8:28:11 CET [2025/04/16 2:28:11 ET]
Table '3879768186 1' 3-max Seat #3 is the button
Seat 2: WHEELER1978 (680 in chips) 
Seat 3: Mahu2021 (820 in chips) 
Mahu2021: posts small blind 40
WHEELER1978: posts big blind 80
*** HOLE CARDS ***
Dealt to Mahu2021 [9s Qs]
Mahu2021: calls 40
WHEELER1978: checks 
*** FLOP *** [Ac Ad 3h]
WHEELER1978: checks 
Mahu2021: bets 80
WHEELER1978: raises 520 to 600 and is all-in
Mahu2021: folds 
Uncalled bet (520) returned to WHEELER1978
WHEELER1978 collected 320 from pot
*** SUMMARY ***
Total pot 320 | Rake 0 
Board [Ac Ad 3h]
Seat 2: WHEELER1978 (big blind) collected (320)
Seat 3: Mahu2021 (button) (small blind) folded on the Flop



PokerStars Hand #255755271123: Tournament #3879768186, $0.46+$0.04 USD Hold'em No Limit - Level V (40/80) - 2025/04/16 8:28:22 CET [2025/04/16 2:28:22 ET]
Table '3879768186 1' 3-max Seat #2 is the button
Seat 2: WHEELER1978 (840 in chips) 
Seat 3: Mahu2021 (660 in chips) 
WHEELER1978: posts small blind 40
Mahu2021: posts big blind 80
*** HOLE CARDS ***
Dealt to Mahu2021 [7s 9c]
WHEELER1978: raises 760 to 840 and is all-in
Mahu2021: folds 
Uncalled bet (760) returned to WHEELER1978
WHEELER1978 collected 160 from pot
*** SUMMARY ***
Total pot 160 | Rake 0 
Seat 2: WHEELER1978 (button) (small blind) collected (160)
Seat 3: Mahu2021 (big blind) folded before Flop



PokerStars Hand #255755271613: Tournament #3879768186, $0.46+$0.04 USD Hold'em No Limit - Level V (40/80) - 2025/04/16 8:28:29 CET [2025/04/16 2:28:29 ET]
Table '3879768186 1' 3-max Seat #3 is the button
Seat 2: WHEELER1978 (920 in chips) 
Seat 3: Mahu2021 (580 in chips) 
Mahu2021: posts small blind 40
WHEELER1978: posts big blind 80
*** HOLE CARDS ***
Dealt to Mahu2021 [5c 9h]
Mahu2021: folds 
Uncalled bet (40) returned to WHEELER1978
WHEELER1978 collected 80 from pot
*** SUMMARY ***
Total pot 80 | Rake 0 
Seat 2: WHEELER1978 (big blind) collected (80)
Seat 3: Mahu2021 (button) (small blind) folded before Flop



PokerStars Hand #255755271886: Tournament #3879768186, $0.46+$0.04 USD Hold'em No Limit - Level V (40/80) - 2025/04/16 8:28:33 CET [2025/04/16 2:28:33 ET]
Table '3879768186 1' 3-max Seat #2 is the button
Seat 2: WHEELER1978 (960 in chips) 
Seat 3: Mahu2021 (540 in chips) 
WHEELER1978: posts small blind 40
Mahu2021: posts big blind 80
*** HOLE CARDS ***
Dealt to Mahu2021 [9h 9s]
WHEELER1978: folds 
Uncalled bet (40) returned to Mahu2021
Mahu2021 collected 80 from pot
Mahu2021: doesn't show hand 
*** SUMMARY ***
Total pot 80 | Rake 0 
Seat 2: WHEELER1978 (button) (small blind) folded before Flop
Seat 3: Mahu2021 (big blind) collected (80)



PokerStars Hand #255755272231: Tournament #3879768186, $0.46+$0.04 USD Hold'em No Limit - Level V (40/80) - 2025/04/16 8:28:38 CET [2025/04/16 2:28:38 ET]
Table '3879768186 1' 3-max Seat #3 is the button
Seat 2: WHEELER1978 (920 in chips) 
Seat 3: Mahu2021 (580 in chips) 
Mahu2021: posts small blind 40
WHEELER1978: posts big blind 80
*** HOLE CARDS ***
Dealt to Mahu2021 [7c 5h]
Mahu2021: folds 
Uncalled bet (40) returned to WHEELER1978
WHEELER1978 collected 80 from pot
*** SUMMARY ***
Total pot 80 | Rake 0 
Seat 2: WHEELER1978 (big blind) collected (80)
Seat 3: Mahu2021 (button) (small blind) folded before Flop



PokerStars Hand #255755272540: Tournament #3879768186, $0.46+$0.04 USD Hold'em No Limit - Level V (40/80) - 2025/04/16 8:28:43 CET [2025/04/16 2:28:43 ET]
Table '3879768186 1' 3-max Seat #2 is the button
Seat 2: WHEELER1978 (960 in chips) 
Seat 3: Mahu2021 (540 in chips) 
WHEELER1978: posts small blind 40
Mahu2021: posts big blind 80
*** HOLE CARDS ***
Dealt to Mahu2021 [Ac 7s]
WHEELER1978: raises 880 to 960 and is all-in
Mahu2021: calls 460 and is all-in
Uncalled bet (420) returned to WHEELER1978
*** FLOP *** [Qs Td 3d]
*** TURN *** [Qs Td 3d] [4d]
*** RIVER *** [Qs Td 3d 4d] [2c]
*** SHOW DOWN ***
Mahu2021: shows [Ac 7s] (high card Ace)
WHEELER1978: shows [Kh Jc] (high card King)
Mahu2021 collected 1080 from pot
*** SUMMARY ***
Total pot 1080 | Rake 0 
Board [Qs Td 3d 4d 2c]
Seat 2: WHEELER1978 (button) (small blind) showed [Kh Jc] and lost with high card King
Seat 3: Mahu2021 (big blind) showed [Ac 7s] and won (1080) with high card Ace



PokerStars Hand #255755273330: Tournament #3879768186, $0.46+$0.04 USD Hold'em No Limit - Level V (40/80) - 2025/04/16 8:28:55 CET [2025/04/16 2:28:55 ET]
Table '3879768186 1' 3-max Seat #3 is the button
Seat 2: WHEELER1978 (420 in chips) 
Seat 3: Mahu2021 (1080 in chips) 
Mahu2021: posts small blind 40
WHEELER1978: posts big blind 80
*** HOLE CARDS ***
Dealt to Mahu2021 [2d Ah]
Mahu2021: raises 1000 to 1080 and is all-in
WHEELER1978: calls 340 and is all-in
Uncalled bet (660) returned to Mahu2021
*** FLOP *** [Kh 5s 8h]
*** TURN *** [Kh 5s 8h] [Qd]
*** RIVER *** [Kh 5s 8h Qd] [2s]
*** SHOW DOWN ***
WHEELER1978: shows [8s 9s] (a pair of Eights)
Mahu2021: shows [2d Ah] (a pair of Deuces)
WHEELER1978 collected 840 from pot
*** SUMMARY ***
Total pot 840 | Rake 0 
Board [Kh 5s 8h Qd 2s]
Seat 2: WHEELER1978 (big blind) showed [8s 9s] and won (840) with a pair of Eights
Seat 3: Mahu2021 (button) (small blind) showed [2d Ah] and lost with a pair of Deuces



PokerStars Hand #255755274235: Tournament #3879768186, $0.46+$0.04 USD Hold'em No Limit - Level V (40/80) - 2025/04/16 8:29:09 CET [2025/04/16 2:29:09 ET]
Table '3879768186 1' 3-max Seat #2 is the button
Seat 2: WHEELER1978 (840 in chips) 
Seat 3: Mahu2021 (660 in chips) 
WHEELER1978: posts small blind 40
Mahu2021: posts big blind 80
*** HOLE CARDS ***
Dealt to Mahu2021 [Ts Ac]
WHEELER1978: raises 760 to 840 and is all-in
Mahu2021: calls 580 and is all-in
Uncalled bet (180) returned to WHEELER1978
*** FLOP *** [2h 7s 2c]
*** TURN *** [2h 7s 2c] [3d]
*** RIVER *** [2h 7s 2c 3d] [Kc]
*** SHOW DOWN ***
Mahu2021: shows [Ts Ac] (a pair of Deuces)
WHEELER1978: shows [5s As] (a pair of Deuces - lower kicker)
Mahu2021 collected 1320 from pot
*** SUMMARY ***
Total pot 1320 | Rake 0 
Board [2h 7s 2c 3d Kc]
Seat 2: WHEELER1978 (button) (small blind) showed [5s As] and lost with a pair of Deuces
Seat 3: Mahu2021 (big blind) showed [Ts Ac] and won (1320) with a pair of Deuces



PokerStars Hand #255755275175: Tournament #3879768186, $0.46+$0.04 USD Hold'em No Limit - Level V (40/80) - 2025/04/16 8:29:23 CET [2025/04/16 2:29:23 ET]
Table '3879768186 1' 3-max Seat #3 is the button
Seat 2: WHEELER1978 (180 in chips) 
Seat 3: Mahu2021 (1320 in chips) 
Mahu2021: posts small blind 40
WHEELER1978: posts big blind 80
*** HOLE CARDS ***
Dealt to Mahu2021 [4c 5h]
Mahu2021: folds 
Uncalled bet (40) returned to WHEELER1978
WHEELER1978 collected 80 from pot
*** SUMMARY ***
Total pot 80 | Rake 0 
Seat 2: WHEELER1978 (big blind) collected (80)
Seat 3: Mahu2021 (button) (small blind) folded before Flop



PokerStars Hand #255755275550: Tournament #3879768186, $0.46+$0.04 USD Hold'em No Limit - Level V (40/80) - 2025/04/16 8:29:29 CET [2025/04/16 2:29:29 ET]
Table '3879768186 1' 3-max Seat #2 is the button
Seat 2: WHEELER1978 (220 in chips) 
Seat 3: Mahu2021 (1280 in chips) 
WHEELER1978: posts small blind 40
Mahu2021: posts big blind 80
*** HOLE CARDS ***
Dealt to Mahu2021 [7d Qc]
WHEELER1978: raises 140 to 220 and is all-in
Mahu2021: calls 140
*** FLOP *** [6c 2h 4s]
*** TURN *** [6c 2h 4s] [5s]
*** RIVER *** [6c 2h 4s 5s] [4d]
*** SHOW DOWN ***
Mahu2021: shows [7d Qc] (a pair of Fours)
WHEELER1978: shows [Td Ks] (a pair of Fours - King kicker)
WHEELER1978 collected 440 from pot
*** SUMMARY ***
Total pot 440 | Rake 0 
Board [6c 2h 4s 5s 4d]
Seat 2: WHEELER1978 (button) (small blind) showed [Td Ks] and won (440) with a pair of Fours
Seat 3: Mahu2021 (big blind) showed [7d Qc] and lost with a pair of Fours



PokerStars Hand #255755276589: Tournament #3879768186, $0.46+$0.04 USD Hold'em No Limit - Level VI (50/100) - 2025/04/16 8:29:45 CET [2025/04/16 2:29:45 ET]
Table '3879768186 1' 3-max Seat #3 is the button
Seat 2: WHEELER1978 (440 in chips) 
Seat 3: Mahu2021 (1060 in chips) 
Mahu2021: posts small blind 50
WHEELER1978: posts big blind 100
*** HOLE CARDS ***
Dealt to Mahu2021 [2s 9h]
Mahu2021: folds 
Uncalled bet (50) returned to WHEELER1978
WHEELER1978 collected 100 from pot
*** SUMMARY ***
Total pot 100 | Rake 0 
Seat 2: WHEELER1978 (big blind) collected (100)
Seat 3: Mahu2021 (button) (small blind) folded before Flop



PokerStars Hand #255755276861: Tournament #3879768186, $0.46+$0.04 USD Hold'em No Limit - Level VI (50/100) - 2025/04/16 8:29:49 CET [2025/04/16 2:29:49 ET]
Table '3879768186 1' 3-max Seat #2 is the button
Seat 2: WHEELER1978 (490 in chips) 
Seat 3: Mahu2021 (1010 in chips) 
WHEELER1978: posts small blind 50
Mahu2021: posts big blind 100
*** HOLE CARDS ***
Dealt to Mahu2021 [Kd 5c]
WHEELER1978: folds 
Uncalled bet (50) returned to Mahu2021
Mahu2021 collected 100 from pot
Mahu2021: doesn't show hand 
*** SUMMARY ***
Total pot 100 | Rake 0 
Seat 2: WHEELER1978 (button) (small blind) folded before Flop
Seat 3: Mahu2021 (big blind) collected (100)



PokerStars Hand #255755277181: Tournament #3879768186, $0.46+$0.04 USD Hold'em No Limit - Level VI (50/100) - 2025/04/16 8:29:53 CET [2025/04/16 2:29:53 ET]
Table '3879768186 1' 3-max Seat #3 is the button
Seat 2: WHEELER1978 (440 in chips) 
Seat 3: Mahu2021 (1060 in chips) 
Mahu2021: posts small blind 50
WHEELER1978: posts big blind 100
*** HOLE CARDS ***
Dealt to Mahu2021 [4c 2c]
Mahu2021: folds 
Uncalled bet (50) returned to WHEELER1978
WHEELER1978 collected 100 from pot
*** SUMMARY ***
Total pot 100 | Rake 0 
Seat 2: WHEELER1978 (big blind) collected (100)
Seat 3: Mahu2021 (button) (small blind) folded before Flop



PokerStars Hand #255755277512: Tournament #3879768186, $0.46+$0.04 USD Hold'em No Limit - Level VI (50/100) - 2025/04/16 8:29:58 CET [2025/04/16 2:29:58 ET]
Table '3879768186 1' 3-max Seat #2 is the button
Seat 2: WHEELER1978 (490 in chips) 
Seat 3: Mahu2021 (1010 in chips) 
WHEELER1978: posts small blind 50
Mahu2021: posts big blind 100
*** HOLE CARDS ***
Dealt to Mahu2021 [4h 2h]
WHEELER1978: raises 390 to 490 and is all-in
Mahu2021: folds 
Uncalled bet (390) returned to WHEELER1978
WHEELER1978 collected 200 from pot
*** SUMMARY ***
Total pot 200 | Rake 0 
Seat 2: WHEELER1978 (button) (small blind) collected (200)
Seat 3: Mahu2021 (big blind) folded before Flop



PokerStars Hand #255755277980: Tournament #3879768186, $0.46+$0.04 USD Hold'em No Limit - Level VI (50/100) - 2025/04/16 8:30:05 CET [2025/04/16 2:30:05 ET]
Table '3879768186 1' 3-max Seat #3 is the button
Seat 2: WHEELER1978 (590 in chips) 
Seat 3: Mahu2021 (910 in chips) 
Mahu2021: posts small blind 50
WHEELER1978: posts big blind 100
*** HOLE CARDS ***
Dealt to Mahu2021 [Ks 4c]
Mahu2021: raises 100 to 200
WHEELER1978: folds 
Uncalled bet (100) returned to Mahu2021
Mahu2021 collected 200 from pot
Mahu2021: doesn't show hand 
*** SUMMARY ***
Total pot 200 | Rake 0 
Seat 2: WHEELER1978 (big blind) folded before Flop
Seat 3: Mahu2021 (button) (small blind) collected (200)



PokerStars Hand #255755278328: Tournament #3879768186, $0.46+$0.04 USD Hold'em No Limit - Level VI (50/100) - 2025/04/16 8:30:10 CET [2025/04/16 2:30:10 ET]
Table '3879768186 1' 3-max Seat #2 is the button
Seat 2: WHEELER1978 (490 in chips) 
Seat 3: Mahu2021 (1010 in chips) 
WHEELER1978: posts small blind 50
Mahu2021: posts big blind 100
*** HOLE CARDS ***
Dealt to Mahu2021 [Jh Ks]
WHEELER1978: folds 
Uncalled bet (50) returned to Mahu2021
Mahu2021 collected 100 from pot
Mahu2021: doesn't show hand 
*** SUMMARY ***
Total pot 100 | Rake 0 
Seat 2: WHEELER1978 (button) (small blind) folded before Flop
Seat 3: Mahu2021 (big blind) collected (100)



PokerStars Hand #255755278626: Tournament #3879768186, $0.46+$0.04 USD Hold'em No Limit - Level VI (50/100) - 2025/04/16 8:30:15 CET [2025/04/16 2:30:15 ET]
Table '3879768186 1' 3-max Seat #3 is the button
Seat 2: WHEELER1978 (440 in chips) 
Seat 3: Mahu2021 (1060 in chips) 
Mahu2021: posts small blind 50
WHEELER1978: posts big blind 100
*** HOLE CARDS ***
Dealt to Mahu2021 [3d 7h]
Mahu2021: folds 
Uncalled bet (50) returned to WHEELER1978
WHEELER1978 collected 100 from pot
*** SUMMARY ***
Total pot 100 | Rake 0 
Seat 2: WHEELER1978 (big blind) collected (100)
Seat 3: Mahu2021 (button) (small blind) folded before Flop



PokerStars Hand #255755278941: Tournament #3879768186, $0.46+$0.04 USD Hold'em No Limit - Level VI (50/100) - 2025/04/16 8:30:19 CET [2025/04/16 2:30:19 ET]
Table '3879768186 1' 3-max Seat #2 is the button
Seat 2: WHEELER1978 (490 in chips) 
Seat 3: Mahu2021 (1010 in chips) 
WHEELER1978: posts small blind 50
Mahu2021: posts big blind 100
*** HOLE CARDS ***
Dealt to Mahu2021 [8h 4c]
WHEELER1978: raises 390 to 490 and is all-in
Mahu2021: folds 
Uncalled bet (390) returned to WHEELER1978
WHEELER1978 collected 200 from pot
*** SUMMARY ***
Total pot 200 | Rake 0 
Seat 2: WHEELER1978 (button) (small blind) collected (200)
Seat 3: Mahu2021 (big blind) folded before Flop



PokerStars Hand #255755279264: Tournament #3879768186, $0.46+$0.04 USD Hold'em No Limit - Level VI (50/100) - 2025/04/16 8:30:24 CET [2025/04/16 2:30:24 ET]
Table '3879768186 1' 3-max Seat #3 is the button
Seat 2: WHEELER1978 (590 in chips) 
Seat 3: Mahu2021 (910 in chips) 
Mahu2021: posts small blind 50
WHEELER1978: posts big blind 100
*** HOLE CARDS ***
Dealt to Mahu2021 [8d 9s]
Mahu2021: calls 50
WHEELER1978: checks 
*** FLOP *** [3d 4c 6s]
WHEELER1978: checks 
Mahu2021: checks 
*** TURN *** [3d 4c 6s] [9h]
WHEELER1978: checks 
Mahu2021: bets 810 and is all-in
WHEELER1978: folds 
Uncalled bet (810) returned to Mahu2021
Mahu2021 collected 200 from pot
Mahu2021: doesn't show hand 
*** SUMMARY ***
Total pot 200 | Rake 0 
Board [3d 4c 6s 9h]
Seat 2: WHEELER1978 (big blind) folded on the Turn
Seat 3: Mahu2021 (button) (small blind) collected (200)



PokerStars Hand #255755281362: Tournament #3879768186, $0.46+$0.04 USD Hold'em No Limit - Level VI (50/100) - 2025/04/16 8:30:55 CET [2025/04/16 2:30:55 ET]
Table '3879768186 1' 3-max Seat #2 is the button
Seat 2: WHEELER1978 (490 in chips) 
Seat 3: Mahu2021 (1010 in chips) 
WHEELER1978: posts small blind 50
Mahu2021: posts big blind 100
*** HOLE CARDS ***
Dealt to Mahu2021 [2c Td]
WHEELER1978: raises 390 to 490 and is all-in
Mahu2021: folds 
Uncalled bet (390) returned to WHEELER1978
WHEELER1978 collected 200 from pot
*** SUMMARY ***
Total pot 200 | Rake 0 
Seat 2: WHEELER1978 (button) (small blind) collected (200)
Seat 3: Mahu2021 (big blind) folded before Flop



PokerStars Hand #255755281878: Tournament #3879768186, $0.46+$0.04 USD Hold'em No Limit - Level VI (50/100) - 2025/04/16 8:31:03 CET [2025/04/16 2:31:03 ET]
Table '3879768186 1' 3-max Seat #3 is the button
Seat 2: WHEELER1978 (590 in chips) 
Seat 3: Mahu2021 (910 in chips) 
Mahu2021: posts small blind 50
WHEELER1978: posts big blind 100
*** HOLE CARDS ***
Dealt to Mahu2021 [7d Kd]
Mahu2021: raises 810 to 910 and is all-in
WHEELER1978: folds 
Uncalled bet (810) returned to Mahu2021
Mahu2021 collected 200 from pot
Mahu2021: doesn't show hand 
*** SUMMARY ***
Total pot 200 | Rake 0 
Seat 2: WHEELER1978 (big blind) folded before Flop
Seat 3: Mahu2021 (button) (small blind) collected (200)



PokerStars Hand #255755282301: Tournament #3879768186, $0.46+$0.04 USD Hold'em No Limit - Level VI (50/100) - 2025/04/16 8:31:09 CET [2025/04/16 2:31:09 ET]
Table '3879768186 1' 3-max Seat #2 is the button
Seat 2: WHEELER1978 (490 in chips) 
Seat 3: Mahu2021 (1010 in chips) 
WHEELER1978: posts small blind 50
Mahu2021: posts big blind 100
*** HOLE CARDS ***
Dealt to Mahu2021 [4s 8s]
WHEELER1978: raises 390 to 490 and is all-in
Mahu2021: folds 
Uncalled bet (390) returned to WHEELER1978
WHEELER1978 collected 200 from pot
*** SUMMARY ***
Total pot 200 | Rake 0 
Seat 2: WHEELER1978 (button) (small blind) collected (200)
Seat 3: Mahu2021 (big blind) folded before Flop



PokerStars Hand #255755282699: Tournament #3879768186, $0.46+$0.04 USD Hold'em No Limit - Level VI (50/100) - 2025/04/16 8:31:15 CET [2025/04/16 2:31:15 ET]
Table '3879768186 1' 3-max Seat #3 is the button
Seat 2: WHEELER1978 (590 in chips) 
Seat 3: Mahu2021 (910 in chips) 
Mahu2021: posts small blind 50
WHEELER1978: posts big blind 100
*** HOLE CARDS ***
Dealt to Mahu2021 [Jc As]
Mahu2021: raises 100 to 200
WHEELER1978: raises 390 to 590 and is all-in
Mahu2021: calls 390
*** FLOP *** [4d 7c 5h]
*** TURN *** [4d 7c 5h] [5s]
*** RIVER *** [4d 7c 5h 5s] [2h]
*** SHOW DOWN ***
WHEELER1978: shows [9d Ad] (a pair of Fives)
Mahu2021: shows [Jc As] (a pair of Fives - Ace+Jack kicker)
Mahu2021 collected 1180 from pot
WHEELER1978 finished the tournament in 2nd place
Mahu2021 wins the tournament - congratulations!
Mahu2021 wins a '$1.00 Power Path Step 2 Ticket' ticket
*** SUMMARY ***
Total pot 1180 | Rake 0 
Board [4d 7c 5h 5s 2h]
Seat 2: WHEELER1978 (big blind) showed [9d Ad] and lost with a pair of Fives
Seat 3: Mahu2021 (button) (small blind) showed [Jc As] and won (1180) with a pair of Fives



