PokerStars Hand #252462359603: Tournament #3800823316, $1.84+$0.16 USD Hold'em No Limit - Level I (10/20) - 2024/09/15 18:10:26 CET [2024/09/15 12:10:26 ET]
Table '3800823316 1' 3-max Seat #1 is the button
Seat 1: vasiliades369 (500 in chips) 
Seat 2: Mahu2021 (500 in chips) 
Seat 3: Risada350 (500 in chips) 
Mahu2021: posts small blind 10
Risada350: posts big blind 20
*** HOLE CARDS ***
Dealt to Mahu2021 [Ks 3h]
vasiliades369: calls 20
Mahu2021: folds 
Risada350: checks 
*** FLOP *** [Ad Qh Th]
Risada350: bets 20
vasiliades369: raises 90 to 110
Risada350: folds 
Uncalled bet (90) returned to vasiliades369
vasiliades369 collected 90 from pot
vasiliades369: doesn't show hand 
*** SUMMARY ***
Total pot 90 | Rake 0 
Board [Ad Qh Th]
Seat 1: vasiliades369 (button) collected (90)
Seat 2: Mahu2021 (small blind) folded before Flop
Seat 3: Risada350 (big blind) folded on the Flop



PokerStars Hand #252462365685: Tournament #3800823316, $1.84+$0.16 USD Hold'em No Limit - Level I (10/20) - 2024/09/15 18:10:48 CET [2024/09/15 12:10:48 ET]
Table '3800823316 1' 3-max Seat #2 is the button
Seat 1: vasiliades369 (550 in chips) 
Seat 2: Mahu2021 (490 in chips) 
Seat 3: Risada350 (460 in chips) 
Risada350: posts small blind 10
vasiliades369: posts big blind 20
*** HOLE CARDS ***
Dealt to Mahu2021 [Jh Qh]
Mahu2021: raises 20 to 40
Risada350: folds 
vasiliades369: calls 20
*** FLOP *** [6c 5s Qc]
vasiliades369: checks 
Mahu2021: bets 40
vasiliades369: raises 40 to 80
Mahu2021: raises 60 to 140
vasiliades369: raises 370 to 510 and is all-in
Mahu2021: calls 310 and is all-in
Uncalled bet (60) returned to vasiliades369
*** TURN *** [6c 5s Qc] [7c]
*** RIVER *** [6c 5s Qc 7c] [2d]
*** SHOW DOWN ***
vasiliades369: shows [Qd Js] (a pair of Queens)
Mahu2021: shows [Jh Qh] (a pair of Queens)
vasiliades369 collected 495 from pot
Mahu2021 collected 495 from pot
*** SUMMARY ***
Total pot 990 | Rake 0 
Board [6c 5s Qc 7c 2d]
Seat 1: vasiliades369 (big blind) showed [Qd Js] and won (495) with a pair of Queens
Seat 2: Mahu2021 (button) showed [Jh Qh] and won (495) with a pair of Queens
Seat 3: Risada350 (small blind) folded before Flop



PokerStars Hand #252462374337: Tournament #3800823316, $1.84+$0.16 USD Hold'em No Limit - Level I (10/20) - 2024/09/15 18:11:20 CET [2024/09/15 12:11:20 ET]
Table '3800823316 1' 3-max Seat #3 is the button
Seat 1: vasiliades369 (555 in chips) 
Seat 2: Mahu2021 (495 in chips) 
Seat 3: Risada350 (450 in chips) 
vasiliades369: posts small blind 10
Mahu2021: posts big blind 20
*** HOLE CARDS ***
Dealt to Mahu2021 [7h 7d]
Risada350: folds 
vasiliades369: raises 20 to 40
Mahu2021: raises 455 to 495 and is all-in
vasiliades369: calls 455
*** FLOP *** [4d Qd 2c]
*** TURN *** [4d Qd 2c] [3s]
*** RIVER *** [4d Qd 2c 3s] [6h]
*** SHOW DOWN ***
vasiliades369: shows [Qh As] (a pair of Queens)
Mahu2021: shows [7h 7d] (a pair of Sevens)
vasiliades369 collected 990 from pot
Mahu2021 finished the tournament in 3rd place
*** SUMMARY ***
Total pot 990 | Rake 0 
Board [4d Qd 2c 3s 6h]
Seat 1: vasiliades369 (small blind) showed [Qh As] and won (990) with a pair of Queens
Seat 2: Mahu2021 (big blind) showed [7h 7d] and lost with a pair of Sevens
Seat 3: Risada350 (button) folded before Flop (didn't bet)



