PokerStars Hand #251450617619: Tournament #3775177211, $1.40+$0.10 USD Hold'em No Limit - Level II (75/150) - 2024/07/12 15:09:05 CET [2024/07/12 9:09:05 ET]
Table '3775177211 4' 8-max Seat #5 is the button
Seat 1: N00bStarz (9860 in chips) 
Seat 2: Mahu2021 (10000 in chips) 
Seat 3: focus0041 (9710 in chips) 
Seat 4: galiway777 (9810 in chips) 
Seat 5: jbthejoy (10140 in chips) is sitting out
Seat 6: buszkowski2012 (10200 in chips) 
Seat 7: gogikas1 (9970 in chips) 
Seat 8: genghis k840 (9960 in chips) is sitting out
N00bStarz: posts the ante 15
Mahu2021: posts the ante 15
focus0041: posts the ante 15
galiway777: posts the ante 15
jbthejoy: posts the ante 15
buszkowski2012: posts the ante 15
gogikas1: posts the ante 15
genghis k840: posts the ante 15
buszkowski2012: posts small blind 75
gogikas1: posts big blind 150
*** HOLE CARDS ***
Dealt to Mahu2021 [7c 6h]
genghis k840: folds 
N00bStarz: folds 
Mahu2021: folds 
focus0041: calls 150
galiway777: folds 
jbthejoy: folds 
buszkowski2012: calls 75
gogikas1: checks 
*** FLOP *** [5d Jc 8s]
buszkowski2012: checks 
gogikas1: checks 
jbthejoy is disconnected 
focus0041: checks 
*** TURN *** [5d Jc 8s] [Kd]
buszkowski2012: checks 
gogikas1: checks 
focus0041: checks 
*** RIVER *** [5d Jc 8s Kd] [Ad]
buszkowski2012: checks 
gogikas1: checks 
focus0041: checks 
*** SHOW DOWN ***
buszkowski2012: shows [9d As] (a pair of Aces)
gogikas1: mucks hand 
focus0041: mucks hand 
buszkowski2012 collected 570 from pot
*** SUMMARY ***
Total pot 570 | Rake 0 
Board [5d Jc 8s Kd Ad]
Seat 1: N00bStarz folded before Flop (didn't bet)
Seat 2: Mahu2021 folded before Flop (didn't bet)
Seat 3: focus0041 mucked [6c Qc]
Seat 4: galiway777 folded before Flop (didn't bet)
Seat 5: jbthejoy (button) folded before Flop (didn't bet)
Seat 6: buszkowski2012 (small blind) showed [9d As] and won (570) with a pair of Aces
Seat 7: gogikas1 (big blind) mucked [2d Js]
Seat 8: genghis k840 folded before Flop (didn't bet)



PokerStars Hand #251450622789: Tournament #3775177211, $1.40+$0.10 USD Hold'em No Limit - Level II (75/150) - 2024/07/12 15:09:36 CET [2024/07/12 9:09:36 ET]
Table '3775177211 4' 8-max Seat #6 is the button
Seat 1: N00bStarz (9845 in chips) 
Seat 2: Mahu2021 (9985 in chips) 
Seat 3: focus0041 (9545 in chips) 
Seat 4: galiway777 (9795 in chips) 
Seat 5: jbthejoy (10125 in chips) is sitting out
Seat 6: buszkowski2012 (10605 in chips) 
Seat 7: gogikas1 (9805 in chips) 
Seat 8: genghis k840 (9945 in chips) is sitting out
N00bStarz: posts the ante 15
Mahu2021: posts the ante 15
focus0041: posts the ante 15
galiway777: posts the ante 15
jbthejoy: posts the ante 15
buszkowski2012: posts the ante 15
gogikas1: posts the ante 15
genghis k840: posts the ante 15
gogikas1: posts small blind 75
genghis k840: posts big blind 150
*** HOLE CARDS ***
Dealt to Mahu2021 [Qc 7s]
N00bStarz: folds 
Mahu2021: folds 
focus0041: folds 
galiway777: folds 
jbthejoy: folds 
buszkowski2012: folds 
gogikas1: raises 150 to 300
genghis k840: folds 
Uncalled bet (150) returned to gogikas1
gogikas1 collected 420 from pot
*** SUMMARY ***
Total pot 420 | Rake 0 
Seat 1: N00bStarz folded before Flop (didn't bet)
Seat 2: Mahu2021 folded before Flop (didn't bet)
Seat 3: focus0041 folded before Flop (didn't bet)
Seat 4: galiway777 folded before Flop (didn't bet)
Seat 5: jbthejoy folded before Flop (didn't bet)
Seat 6: buszkowski2012 (button) folded before Flop (didn't bet)
Seat 7: gogikas1 (small blind) collected (420)
Seat 8: genghis k840 (big blind) folded before Flop



PokerStars Hand #251450625649: Tournament #3775177211, $1.40+$0.10 USD Hold'em No Limit - Level II (75/150) - 2024/07/12 15:09:54 CET [2024/07/12 9:09:54 ET]
Table '3775177211 4' 8-max Seat #7 is the button
Seat 2: Mahu2021 (9970 in chips) 
Seat 3: focus0041 (9530 in chips) 
Seat 4: galiway777 (9780 in chips) 
Seat 5: jbthejoy (10110 in chips) is sitting out
Seat 6: buszkowski2012 (10590 in chips) 
Seat 7: gogikas1 (10060 in chips) 
Seat 8: genghis k840 (9780 in chips) is sitting out
Mahu2021: posts the ante 15
focus0041: posts the ante 15
galiway777: posts the ante 15
jbthejoy: posts the ante 15
buszkowski2012: posts the ante 15
gogikas1: posts the ante 15
genghis k840: posts the ante 15
genghis k840: posts small blind 75
Mahu2021: posts big blind 150
*** HOLE CARDS ***
Dealt to Mahu2021 [4d Qh]
focus0041 is disconnected 
focus0041 is connected 
focus0041 has timed out
focus0041: folds 
focus0041 is sitting out
galiway777: folds 
jbthejoy: folds 
buszkowski2012: calls 150
focus0041 has returned
gogikas1: folds 
genghis k840: folds 
Mahu2021: checks 
*** FLOP *** [Qs 4s 9c]
Mahu2021: checks 
buszkowski2012: checks 
*** TURN *** [Qs 4s 9c] [9d]
Mahu2021: checks 
buszkowski2012: checks 
*** RIVER *** [Qs 4s 9c 9d] [8h]
Mahu2021: bets 480
buszkowski2012: calls 480
*** SHOW DOWN ***
Mahu2021: shows [4d Qh] (two pair, Queens and Nines)
buszkowski2012: mucks hand 
Mahu2021 collected 1440 from pot
jbthejoy has returned
*** SUMMARY ***
Total pot 1440 | Rake 0 
Board [Qs 4s 9c 9d 8h]
Seat 2: Mahu2021 (big blind) showed [4d Qh] and won (1440) with two pair, Queens and Nines
Seat 3: focus0041 folded before Flop (didn't bet)
Seat 4: galiway777 folded before Flop (didn't bet)
Seat 5: jbthejoy folded before Flop (didn't bet)
Seat 6: buszkowski2012 mucked [7c 8d]
Seat 7: gogikas1 (button) folded before Flop (didn't bet)
Seat 8: genghis k840 (small blind) folded before Flop



PokerStars Hand #251450635011: Tournament #3775177211, $1.40+$0.10 USD Hold'em No Limit - Level II (75/150) - 2024/07/12 15:10:53 CET [2024/07/12 9:10:53 ET]
Table '3775177211 4' 8-max Seat #8 is the button
Seat 1: drimbar (10000 in chips) out of hand (moved from another table into small blind)
Seat 2: Mahu2021 (10765 in chips) 
Seat 3: focus0041 (9515 in chips) 
Seat 4: galiway777 (9765 in chips) 
Seat 5: jbthejoy (10095 in chips) 
Seat 6: buszkowski2012 (9945 in chips) 
Seat 7: gogikas1 (10045 in chips) 
Seat 8: genghis k840 (9690 in chips) is sitting out
drimbar will be allowed to play after the button
Mahu2021: posts the ante 15
focus0041: posts the ante 15
galiway777: posts the ante 15
jbthejoy: posts the ante 15
buszkowski2012: posts the ante 15
gogikas1: posts the ante 15
genghis k840: posts the ante 15
Mahu2021: posts small blind 75
focus0041: posts big blind 150
*** HOLE CARDS ***
Dealt to Mahu2021 [Th 2d]
galiway777: folds 
jbthejoy: folds 
buszkowski2012: calls 150
gogikas1: raises 150 to 300
genghis k840: folds 
Mahu2021: folds 
focus0041: calls 150
buszkowski2012: calls 150
*** FLOP *** [6c Ah 9c]
focus0041: checks 
buszkowski2012: checks 
gogikas1: bets 540
focus0041: folds 
buszkowski2012: folds 
Uncalled bet (540) returned to gogikas1
gogikas1 collected 1080 from pot
*** SUMMARY ***
Total pot 1080 | Rake 0 
Board [6c Ah 9c]
Seat 2: Mahu2021 (small blind) folded before Flop
Seat 3: focus0041 (big blind) folded on the Flop
Seat 4: galiway777 folded before Flop (didn't bet)
Seat 5: jbthejoy folded before Flop (didn't bet)
Seat 6: buszkowski2012 folded on the Flop
Seat 7: gogikas1 collected (1080)
Seat 8: genghis k840 (button) folded before Flop (didn't bet)



PokerStars Hand #251450641676: Tournament #3775177211, $1.40+$0.10 USD Hold'em No Limit - Level III (100/200) - 2024/07/12 15:11:34 CET [2024/07/12 9:11:34 ET]
Table '3775177211 4' 8-max Seat #2 is the button
Seat 1: drimbar (10000 in chips) 
Seat 2: Mahu2021 (10675 in chips) 
Seat 3: focus0041 (9200 in chips) 
Seat 4: galiway777 (9750 in chips) 
Seat 5: jbthejoy (10080 in chips) 
Seat 6: buszkowski2012 (9630 in chips) 
Seat 7: gogikas1 (10810 in chips) 
Seat 8: genghis k840 (9675 in chips) is sitting out
drimbar: posts the ante 20
Mahu2021: posts the ante 20
focus0041: posts the ante 20
galiway777: posts the ante 20
jbthejoy: posts the ante 20
buszkowski2012: posts the ante 20
gogikas1: posts the ante 20
genghis k840: posts the ante 20
focus0041: posts small blind 100
galiway777: posts big blind 200
*** HOLE CARDS ***
Dealt to Mahu2021 [3c As]
jbthejoy: folds 
buszkowski2012: calls 200
gogikas1: folds 
genghis k840: folds 
drimbar: calls 200
Mahu2021: calls 200
focus0041: calls 100
galiway777: checks 
*** FLOP *** [9d 9c 9h]
focus0041: checks 
genghis k840 is disconnected 
genghis k840 has returned
galiway777: checks 
buszkowski2012: checks 
drimbar: checks 
Mahu2021: checks 
*** TURN *** [9d 9c 9h] [Qs]
focus0041: checks 
galiway777: checks 
buszkowski2012: checks 
drimbar: checks 
Mahu2021: bets 400
focus0041 has timed out
focus0041: folds 
focus0041 is sitting out
focus0041 has returned
galiway777: folds 
buszkowski2012: folds 
drimbar: folds 
Uncalled bet (400) returned to Mahu2021
Mahu2021 collected 1160 from pot
Mahu2021: doesn't show hand 
*** SUMMARY ***
Total pot 1160 | Rake 0 
Board [9d 9c 9h Qs]
Seat 1: drimbar folded on the Turn
Seat 2: Mahu2021 (button) collected (1160)
Seat 3: focus0041 (small blind) folded on the Turn
Seat 4: galiway777 (big blind) folded on the Turn
Seat 5: jbthejoy folded before Flop (didn't bet)
Seat 6: buszkowski2012 folded on the Turn
Seat 7: gogikas1 folded before Flop (didn't bet)
Seat 8: genghis k840 folded before Flop (didn't bet)



PokerStars Hand #251450655934: Tournament #3775177211, $1.40+$0.10 USD Hold'em No Limit - Level III (100/200) - 2024/07/12 15:13:00 CET [2024/07/12 9:13:00 ET]
Table '3775177211 4' 8-max Seat #3 is the button
Seat 1: drimbar (9780 in chips) 
Seat 2: Mahu2021 (11615 in chips) 
Seat 3: focus0041 (8980 in chips) 
Seat 4: galiway777 (9530 in chips) 
Seat 5: jbthejoy (10060 in chips) 
Seat 6: buszkowski2012 (9410 in chips) 
Seat 7: gogikas1 (10790 in chips) 
Seat 8: genghis k840 (9655 in chips) 
drimbar: posts the ante 20
Mahu2021: posts the ante 20
focus0041: posts the ante 20
galiway777: posts the ante 20
jbthejoy: posts the ante 20
buszkowski2012: posts the ante 20
gogikas1: posts the ante 20
genghis k840: posts the ante 20
galiway777: posts small blind 100
jbthejoy: posts big blind 200
*** HOLE CARDS ***
Dealt to Mahu2021 [8d 5c]
buszkowski2012: calls 200
gogikas1: folds 
genghis k840: folds 
drimbar: folds 
Mahu2021: folds 
focus0041: calls 200
galiway777: raises 400 to 600
jbthejoy: folds 
buszkowski2012: calls 400
focus0041: calls 400
*** FLOP *** [Kc 8h 7h]
galiway777: checks 
buszkowski2012: checks 
focus0041: checks 
*** TURN *** [Kc 8h 7h] [Js]
galiway777: bets 600
buszkowski2012: folds 
focus0041: folds 
Uncalled bet (600) returned to galiway777
galiway777 collected 2160 from pot
galiway777: doesn't show hand 
*** SUMMARY ***
Total pot 2160 | Rake 0 
Board [Kc 8h 7h Js]
Seat 1: drimbar folded before Flop (didn't bet)
Seat 2: Mahu2021 folded before Flop (didn't bet)
Seat 3: focus0041 (button) folded on the Turn
Seat 4: galiway777 (small blind) collected (2160)
Seat 5: jbthejoy (big blind) folded before Flop
Seat 6: buszkowski2012 folded on the Turn
Seat 7: gogikas1 folded before Flop (didn't bet)
Seat 8: genghis k840 folded before Flop (didn't bet)



PokerStars Hand #251450662500: Tournament #3775177211, $1.40+$0.10 USD Hold'em No Limit - Level III (100/200) - 2024/07/12 15:13:39 CET [2024/07/12 9:13:39 ET]
Table '3775177211 4' 8-max Seat #4 is the button
Seat 1: drimbar (9760 in chips) 
Seat 2: Mahu2021 (11595 in chips) 
Seat 3: focus0041 (8360 in chips) 
Seat 4: galiway777 (11070 in chips) 
Seat 5: jbthejoy (9840 in chips) 
Seat 7: gogikas1 (10770 in chips) 
Seat 8: genghis k840 (9635 in chips) 
drimbar: posts the ante 20
Mahu2021: posts the ante 20
focus0041: posts the ante 20
galiway777: posts the ante 20
jbthejoy: posts the ante 20
gogikas1: posts the ante 20
genghis k840: posts the ante 20
jbthejoy: posts small blind 100
gogikas1: posts big blind 200
*** HOLE CARDS ***
Dealt to Mahu2021 [8d Ts]
genghis k840: calls 200
drimbar: folds 
Mahu2021: folds 
focus0041: folds 
galiway777: folds 
jbthejoy: calls 100
gogikas1: checks 
*** FLOP *** [Jh Kh 7d]
jbthejoy: checks 
gogikas1: bets 200
genghis k840: calls 200
jbthejoy: calls 200
*** TURN *** [Jh Kh 7d] [Ac]
jbthejoy: checks 
gogikas1: checks 
genghis k840: bets 9215 and is all-in
jbthejoy: folds 
gogikas1: folds 
Uncalled bet (9215) returned to genghis k840
genghis k840 collected 1340 from pot
*** SUMMARY ***
Total pot 1340 | Rake 0 
Board [Jh Kh 7d Ac]
Seat 1: drimbar folded before Flop (didn't bet)
Seat 2: Mahu2021 folded before Flop (didn't bet)
Seat 3: focus0041 folded before Flop (didn't bet)
Seat 4: galiway777 (button) folded before Flop (didn't bet)
Seat 5: jbthejoy (small blind) folded on the Turn
Seat 7: gogikas1 (big blind) folded on the Turn
Seat 8: genghis k840 collected (1340)



PokerStars Hand #251450669689: Tournament #3775177211, $1.40+$0.10 USD Hold'em No Limit - Level IV (150/300) - 2024/07/12 15:14:22 CET [2024/07/12 9:14:22 ET]
Table '3775177211 4' 8-max Seat #5 is the button
Seat 1: drimbar (9740 in chips) 
Seat 2: Mahu2021 (11575 in chips) 
Seat 3: focus0041 (8340 in chips) 
Seat 4: galiway777 (11050 in chips) 
Seat 5: jbthejoy (9420 in chips) 
Seat 7: gogikas1 (10350 in chips) 
Seat 8: genghis k840 (10555 in chips) 
drimbar: posts the ante 30
Mahu2021: posts the ante 30
focus0041: posts the ante 30
galiway777: posts the ante 30
jbthejoy: posts the ante 30
gogikas1: posts the ante 30
genghis k840: posts the ante 30
gogikas1: posts small blind 150
genghis k840: posts big blind 300
*** HOLE CARDS ***
Dealt to Mahu2021 [7c 5c]
drimbar: raises 300 to 600
Mahu2021: folds 
focus0041: folds 
galiway777: folds 
jbthejoy: folds 
gogikas1: folds 
genghis k840: raises 9925 to 10525 and is all-in
drimbar: folds 
Uncalled bet (9925) returned to genghis k840
genghis k840 collected 1560 from pot
*** SUMMARY ***
Total pot 1560 | Rake 0 
Seat 1: drimbar folded before Flop
Seat 2: Mahu2021 folded before Flop (didn't bet)
Seat 3: focus0041 folded before Flop (didn't bet)
Seat 4: galiway777 folded before Flop (didn't bet)
Seat 5: jbthejoy (button) folded before Flop (didn't bet)
Seat 7: gogikas1 (small blind) folded before Flop
Seat 8: genghis k840 (big blind) collected (1560)



PokerStars Hand #251450673339: Tournament #3775177211, $1.40+$0.10 USD Hold'em No Limit - Level IV (150/300) - 2024/07/12 15:14:44 CET [2024/07/12 9:14:44 ET]
Table '3775177211 4' 8-max Seat #7 is the button
Seat 1: drimbar (9110 in chips) 
Seat 2: Mahu2021 (11545 in chips) 
Seat 3: focus0041 (8310 in chips) 
Seat 4: galiway777 (11020 in chips) 
Seat 5: jbthejoy (9390 in chips) 
Seat 7: gogikas1 (10170 in chips) 
Seat 8: genghis k840 (11485 in chips) 
drimbar: posts the ante 30
Mahu2021: posts the ante 30
focus0041: posts the ante 30
galiway777: posts the ante 30
jbthejoy: posts the ante 30
gogikas1: posts the ante 30
genghis k840: posts the ante 30
genghis k840: posts small blind 150
drimbar: posts big blind 300
*** HOLE CARDS ***
Dealt to Mahu2021 [Jd 2c]
Mahu2021: folds 
focus0041: calls 300
galiway777: raises 600 to 900
jbthejoy: folds 
gogikas1: calls 900
genghis k840: folds 
drimbar: calls 600
focus0041: calls 600
*** FLOP *** [9d Tc Kd]
drimbar: checks 
focus0041: checks 
galiway777: bets 1680
gogikas1: folds 
drimbar: raises 6500 to 8180 and is all-in
focus0041: calls 7380 and is all-in
galiway777: folds 
Uncalled bet (800) returned to drimbar
*** TURN *** [9d Tc Kd] [Kh]
*** RIVER *** [9d Tc Kd Kh] [6h]
*** SHOW DOWN ***
drimbar: shows [6c Kc] (a full house, Kings full of Sixes)
focus0041: shows [4d 3d] (a pair of Kings)
drimbar collected 20400 from pot
focus0041 finished the tournament
*** SUMMARY ***
Total pot 20400 | Rake 0 
Board [9d Tc Kd Kh 6h]
Seat 1: drimbar (big blind) showed [6c Kc] and won (20400) with a full house, Kings full of Sixes
Seat 2: Mahu2021 folded before Flop (didn't bet)
Seat 3: focus0041 showed [4d 3d] and lost with a pair of Kings
Seat 4: galiway777 folded on the Flop
Seat 5: jbthejoy folded before Flop (didn't bet)
Seat 7: gogikas1 (button) folded on the Flop
Seat 8: genghis k840 (small blind) folded before Flop



PokerStars Hand #251450686054: Tournament #3775177211, $1.40+$0.10 USD Hold'em No Limit - Level IV (150/300) - 2024/07/12 15:16:01 CET [2024/07/12 9:16:01 ET]
Table '3775177211 4' 8-max Seat #8 is the button
Seat 1: drimbar (21200 in chips) 
Seat 2: Mahu2021 (11515 in chips) 
Seat 3: __Kolege__12 (11010 in chips) 
Seat 4: galiway777 (8410 in chips) 
Seat 5: jbthejoy (9360 in chips) 
Seat 7: gogikas1 (9240 in chips) 
Seat 8: genghis k840 (11305 in chips) 
drimbar: posts the ante 30
Mahu2021: posts the ante 30
__Kolege__12: posts the ante 30
galiway777: posts the ante 30
jbthejoy: posts the ante 30
gogikas1: posts the ante 30
genghis k840: posts the ante 30
drimbar: posts small blind 150
Mahu2021: posts big blind 300
*** HOLE CARDS ***
Dealt to Mahu2021 [5h 6d]
__Kolege__12 is connected 
__Kolege__12: folds 
galiway777: folds 
jbthejoy: folds 
gogikas1: folds 
genghis k840: calls 300
drimbar: calls 150
Mahu2021: checks 
*** FLOP *** [5s Jd 9s]
drimbar: checks 
Mahu2021: checks 
genghis k840: bets 300
drimbar: folds 
Mahu2021: calls 300
*** TURN *** [5s Jd 9s] [2s]
Mahu2021: checks 
genghis k840: bets 300
Mahu2021: calls 300
*** RIVER *** [5s Jd 9s 2s] [8h]
Mahu2021: checks 
genghis k840: bets 300
Mahu2021: calls 300
*** SHOW DOWN ***
genghis k840: shows [Js Ad] (a pair of Jacks)
Mahu2021: mucks hand 
genghis k840 collected 2910 from pot
*** SUMMARY ***
Total pot 2910 | Rake 0 
Board [5s Jd 9s 2s 8h]
Seat 1: drimbar (small blind) folded on the Flop
Seat 2: Mahu2021 (big blind) mucked [5h 6d]
Seat 3: __Kolege__12 folded before Flop (didn't bet)
Seat 4: galiway777 folded before Flop (didn't bet)
Seat 5: jbthejoy folded before Flop (didn't bet)
Seat 7: gogikas1 folded before Flop (didn't bet)
Seat 8: genghis k840 (button) showed [Js Ad] and won (2910) with a pair of Jacks



PokerStars Hand #251450694231: Tournament #3775177211, $1.40+$0.10 USD Hold'em No Limit - Level IV (150/300) - 2024/07/12 15:16:50 CET [2024/07/12 9:16:50 ET]
Table '3775177211 4' 8-max Seat #1 is the button
Seat 1: drimbar (20870 in chips) 
Seat 2: Mahu2021 (10285 in chips) 
Seat 3: __Kolege__12 (10980 in chips) 
Seat 4: galiway777 (8380 in chips) 
Seat 5: jbthejoy (9330 in chips) 
Seat 7: gogikas1 (9210 in chips) 
Seat 8: genghis k840 (12985 in chips) 
drimbar: posts the ante 30
Mahu2021: posts the ante 30
__Kolege__12: posts the ante 30
galiway777: posts the ante 30
jbthejoy: posts the ante 30
gogikas1: posts the ante 30
genghis k840: posts the ante 30
Mahu2021: posts small blind 150
__Kolege__12: posts big blind 300
*** HOLE CARDS ***
Dealt to Mahu2021 [3d 6h]
galiway777: raises 600 to 900
jbthejoy: calls 900
gogikas1: raises 1500 to 2400
genghis k840: folds 
drimbar: folds 
Mahu2021: folds 
__Kolege__12: folds 
galiway777: calls 1500
jbthejoy: calls 1500
*** FLOP *** [5c 6s Qs]
galiway777: checks 
jbthejoy: checks 
gogikas1: bets 3930
galiway777: folds 
jbthejoy: folds 
Uncalled bet (3930) returned to gogikas1
gogikas1 collected 7860 from pot
*** SUMMARY ***
Total pot 7860 | Rake 0 
Board [5c 6s Qs]
Seat 1: drimbar (button) folded before Flop (didn't bet)
Seat 2: Mahu2021 (small blind) folded before Flop
Seat 3: __Kolege__12 (big blind) folded before Flop
Seat 4: galiway777 folded on the Flop
Seat 5: jbthejoy folded on the Flop
Seat 7: gogikas1 collected (7860)
Seat 8: genghis k840 folded before Flop (didn't bet)



PokerStars Hand #251450702793: Tournament #3775177211, $1.40+$0.10 USD Hold'em No Limit - Level V (200/400) - 2024/07/12 15:17:42 CET [2024/07/12 9:17:42 ET]
Table '3775177211 4' 8-max Seat #2 is the button
Seat 1: drimbar (20840 in chips) 
Seat 2: Mahu2021 (10105 in chips) 
Seat 3: __Kolege__12 (10650 in chips) 
Seat 4: galiway777 (5950 in chips) 
Seat 5: jbthejoy (6900 in chips) 
Seat 6: ThomasGuru (10000 in chips) 
Seat 7: gogikas1 (14640 in chips) 
Seat 8: genghis k840 (12955 in chips) 
drimbar: posts the ante 40
Mahu2021: posts the ante 40
__Kolege__12: posts the ante 40
galiway777: posts the ante 40
jbthejoy: posts the ante 40
ThomasGuru: posts the ante 40
gogikas1: posts the ante 40
genghis k840: posts the ante 40
__Kolege__12: posts small blind 200
galiway777: posts big blind 400
*** HOLE CARDS ***
Dealt to Mahu2021 [Qs 5c]
jbthejoy: folds 
ThomasGuru: folds 
gogikas1: folds 
genghis k840 has timed out
genghis k840: folds 
genghis k840 is sitting out
genghis k840 has returned
drimbar is disconnected 
drimbar has timed out while disconnected
drimbar: folds 
drimbar is sitting out
Mahu2021: folds 
__Kolege__12: raises 400 to 800
galiway777: calls 400
*** FLOP *** [8s 9c 7s]
__Kolege__12: checks 
galiway777: checks 
*** TURN *** [8s 9c 7s] [2h]
__Kolege__12: bets 400
galiway777: folds 
Uncalled bet (400) returned to __Kolege__12
__Kolege__12 collected 1920 from pot
*** SUMMARY ***
Total pot 1920 | Rake 0 
Board [8s 9c 7s 2h]
Seat 1: drimbar folded before Flop (didn't bet)
Seat 2: Mahu2021 (button) folded before Flop (didn't bet)
Seat 3: __Kolege__12 (small blind) collected (1920)
Seat 4: galiway777 (big blind) folded on the Turn
Seat 5: jbthejoy folded before Flop (didn't bet)
Seat 6: ThomasGuru folded before Flop (didn't bet)
Seat 7: gogikas1 folded before Flop (didn't bet)
Seat 8: genghis k840 folded before Flop (didn't bet)



PokerStars Hand #251450717012: Tournament #3775177211, $1.40+$0.10 USD Hold'em No Limit - Level V (200/400) - 2024/07/12 15:19:07 CET [2024/07/12 9:19:07 ET]
Table '3775177211 4' 8-max Seat #3 is the button
Seat 1: drimbar (20800 in chips) is sitting out
Seat 2: Mahu2021 (10065 in chips) 
Seat 3: __Kolege__12 (11730 in chips) 
Seat 4: galiway777 (5110 in chips) 
Seat 5: jbthejoy (6860 in chips) 
Seat 6: ThomasGuru (9960 in chips) 
Seat 7: gogikas1 (14600 in chips) 
Seat 8: genghis k840 (12915 in chips) 
drimbar: posts the ante 40
Mahu2021: posts the ante 40
__Kolege__12: posts the ante 40
galiway777: posts the ante 40
jbthejoy: posts the ante 40
ThomasGuru: posts the ante 40
gogikas1: posts the ante 40
genghis k840: posts the ante 40
galiway777: posts small blind 200
jbthejoy: posts big blind 400
*** HOLE CARDS ***
Dealt to Mahu2021 [Ah Js]
ThomasGuru: folds 
gogikas1: raises 400 to 800
genghis k840: folds 
drimbar: folds 
Mahu2021: calls 800
__Kolege__12: folds 
galiway777: folds 
jbthejoy: calls 400
*** FLOP *** [4d 9s 8d]
jbthejoy: checks 
gogikas1: checks 
Mahu2021: checks 
*** TURN *** [4d 9s 8d] [7c]
jbthejoy: bets 400
gogikas1: calls 400
Mahu2021: calls 400
*** RIVER *** [4d 9s 8d 7c] [As]
jbthejoy: checks 
gogikas1: checks 
Mahu2021: bets 800
jbthejoy: folds 
gogikas1: folds 
Uncalled bet (800) returned to Mahu2021
Mahu2021 collected 4120 from pot
Mahu2021: doesn't show hand 
*** SUMMARY ***
Total pot 4120 | Rake 0 
Board [4d 9s 8d 7c As]
Seat 1: drimbar folded before Flop (didn't bet)
Seat 2: Mahu2021 collected (4120)
Seat 3: __Kolege__12 (button) folded before Flop (didn't bet)
Seat 4: galiway777 (small blind) folded before Flop
Seat 5: jbthejoy (big blind) folded on the River
Seat 6: ThomasGuru folded before Flop (didn't bet)
Seat 7: gogikas1 folded on the River
Seat 8: genghis k840 folded before Flop (didn't bet)



PokerStars Hand #251450724015: Tournament #3775177211, $1.40+$0.10 USD Hold'em No Limit - Level V (200/400) - 2024/07/12 15:19:49 CET [2024/07/12 9:19:49 ET]
Table '3775177211 4' 8-max Seat #4 is the button
Seat 1: drimbar (20760 in chips) is sitting out
Seat 2: Mahu2021 (12945 in chips) 
Seat 3: __Kolege__12 (11690 in chips) 
Seat 4: galiway777 (4870 in chips) 
Seat 5: jbthejoy (5620 in chips) 
Seat 6: ThomasGuru (9920 in chips) 
Seat 7: gogikas1 (13360 in chips) 
Seat 8: genghis k840 (12875 in chips) 
drimbar: posts the ante 40
Mahu2021: posts the ante 40
__Kolege__12: posts the ante 40
galiway777: posts the ante 40
jbthejoy: posts the ante 40
ThomasGuru: posts the ante 40
gogikas1: posts the ante 40
genghis k840: posts the ante 40
jbthejoy: posts small blind 200
ThomasGuru: posts big blind 400
*** HOLE CARDS ***
Dealt to Mahu2021 [8c 5s]
gogikas1: raises 400 to 800
genghis k840: folds 
drimbar: folds 
Mahu2021: folds 
__Kolege__12: calls 800
galiway777: folds 
jbthejoy: folds 
ThomasGuru: calls 400
*** FLOP *** [6s Kc 9c]
ThomasGuru: checks 
gogikas1: bets 1460
__Kolege__12: folds 
ThomasGuru: raises 7620 to 9080 and is all-in
gogikas1: calls 7620
*** TURN *** [6s Kc 9c] [Qh]
*** RIVER *** [6s Kc 9c Qh] [As]
*** SHOW DOWN ***
ThomasGuru: shows [Qc Tc] (a pair of Queens)
gogikas1: shows [Kd 8d] (a pair of Kings)
gogikas1 collected 21080 from pot
ThomasGuru finished the tournament
*** SUMMARY ***
Total pot 21080 | Rake 0 
Board [6s Kc 9c Qh As]
Seat 1: drimbar folded before Flop (didn't bet)
Seat 2: Mahu2021 folded before Flop (didn't bet)
Seat 3: __Kolege__12 folded on the Flop
Seat 4: galiway777 (button) folded before Flop (didn't bet)
Seat 5: jbthejoy (small blind) folded before Flop
Seat 6: ThomasGuru (big blind) showed [Qc Tc] and lost with a pair of Queens
Seat 7: gogikas1 showed [Kd 8d] and won (21080) with a pair of Kings
Seat 8: genghis k840 folded before Flop (didn't bet)



PokerStars Hand #251450730338: Tournament #3775177211, $1.40+$0.10 USD Hold'em No Limit - Level VI (250/500) - 2024/07/12 15:20:27 CET [2024/07/12 9:20:27 ET]
Table '3775177211 4' 8-max Seat #5 is the button
Seat 1: drimbar (20720 in chips) is sitting out
Seat 2: Mahu2021 (12905 in chips) 
Seat 3: __Kolege__12 (10850 in chips) 
Seat 4: galiway777 (4830 in chips) 
Seat 5: jbthejoy (5380 in chips) 
Seat 7: gogikas1 (24520 in chips) 
Seat 8: genghis k840 (12835 in chips) 
drimbar: posts the ante 50
Mahu2021: posts the ante 50
__Kolege__12: posts the ante 50
galiway777: posts the ante 50
jbthejoy: posts the ante 50
gogikas1: posts the ante 50
genghis k840: posts the ante 50
gogikas1: posts small blind 250
genghis k840: posts big blind 500
*** HOLE CARDS ***
Dealt to Mahu2021 [Ah 2d]
drimbar: folds 
Mahu2021: folds 
__Kolege__12: folds 
galiway777: folds 
jbthejoy: raises 1000 to 1500
gogikas1: calls 1250
genghis k840: calls 1000
*** FLOP *** [Qh 3d 3h]
gogikas1: checks 
genghis k840: bets 500
jbthejoy: raises 3330 to 3830 and is all-in
gogikas1: folds 
genghis k840: folds 
Uncalled bet (3330) returned to jbthejoy
jbthejoy collected 5850 from pot
*** SUMMARY ***
Total pot 5850 | Rake 0 
Board [Qh 3d 3h]
Seat 1: drimbar folded before Flop (didn't bet)
Seat 2: Mahu2021 folded before Flop (didn't bet)
Seat 3: __Kolege__12 folded before Flop (didn't bet)
Seat 4: galiway777 folded before Flop (didn't bet)
Seat 5: jbthejoy (button) collected (5850)
Seat 7: gogikas1 (small blind) folded on the Flop
Seat 8: genghis k840 (big blind) folded on the Flop



PokerStars Hand #251450736352: Tournament #3775177211, $1.40+$0.10 USD Hold'em No Limit - Level VI (250/500) - 2024/07/12 15:21:03 CET [2024/07/12 9:21:03 ET]
Table '3775177211 4' 8-max Seat #7 is the button
Seat 1: drimbar (20670 in chips) is sitting out
Seat 2: Mahu2021 (12855 in chips) 
Seat 3: __Kolege__12 (10800 in chips) 
Seat 4: galiway777 (4780 in chips) 
Seat 5: jbthejoy (9180 in chips) 
Seat 7: gogikas1 (22970 in chips) 
Seat 8: genghis k840 (10785 in chips) 
drimbar: posts the ante 50
Mahu2021: posts the ante 50
__Kolege__12: posts the ante 50
galiway777: posts the ante 50
jbthejoy: posts the ante 50
gogikas1: posts the ante 50
genghis k840: posts the ante 50
genghis k840: posts small blind 250
drimbar: posts big blind 500
*** HOLE CARDS ***
Dealt to Mahu2021 [3h 3c]
Mahu2021: raises 12305 to 12805 and is all-in
__Kolege__12: folds 
galiway777: folds 
jbthejoy: folds 
gogikas1: folds 
genghis k840: folds 
drimbar: folds 
Uncalled bet (12305) returned to Mahu2021
Mahu2021 collected 1600 from pot
Mahu2021: doesn't show hand 
*** SUMMARY ***
Total pot 1600 | Rake 0 
Seat 1: drimbar (big blind) folded before Flop
Seat 2: Mahu2021 collected (1600)
Seat 3: __Kolege__12 folded before Flop (didn't bet)
Seat 4: galiway777 folded before Flop (didn't bet)
Seat 5: jbthejoy folded before Flop (didn't bet)
Seat 7: gogikas1 (button) folded before Flop (didn't bet)
Seat 8: genghis k840 (small blind) folded before Flop



PokerStars Hand #251450740074: Tournament #3775177211, $1.40+$0.10 USD Hold'em No Limit - Level VI (250/500) - 2024/07/12 15:21:25 CET [2024/07/12 9:21:25 ET]
Table '3775177211 4' 8-max Seat #8 is the button
Seat 1: drimbar (20120 in chips) is sitting out
Seat 2: Mahu2021 (13905 in chips) 
Seat 3: __Kolege__12 (10750 in chips) 
Seat 4: galiway777 (4730 in chips) 
Seat 5: jbthejoy (9130 in chips) 
Seat 7: gogikas1 (22920 in chips) 
Seat 8: genghis k840 (10485 in chips) 
drimbar: posts the ante 50
Mahu2021: posts the ante 50
__Kolege__12: posts the ante 50
galiway777: posts the ante 50
jbthejoy: posts the ante 50
gogikas1: posts the ante 50
genghis k840: posts the ante 50
drimbar: posts small blind 250
Mahu2021: posts big blind 500
*** HOLE CARDS ***
Dealt to Mahu2021 [4c 2d]
__Kolege__12: folds 
galiway777: folds 
jbthejoy: folds 
gogikas1: raises 500 to 1000
genghis k840: raises 9435 to 10435 and is all-in
drimbar: folds 
Mahu2021: folds 
gogikas1: folds 
Uncalled bet (9435) returned to genghis k840
genghis k840 collected 3100 from pot
*** SUMMARY ***
Total pot 3100 | Rake 0 
Seat 1: drimbar (small blind) folded before Flop
Seat 2: Mahu2021 (big blind) folded before Flop
Seat 3: __Kolege__12 folded before Flop (didn't bet)
Seat 4: galiway777 folded before Flop (didn't bet)
Seat 5: jbthejoy folded before Flop (didn't bet)
Seat 7: gogikas1 folded before Flop
Seat 8: genghis k840 (button) collected (3100)



PokerStars Hand #251450745478: Tournament #3775177211, $1.40+$0.10 USD Hold'em No Limit - Level VI (250/500) - 2024/07/12 15:21:58 CET [2024/07/12 9:21:58 ET]
Table '3775177211 4' 8-max Seat #1 is the button
Seat 1: drimbar (19820 in chips) is sitting out
Seat 2: Mahu2021 (13355 in chips) 
Seat 3: __Kolege__12 (10700 in chips) 
Seat 4: galiway777 (4680 in chips) 
Seat 5: jbthejoy (9080 in chips) 
Seat 6: skripy (10000 in chips) 
Seat 7: gogikas1 (21870 in chips) 
Seat 8: genghis k840 (12535 in chips) 
drimbar: posts the ante 50
Mahu2021: posts the ante 50
__Kolege__12: posts the ante 50
galiway777: posts the ante 50
jbthejoy: posts the ante 50
skripy: posts the ante 50
gogikas1: posts the ante 50
genghis k840: posts the ante 50
Mahu2021: posts small blind 250
__Kolege__12: posts big blind 500
*** HOLE CARDS ***
Dealt to Mahu2021 [As Qd]
galiway777: folds 
jbthejoy: folds 
skripy: calls 500
gogikas1: folds 
genghis k840: folds 
drimbar: folds 
Mahu2021: calls 250
__Kolege__12: checks 
*** FLOP *** [Ac 2c Jd]
Mahu2021: bets 500
__Kolege__12: raises 1000 to 1500
skripy: calls 1500
Mahu2021: calls 1000
*** TURN *** [Ac 2c Jd] [Ks]
Mahu2021: checks 
__Kolege__12: bets 3200
skripy: folds 
Mahu2021: calls 3200
*** RIVER *** [Ac 2c Jd Ks] [5c]
Mahu2021: checks 
__Kolege__12: checks 
*** SHOW DOWN ***
Mahu2021: shows [As Qd] (a pair of Aces)
__Kolege__12: mucks hand 
Mahu2021 collected 12800 from pot
*** SUMMARY ***
Total pot 12800 | Rake 0 
Board [Ac 2c Jd Ks 5c]
Seat 1: drimbar (button) folded before Flop (didn't bet)
Seat 2: Mahu2021 (small blind) showed [As Qd] and won (12800) with a pair of Aces
Seat 3: __Kolege__12 (big blind) mucked [Ah 8s]
Seat 4: galiway777 folded before Flop (didn't bet)
Seat 5: jbthejoy folded before Flop (didn't bet)
Seat 6: skripy folded on the Turn
Seat 7: gogikas1 folded before Flop (didn't bet)
Seat 8: genghis k840 folded before Flop (didn't bet)



PokerStars Hand #251450752467: Tournament #3775177211, $1.40+$0.10 USD Hold'em No Limit - Level VI (250/500) - 2024/07/12 15:22:39 CET [2024/07/12 9:22:39 ET]
Table '3775177211 4' 8-max Seat #2 is the button
Seat 1: drimbar (19770 in chips) is sitting out
Seat 2: Mahu2021 (20905 in chips) 
Seat 3: __Kolege__12 (5450 in chips) 
Seat 4: galiway777 (4630 in chips) 
Seat 5: jbthejoy (9030 in chips) 
Seat 6: skripy (7950 in chips) 
Seat 7: gogikas1 (21820 in chips) 
Seat 8: genghis k840 (12485 in chips) 
drimbar: posts the ante 50
Mahu2021: posts the ante 50
__Kolege__12: posts the ante 50
galiway777: posts the ante 50
jbthejoy: posts the ante 50
skripy: posts the ante 50
gogikas1: posts the ante 50
genghis k840: posts the ante 50
__Kolege__12: posts small blind 250
galiway777: posts big blind 500
*** HOLE CARDS ***
Dealt to Mahu2021 [As 9c]
jbthejoy: folds 
skripy: folds 
gogikas1: folds 
genghis k840: folds 
drimbar: folds 
Mahu2021: raises 500 to 1000
__Kolege__12: calls 750
galiway777: folds 
*** FLOP *** [Ah Tc 7s]
__Kolege__12: checks 
Mahu2021: bets 500
__Kolege__12: calls 500
*** TURN *** [Ah Tc 7s] [Kd]
__Kolege__12: checks 
Mahu2021: bets 500
__Kolege__12: calls 500
*** RIVER *** [Ah Tc 7s Kd] [Js]
__Kolege__12: bets 3400 and is all-in
Mahu2021: calls 3400
*** SHOW DOWN ***
__Kolege__12: shows [5h Qh] (a straight, Ten to Ace)
Mahu2021: shows [As 9c] (a pair of Aces)
__Kolege__12 collected 11700 from pot
*** SUMMARY ***
Total pot 11700 | Rake 0 
Board [Ah Tc 7s Kd Js]
Seat 1: drimbar folded before Flop (didn't bet)
Seat 2: Mahu2021 (button) showed [As 9c] and lost with a pair of Aces
Seat 3: __Kolege__12 (small blind) showed [5h Qh] and won (11700) with a straight, Ten to Ace
Seat 4: galiway777 (big blind) folded before Flop
Seat 5: jbthejoy folded before Flop (didn't bet)
Seat 6: skripy folded before Flop (didn't bet)
Seat 7: gogikas1 folded before Flop (didn't bet)
Seat 8: genghis k840 folded before Flop (didn't bet)



PokerStars Hand #251450758855: Tournament #3775177211, $1.40+$0.10 USD Hold'em No Limit - Level VII (300/600) - 2024/07/12 15:23:17 CET [2024/07/12 9:23:17 ET]
Table '3775177211 4' 8-max Seat #3 is the button
Seat 1: drimbar (19720 in chips) is sitting out
Seat 2: Mahu2021 (15455 in chips) 
Seat 3: __Kolege__12 (11700 in chips) 
Seat 4: galiway777 (4080 in chips) 
Seat 5: jbthejoy (8980 in chips) 
Seat 6: skripy (7900 in chips) 
Seat 7: gogikas1 (21770 in chips) 
Seat 8: genghis k840 (12435 in chips) 
drimbar: posts the ante 60
Mahu2021: posts the ante 60
__Kolege__12: posts the ante 60
galiway777: posts the ante 60
jbthejoy: posts the ante 60
skripy: posts the ante 60
gogikas1: posts the ante 60
genghis k840: posts the ante 60
galiway777: posts small blind 300
jbthejoy: posts big blind 600
*** HOLE CARDS ***
Dealt to Mahu2021 [5s 6c]
skripy: folds 
gogikas1: folds 
genghis k840: folds 
drimbar: folds 
Mahu2021: folds 
__Kolege__12: folds 
galiway777: folds 
Uncalled bet (300) returned to jbthejoy
jbthejoy collected 1080 from pot
*** SUMMARY ***
Total pot 1080 | Rake 0 
Seat 1: drimbar folded before Flop (didn't bet)
Seat 2: Mahu2021 folded before Flop (didn't bet)
Seat 3: __Kolege__12 (button) folded before Flop (didn't bet)
Seat 4: galiway777 (small blind) folded before Flop
Seat 5: jbthejoy (big blind) collected (1080)
Seat 6: skripy folded before Flop (didn't bet)
Seat 7: gogikas1 folded before Flop (didn't bet)
Seat 8: genghis k840 folded before Flop (didn't bet)



PokerStars Hand #251450762001: Tournament #3775177211, $1.40+$0.10 USD Hold'em No Limit - Level VII (300/600) - 2024/07/12 15:23:35 CET [2024/07/12 9:23:35 ET]
Table '3775177211 4' 8-max Seat #4 is the button
Seat 1: drimbar (19660 in chips) is sitting out
Seat 2: Mahu2021 (15395 in chips) 
Seat 3: __Kolege__12 (11640 in chips) 
Seat 4: galiway777 (3720 in chips) 
Seat 5: jbthejoy (9700 in chips) 
Seat 6: skripy (7840 in chips) 
Seat 7: gogikas1 (21710 in chips) 
Seat 8: genghis k840 (12375 in chips) 
drimbar: posts the ante 60
Mahu2021: posts the ante 60
__Kolege__12: posts the ante 60
galiway777: posts the ante 60
jbthejoy: posts the ante 60
skripy: posts the ante 60
gogikas1: posts the ante 60
genghis k840: posts the ante 60
jbthejoy: posts small blind 300
skripy: posts big blind 600
*** HOLE CARDS ***
Dealt to Mahu2021 [Qd Js]
gogikas1: folds 
genghis k840: folds 
drimbar: folds 
Mahu2021: raises 600 to 1200
__Kolege__12: folds 
galiway777: raises 2460 to 3660 and is all-in
jbthejoy: folds 
skripy: raises 4120 to 7780 and is all-in
Mahu2021: folds 
Uncalled bet (4120) returned to skripy
*** FLOP *** [Qc 3d Kd]
*** TURN *** [Qc 3d Kd] [8h]
*** RIVER *** [Qc 3d Kd 8h] [6d]
*** SHOW DOWN ***
skripy: shows [3s Ac] (a pair of Threes)
galiway777: shows [Ah Ad] (a pair of Aces)
galiway777 collected 9300 from pot
*** SUMMARY ***
Total pot 9300 | Rake 0 
Board [Qc 3d Kd 8h 6d]
Seat 1: drimbar folded before Flop (didn't bet)
Seat 2: Mahu2021 folded before Flop
Seat 3: __Kolege__12 folded before Flop (didn't bet)
Seat 4: galiway777 (button) showed [Ah Ad] and won (9300) with a pair of Aces
Seat 5: jbthejoy (small blind) folded before Flop
Seat 6: skripy (big blind) showed [3s Ac] and lost with a pair of Threes
Seat 7: gogikas1 folded before Flop (didn't bet)
Seat 8: genghis k840 folded before Flop (didn't bet)



PokerStars Hand #251450767873: Tournament #3775177211, $1.40+$0.10 USD Hold'em No Limit - Level VII (300/600) - 2024/07/12 15:24:10 CET [2024/07/12 9:24:10 ET]
Table '3775177211 4' 8-max Seat #5 is the button
Seat 1: drimbar (19600 in chips) is sitting out
Seat 2: Mahu2021 (14135 in chips) 
Seat 3: __Kolege__12 (11580 in chips) 
Seat 4: galiway777 (9300 in chips) 
Seat 5: jbthejoy (9340 in chips) 
Seat 6: skripy (4120 in chips) 
Seat 7: gogikas1 (21650 in chips) 
Seat 8: genghis k840 (12315 in chips) 
drimbar: posts the ante 60
Mahu2021: posts the ante 60
__Kolege__12: posts the ante 60
galiway777: posts the ante 60
jbthejoy: posts the ante 60
skripy: posts the ante 60
gogikas1: posts the ante 60
genghis k840: posts the ante 60
skripy: posts small blind 300
gogikas1: posts big blind 600
*** HOLE CARDS ***
Dealt to Mahu2021 [4d Jh]
genghis k840: folds 
drimbar: folds 
Mahu2021: folds 
__Kolege__12: folds 
galiway777: folds 
jbthejoy: calls 600
skripy: folds 
gogikas1: checks 
*** FLOP *** [5c Jc Tc]
gogikas1: checks 
jbthejoy: checks 
*** TURN *** [5c Jc Tc] [4h]
gogikas1: bets 600
jbthejoy: calls 600
*** RIVER *** [5c Jc Tc 4h] [As]
gogikas1: bets 600
jbthejoy: raises 2190 to 2790
gogikas1: folds 
Uncalled bet (2190) returned to jbthejoy
jbthejoy collected 4380 from pot
*** SUMMARY ***
Total pot 4380 | Rake 0 
Board [5c Jc Tc 4h As]
Seat 1: drimbar folded before Flop (didn't bet)
Seat 2: Mahu2021 folded before Flop (didn't bet)
Seat 3: __Kolege__12 folded before Flop (didn't bet)
Seat 4: galiway777 folded before Flop (didn't bet)
Seat 5: jbthejoy (button) collected (4380)
Seat 6: skripy (small blind) folded before Flop
Seat 7: gogikas1 (big blind) folded on the River
Seat 8: genghis k840 folded before Flop (didn't bet)



PokerStars Hand #251450773581: Tournament #3775177211, $1.40+$0.10 USD Hold'em No Limit - Level VII (300/600) - 2024/07/12 15:24:44 CET [2024/07/12 9:24:44 ET]
Table '3775177211 4' 8-max Seat #6 is the button
Seat 1: drimbar (19540 in chips) is sitting out
Seat 2: Mahu2021 (14075 in chips) 
Seat 3: __Kolege__12 (11520 in chips) 
Seat 4: galiway777 (9240 in chips) 
Seat 5: jbthejoy (11860 in chips) 
Seat 6: skripy (3760 in chips) 
Seat 7: gogikas1 (19790 in chips) 
Seat 8: genghis k840 (12255 in chips) 
drimbar: posts the ante 60
Mahu2021: posts the ante 60
__Kolege__12: posts the ante 60
galiway777: posts the ante 60
jbthejoy: posts the ante 60
skripy: posts the ante 60
gogikas1: posts the ante 60
genghis k840: posts the ante 60
gogikas1: posts small blind 300
genghis k840: posts big blind 600
*** HOLE CARDS ***
Dealt to Mahu2021 [Qd 2h]
drimbar: folds 
Mahu2021: folds 
__Kolege__12: folds 
galiway777: folds 
jbthejoy: folds 
skripy: raises 3100 to 3700 and is all-in
gogikas1: folds 
genghis k840: folds 
Uncalled bet (3100) returned to skripy
skripy collected 1980 from pot
*** SUMMARY ***
Total pot 1980 | Rake 0 
Seat 1: drimbar folded before Flop (didn't bet)
Seat 2: Mahu2021 folded before Flop (didn't bet)
Seat 3: __Kolege__12 folded before Flop (didn't bet)
Seat 4: galiway777 folded before Flop (didn't bet)
Seat 5: jbthejoy folded before Flop (didn't bet)
Seat 6: skripy (button) collected (1980)
Seat 7: gogikas1 (small blind) folded before Flop
Seat 8: genghis k840 (big blind) folded before Flop



PokerStars Hand #251450776040: Tournament #3775177211, $1.40+$0.10 USD Hold'em No Limit - Level VII (300/600) - 2024/07/12 15:24:59 CET [2024/07/12 9:24:59 ET]
Table '3775177211 4' 8-max Seat #7 is the button
Seat 1: drimbar (19480 in chips) is sitting out
Seat 2: Mahu2021 (14015 in chips) 
Seat 3: __Kolege__12 (11460 in chips) 
Seat 4: galiway777 (9180 in chips) 
Seat 5: jbthejoy (11800 in chips) 
Seat 6: skripy (5080 in chips) 
Seat 7: gogikas1 (19430 in chips) 
Seat 8: genghis k840 (11595 in chips) 
drimbar: posts the ante 60
Mahu2021: posts the ante 60
__Kolege__12: posts the ante 60
galiway777: posts the ante 60
jbthejoy: posts the ante 60
skripy: posts the ante 60
gogikas1: posts the ante 60
genghis k840: posts the ante 60
genghis k840: posts small blind 300
drimbar: posts big blind 600
*** HOLE CARDS ***
Dealt to Mahu2021 [9d Ac]
Mahu2021: folds 
__Kolege__12: folds 
galiway777: folds 
jbthejoy: folds 
skripy: folds 
gogikas1: raises 600 to 1200
genghis k840: calls 900
drimbar: folds 
*** FLOP *** [9h 8s 8d]
genghis k840: bets 600
gogikas1: calls 600
*** TURN *** [9h 8s 8d] [Kd]
genghis k840: bets 600
gogikas1: raises 600 to 1200
genghis k840: calls 600
*** RIVER *** [9h 8s 8d Kd] [4h]
genghis k840: checks 
gogikas1: bets 3540
genghis k840: folds 
Uncalled bet (3540) returned to gogikas1
gogikas1 collected 7080 from pot
*** SUMMARY ***
Total pot 7080 | Rake 0 
Board [9h 8s 8d Kd 4h]
Seat 1: drimbar (big blind) folded before Flop
Seat 2: Mahu2021 folded before Flop (didn't bet)
Seat 3: __Kolege__12 folded before Flop (didn't bet)
Seat 4: galiway777 folded before Flop (didn't bet)
Seat 5: jbthejoy folded before Flop (didn't bet)
Seat 6: skripy folded before Flop (didn't bet)
Seat 7: gogikas1 (button) collected (7080)
Seat 8: genghis k840 (small blind) folded on the River



PokerStars Hand #251450783440: Tournament #3775177211, $1.40+$0.10 USD Hold'em No Limit - Level VII (300/600) - 2024/07/12 15:25:44 CET [2024/07/12 9:25:44 ET]
Table '3775177211 4' 8-max Seat #8 is the button
Seat 1: drimbar (18820 in chips) is sitting out
Seat 2: Mahu2021 (13955 in chips) 
Seat 3: __Kolege__12 (11400 in chips) 
Seat 4: galiway777 (9120 in chips) 
Seat 5: jbthejoy (11740 in chips) 
Seat 6: skripy (5020 in chips) 
Seat 7: gogikas1 (23450 in chips) 
Seat 8: genghis k840 (8535 in chips) 
drimbar: posts the ante 60
Mahu2021: posts the ante 60
__Kolege__12: posts the ante 60
galiway777: posts the ante 60
jbthejoy: posts the ante 60
skripy: posts the ante 60
gogikas1: posts the ante 60
genghis k840: posts the ante 60
drimbar: posts small blind 300
Mahu2021: posts big blind 600
*** HOLE CARDS ***
Dealt to Mahu2021 [Jd Qs]
__Kolege__12: calls 600
galiway777: folds 
jbthejoy: folds 
skripy: folds 
gogikas1: raises 600 to 1200
genghis k840: folds 
drimbar: folds 
Mahu2021: calls 600
__Kolege__12: calls 600
*** FLOP *** [5s 5d Ts]
Mahu2021: checks 
__Kolege__12: checks 
gogikas1: bets 600
Mahu2021: folds 
__Kolege__12: calls 600
*** TURN *** [5s 5d Ts] [8h]
__Kolege__12: checks 
gogikas1: bets 1200
__Kolege__12: calls 1200
*** RIVER *** [5s 5d Ts 8h] [6h]
__Kolege__12: checks 
gogikas1: bets 1200
__Kolege__12: calls 1200
*** SHOW DOWN ***
gogikas1: shows [Qh Ac] (a pair of Fives)
__Kolege__12: mucks hand 
gogikas1 collected 10380 from pot
*** SUMMARY ***
Total pot 10380 | Rake 0 
Board [5s 5d Ts 8h 6h]
Seat 1: drimbar (small blind) folded before Flop
Seat 2: Mahu2021 (big blind) folded on the Flop
Seat 3: __Kolege__12 mucked [Jh Ad]
Seat 4: galiway777 folded before Flop (didn't bet)
Seat 5: jbthejoy folded before Flop (didn't bet)
Seat 6: skripy folded before Flop (didn't bet)
Seat 7: gogikas1 showed [Qh Ac] and won (10380) with a pair of Fives
Seat 8: genghis k840 (button) folded before Flop (didn't bet)



PokerStars Hand #251450790490: Tournament #3775177211, $1.40+$0.10 USD Hold'em No Limit - Level VIII (350/700) - 2024/07/12 15:26:26 CET [2024/07/12 9:26:26 ET]
Table '3775177211 4' 8-max Seat #1 is the button
Seat 1: drimbar (18460 in chips) is sitting out
Seat 2: Mahu2021 (12695 in chips) 
Seat 3: __Kolege__12 (7140 in chips) 
Seat 4: galiway777 (9060 in chips) 
Seat 5: jbthejoy (11680 in chips) 
Seat 6: skripy (4960 in chips) 
Seat 7: gogikas1 (29570 in chips) 
Seat 8: genghis k840 (8475 in chips) 
drimbar: posts the ante 70
Mahu2021: posts the ante 70
__Kolege__12: posts the ante 70
galiway777: posts the ante 70
jbthejoy: posts the ante 70
skripy: posts the ante 70
gogikas1: posts the ante 70
genghis k840: posts the ante 70
Mahu2021: posts small blind 350
__Kolege__12: posts big blind 700
*** HOLE CARDS ***
Dealt to Mahu2021 [Kd 3s]
galiway777: folds 
jbthejoy: folds 
skripy: folds 
gogikas1: folds 
genghis k840: folds 
drimbar: folds 
Mahu2021: calls 350
__Kolege__12: checks 
*** FLOP *** [5d 5s Qs]
Mahu2021: checks 
__Kolege__12: bets 980
Mahu2021: folds 
Uncalled bet (980) returned to __Kolege__12
__Kolege__12 collected 1960 from pot
*** SUMMARY ***
Total pot 1960 | Rake 0 
Board [5d 5s Qs]
Seat 1: drimbar (button) folded before Flop (didn't bet)
Seat 2: Mahu2021 (small blind) folded on the Flop
Seat 3: __Kolege__12 (big blind) collected (1960)
Seat 4: galiway777 folded before Flop (didn't bet)
Seat 5: jbthejoy folded before Flop (didn't bet)
Seat 6: skripy folded before Flop (didn't bet)
Seat 7: gogikas1 folded before Flop (didn't bet)
Seat 8: genghis k840 folded before Flop (didn't bet)



PokerStars Hand #251450793511: Tournament #3775177211, $1.40+$0.10 USD Hold'em No Limit - Level VIII (350/700) - 2024/07/12 15:26:45 CET [2024/07/12 9:26:45 ET]
Table '3775177211 4' 8-max Seat #2 is the button
Seat 1: drimbar (18390 in chips) is sitting out
Seat 2: Mahu2021 (11925 in chips) 
Seat 3: __Kolege__12 (8330 in chips) 
Seat 4: galiway777 (8990 in chips) 
Seat 5: jbthejoy (11610 in chips) 
Seat 6: skripy (4890 in chips) 
Seat 7: gogikas1 (29500 in chips) 
Seat 8: genghis k840 (8405 in chips) 
drimbar: posts the ante 70
Mahu2021: posts the ante 70
__Kolege__12: posts the ante 70
galiway777: posts the ante 70
jbthejoy: posts the ante 70
skripy: posts the ante 70
gogikas1: posts the ante 70
genghis k840: posts the ante 70
__Kolege__12: posts small blind 350
galiway777: posts big blind 700
*** HOLE CARDS ***
Dealt to Mahu2021 [Jd 9h]
jbthejoy: folds 
skripy: calls 700
gogikas1: folds 
genghis k840: raises 7635 to 8335 and is all-in
drimbar: folds 
Mahu2021: folds 
__Kolege__12: folds 
galiway777: raises 585 to 8920 and is all-in
skripy: calls 4120 and is all-in
Uncalled bet (585) returned to galiway777
*** FLOP *** [2s 6h 2d]
*** TURN *** [2s 6h 2d] [Qd]
*** RIVER *** [2s 6h 2d Qd] [Qs]
*** SHOW DOWN ***
galiway777: shows [Ac 8c] (two pair, Queens and Deuces)
genghis k840: shows [9d Js] (two pair, Queens and Deuces - lower kicker)
galiway777 collected 7030 from side pot
skripy: shows [6d 5d] (two pair, Queens and Sixes)
skripy collected 15370 from main pot
genghis k840 finished the tournament
*** SUMMARY ***
Total pot 22400 Main pot 15370. Side pot 7030. | Rake 0 
Board [2s 6h 2d Qd Qs]
Seat 1: drimbar folded before Flop (didn't bet)
Seat 2: Mahu2021 (button) folded before Flop (didn't bet)
Seat 3: __Kolege__12 (small blind) folded before Flop
Seat 4: galiway777 (big blind) showed [Ac 8c] and won (7030) with two pair, Queens and Deuces
Seat 5: jbthejoy folded before Flop (didn't bet)
Seat 6: skripy showed [6d 5d] and won (15370) with two pair, Queens and Sixes
Seat 7: gogikas1 folded before Flop (didn't bet)
Seat 8: genghis k840 showed [9d Js] and lost with two pair, Queens and Deuces



PokerStars Hand #251450798470: Tournament #3775177211, $1.40+$0.10 USD Hold'em No Limit - Level VIII (350/700) - 2024/07/12 15:27:15 CET [2024/07/12 9:27:15 ET]
Table '3775177211 4' 8-max Seat #3 is the button
Seat 1: drimbar (18320 in chips) is sitting out
Seat 2: Mahu2021 (11855 in chips) 
Seat 3: __Kolege__12 (7910 in chips) 
Seat 4: galiway777 (7615 in chips) 
Seat 5: jbthejoy (11540 in chips) 
Seat 6: skripy (15370 in chips) 
Seat 7: gogikas1 (29430 in chips) 
drimbar: posts the ante 70
Mahu2021: posts the ante 70
__Kolege__12: posts the ante 70
galiway777: posts the ante 70
jbthejoy: posts the ante 70
skripy: posts the ante 70
gogikas1: posts the ante 70
galiway777: posts small blind 350
jbthejoy: posts big blind 700
*** HOLE CARDS ***
Dealt to Mahu2021 [7h 9d]
skripy: folds 
gogikas1: raises 700 to 1400
drimbar: folds 
Mahu2021: folds 
__Kolege__12: folds 
galiway777: folds 
jbthejoy: calls 700
*** FLOP *** [3c 2c Tc]
jbthejoy: checks 
gogikas1: checks 
*** TURN *** [3c 2c Tc] [Qc]
jbthejoy: checks 
gogikas1: bets 700
jbthejoy: calls 700
*** RIVER *** [3c 2c Tc Qc] [3d]
jbthejoy: checks 
gogikas1: bets 700
jbthejoy: raises 2800 to 3500
gogikas1: folds 
Uncalled bet (2800) returned to jbthejoy
jbthejoy collected 6440 from pot
*** SUMMARY ***
Total pot 6440 | Rake 0 
Board [3c 2c Tc Qc 3d]
Seat 1: drimbar folded before Flop (didn't bet)
Seat 2: Mahu2021 folded before Flop (didn't bet)
Seat 3: __Kolege__12 (button) folded before Flop (didn't bet)
Seat 4: galiway777 (small blind) folded before Flop
Seat 5: jbthejoy (big blind) collected (6440)
Seat 6: skripy folded before Flop (didn't bet)
Seat 7: gogikas1 folded on the River



PokerStars Hand #251450803924: Tournament #3775177211, $1.40+$0.10 USD Hold'em No Limit - Level VIII (350/700) - 2024/07/12 15:27:47 CET [2024/07/12 9:27:47 ET]
Table '3775177211 4' 8-max Seat #4 is the button
Seat 1: drimbar (18250 in chips) is sitting out
Seat 2: Mahu2021 (11785 in chips) 
Seat 3: __Kolege__12 (7840 in chips) 
Seat 4: galiway777 (7195 in chips) 
Seat 5: jbthejoy (15110 in chips) 
Seat 6: skripy (15300 in chips) 
Seat 7: gogikas1 (26560 in chips) 
drimbar: posts the ante 70
Mahu2021: posts the ante 70
__Kolege__12: posts the ante 70
galiway777: posts the ante 70
jbthejoy: posts the ante 70
skripy: posts the ante 70
gogikas1: posts the ante 70
jbthejoy: posts small blind 350
skripy: posts big blind 700
*** HOLE CARDS ***
Dealt to Mahu2021 [As Ks]
gogikas1: raises 700 to 1400
drimbar: folds 
Mahu2021: raises 10315 to 11715 and is all-in
__Kolege__12: folds 
galiway777: folds 
jbthejoy: folds 
skripy: folds 
gogikas1: folds 
Uncalled bet (10315) returned to Mahu2021
Mahu2021 collected 4340 from pot
Mahu2021: doesn't show hand 
*** SUMMARY ***
Total pot 4340 | Rake 0 
Seat 1: drimbar folded before Flop (didn't bet)
Seat 2: Mahu2021 collected (4340)
Seat 3: __Kolege__12 folded before Flop (didn't bet)
Seat 4: galiway777 (button) folded before Flop (didn't bet)
Seat 5: jbthejoy (small blind) folded before Flop
Seat 6: skripy (big blind) folded before Flop
Seat 7: gogikas1 folded before Flop



PokerStars Hand #251450806225: Tournament #3775177211, $1.40+$0.10 USD Hold'em No Limit - Level VIII (350/700) - 2024/07/12 15:28:01 CET [2024/07/12 9:28:01 ET]
Table '3775177211 4' 8-max Seat #5 is the button
Seat 1: drimbar (18180 in chips) is sitting out
Seat 2: Mahu2021 (14655 in chips) 
Seat 3: __Kolege__12 (7770 in chips) 
Seat 4: galiway777 (7125 in chips) 
Seat 5: jbthejoy (14690 in chips) 
Seat 6: skripy (14530 in chips) 
Seat 7: gogikas1 (25090 in chips) 
Seat 8: Matii2838 (10000 in chips) 
drimbar: posts the ante 70
Mahu2021: posts the ante 70
__Kolege__12: posts the ante 70
galiway777: posts the ante 70
jbthejoy: posts the ante 70
skripy: posts the ante 70
gogikas1: posts the ante 70
Matii2838: posts the ante 70
skripy: posts small blind 350
gogikas1: posts big blind 700
*** HOLE CARDS ***
Dealt to Mahu2021 [9s Jh]
Matii2838: calls 700
drimbar: folds 
Mahu2021: folds 
__Kolege__12: folds 
galiway777: folds 
jbthejoy: calls 700
skripy: calls 350
gogikas1: checks 
*** FLOP *** [3h Ah 7d]
skripy: checks 
gogikas1: checks 
Matii2838: checks 
jbthejoy: checks 
*** TURN *** [3h Ah 7d] [2s]
skripy: checks 
gogikas1: bets 1680
Matii2838: folds 
jbthejoy: folds 
skripy: folds 
Uncalled bet (1680) returned to gogikas1
gogikas1 collected 3360 from pot
*** SUMMARY ***
Total pot 3360 | Rake 0 
Board [3h Ah 7d 2s]
Seat 1: drimbar folded before Flop (didn't bet)
Seat 2: Mahu2021 folded before Flop (didn't bet)
Seat 3: __Kolege__12 folded before Flop (didn't bet)
Seat 4: galiway777 folded before Flop (didn't bet)
Seat 5: jbthejoy (button) folded on the Turn
Seat 6: skripy (small blind) folded on the Turn
Seat 7: gogikas1 (big blind) collected (3360)
Seat 8: Matii2838 folded on the Turn



PokerStars Hand #251450811140: Tournament #3775177211, $1.40+$0.10 USD Hold'em No Limit - Level VIII (350/700) - 2024/07/12 15:28:30 CET [2024/07/12 9:28:30 ET]
Table '3775177211 4' 8-max Seat #6 is the button
Seat 1: drimbar (18110 in chips) is sitting out
Seat 2: Mahu2021 (14585 in chips) 
Seat 3: __Kolege__12 (7700 in chips) 
Seat 4: galiway777 (7055 in chips) 
Seat 5: jbthejoy (13920 in chips) 
Seat 6: skripy (13760 in chips) 
Seat 7: gogikas1 (27680 in chips) 
Seat 8: Matii2838 (9230 in chips) 
drimbar: posts the ante 70
Mahu2021: posts the ante 70
__Kolege__12: posts the ante 70
galiway777: posts the ante 70
jbthejoy: posts the ante 70
skripy: posts the ante 70
gogikas1: posts the ante 70
Matii2838: posts the ante 70
gogikas1: posts small blind 350
Matii2838: posts big blind 700
*** HOLE CARDS ***
Dealt to Mahu2021 [2c Ks]
drimbar: folds 
Mahu2021: folds 
__Kolege__12: raises 700 to 1400
galiway777: folds 
jbthejoy: folds 
skripy: folds 
gogikas1: calls 1050
Matii2838: calls 700
*** FLOP *** [5h Js Jc]
gogikas1: checks 
Matii2838: checks 
__Kolege__12: checks 
*** TURN *** [5h Js Jc] [4d]
gogikas1: bets 1400
Matii2838: folds 
__Kolege__12: calls 1400
*** RIVER *** [5h Js Jc 4d] [4c]
gogikas1: checks 
__Kolege__12: checks 
*** SHOW DOWN ***
gogikas1: shows [5d Ad] (two pair, Jacks and Fives)
__Kolege__12: mucks hand 
gogikas1 collected 7560 from pot
*** SUMMARY ***
Total pot 7560 | Rake 0 
Board [5h Js Jc 4d 4c]
Seat 1: drimbar folded before Flop (didn't bet)
Seat 2: Mahu2021 folded before Flop (didn't bet)
Seat 3: __Kolege__12 mucked [8c As]
Seat 4: galiway777 folded before Flop (didn't bet)
Seat 5: jbthejoy folded before Flop (didn't bet)
Seat 6: skripy (button) folded before Flop (didn't bet)
Seat 7: gogikas1 (small blind) showed [5d Ad] and won (7560) with two pair, Jacks and Fives
Seat 8: Matii2838 (big blind) folded on the Turn



PokerStars Hand #251450817912: Tournament #3775177211, $1.40+$0.10 USD Hold'em No Limit - Level IX (400/800) - 2024/07/12 15:29:11 CET [2024/07/12 9:29:11 ET]
Table '3775177211 4' 8-max Seat #7 is the button
Seat 1: drimbar (18040 in chips) is sitting out
Seat 2: Mahu2021 (14515 in chips) 
Seat 3: __Kolege__12 (4830 in chips) 
Seat 4: galiway777 (6985 in chips) 
Seat 5: jbthejoy (13850 in chips) 
Seat 6: skripy (13690 in chips) 
Seat 7: gogikas1 (32370 in chips) 
Seat 8: Matii2838 (7760 in chips) 
drimbar: posts the ante 80
Mahu2021: posts the ante 80
__Kolege__12: posts the ante 80
galiway777: posts the ante 80
jbthejoy: posts the ante 80
skripy: posts the ante 80
gogikas1: posts the ante 80
Matii2838: posts the ante 80
Matii2838: posts small blind 400
drimbar: posts big blind 800
*** HOLE CARDS ***
Dealt to Mahu2021 [2h Qh]
Mahu2021: folds 
__Kolege__12: folds 
galiway777: folds 
jbthejoy: calls 800
skripy: folds 
gogikas1: calls 800
Matii2838: calls 400
drimbar: folds 
*** FLOP *** [Tc 4d 5h]
Matii2838: checks 
jbthejoy: checks 
gogikas1: checks 
*** TURN *** [Tc 4d 5h] [2c]
Matii2838: bets 1920
jbthejoy: folds 
gogikas1: folds 
Uncalled bet (1920) returned to Matii2838
Matii2838 collected 3840 from pot
*** SUMMARY ***
Total pot 3840 | Rake 0 
Board [Tc 4d 5h 2c]
Seat 1: drimbar (big blind) folded before Flop
Seat 2: Mahu2021 folded before Flop (didn't bet)
Seat 3: __Kolege__12 folded before Flop (didn't bet)
Seat 4: galiway777 folded before Flop (didn't bet)
Seat 5: jbthejoy folded on the Turn
Seat 6: skripy folded before Flop (didn't bet)
Seat 7: gogikas1 (button) folded on the Turn
Seat 8: Matii2838 (small blind) collected (3840)



PokerStars Hand #251450823027: Tournament #3775177211, $1.40+$0.10 USD Hold'em No Limit - Level IX (400/800) - 2024/07/12 15:29:41 CET [2024/07/12 9:29:41 ET]
Table '3775177211 4' 8-max Seat #8 is the button
Seat 1: drimbar (17160 in chips) is sitting out
Seat 2: Mahu2021 (14435 in chips) 
Seat 3: __Kolege__12 (4750 in chips) 
Seat 5: jbthejoy (12970 in chips) 
Seat 6: skripy (13610 in chips) 
Seat 7: gogikas1 (31490 in chips) 
Seat 8: Matii2838 (10720 in chips) 
drimbar: posts the ante 80
Mahu2021: posts the ante 80
__Kolege__12: posts the ante 80
jbthejoy: posts the ante 80
skripy: posts the ante 80
gogikas1: posts the ante 80
Matii2838: posts the ante 80
drimbar: posts small blind 400
Mahu2021: posts big blind 800
*** HOLE CARDS ***
Dealt to Mahu2021 [2c 5h]
__Kolege__12: folds 
jbthejoy: folds 
skripy: folds 
gogikas1: folds 
Matii2838: folds 
drimbar: folds 
Uncalled bet (400) returned to Mahu2021
drimbar has returned
Mahu2021 collected 1360 from pot
Mahu2021: doesn't show hand 
*** SUMMARY ***
Total pot 1360 | Rake 0 
Seat 1: drimbar (small blind) folded before Flop
Seat 2: Mahu2021 (big blind) collected (1360)
Seat 3: __Kolege__12 folded before Flop (didn't bet)
Seat 5: jbthejoy folded before Flop (didn't bet)
Seat 6: skripy folded before Flop (didn't bet)
Seat 7: gogikas1 folded before Flop (didn't bet)
Seat 8: Matii2838 (button) folded before Flop (didn't bet)



PokerStars Hand #251450825570: Tournament #3775177211, $1.40+$0.10 USD Hold'em No Limit - Level IX (400/800) - 2024/07/12 15:29:57 CET [2024/07/12 9:29:57 ET]
Table '3775177211 4' 8-max Seat #1 is the button
Seat 1: drimbar (16680 in chips) 
Seat 2: Mahu2021 (15315 in chips) 
Seat 3: __Kolege__12 (4670 in chips) 
Seat 5: jbthejoy (12890 in chips) 
Seat 6: skripy (13530 in chips) 
Seat 7: gogikas1 (31410 in chips) 
Seat 8: Matii2838 (10640 in chips) 
drimbar: posts the ante 80
Mahu2021: posts the ante 80
__Kolege__12: posts the ante 80
jbthejoy: posts the ante 80
skripy: posts the ante 80
gogikas1: posts the ante 80
Matii2838: posts the ante 80
Mahu2021: posts small blind 400
__Kolege__12: posts big blind 800
*** HOLE CARDS ***
Dealt to Mahu2021 [Js 6c]
jbthejoy: folds 
skripy: raises 800 to 1600
jo27silva is disconnected 
gogikas1: folds 
Matii2838: calls 1600
drimbar: folds 
Mahu2021: folds 
__Kolege__12: calls 800
*** FLOP *** [Tc 3h 4c]
__Kolege__12: checks 
skripy: checks 
Matii2838: bets 2880
__Kolege__12: raises 110 to 2990 and is all-in
skripy: folds 
Matii2838: calls 110
*** TURN *** [Tc 3h 4c] [9s]
*** RIVER *** [Tc 3h 4c 9s] [2h]
*** SHOW DOWN ***
__Kolege__12: shows [Ac 2d] (a pair of Deuces)
Matii2838: shows [Th Qh] (a pair of Tens)
Matii2838 collected 11740 from pot
__Kolege__12 finished the tournament
*** SUMMARY ***
Total pot 11740 | Rake 0 
Board [Tc 3h 4c 9s 2h]
Seat 1: drimbar (button) folded before Flop (didn't bet)
Seat 2: Mahu2021 (small blind) folded before Flop
Seat 3: __Kolege__12 (big blind) showed [Ac 2d] and lost with a pair of Deuces
Seat 5: jbthejoy folded before Flop (didn't bet)
Seat 6: skripy folded on the Flop
Seat 7: gogikas1 folded before Flop (didn't bet)
Seat 8: Matii2838 showed [Th Qh] and won (11740) with a pair of Tens



PokerStars Hand #251450831359: Tournament #3775177211, $1.40+$0.10 USD Hold'em No Limit - Level IX (400/800) - 2024/07/12 15:30:31 CET [2024/07/12 9:30:31 ET]
Table '3775177211 4' 8-max Seat #2 is the button
Seat 1: drimbar (16600 in chips) 
Seat 2: Mahu2021 (14835 in chips) 
Seat 4: jo27silva (29825 in chips) out of hand (moved from another table into small blind)
Seat 5: jbthejoy (12810 in chips) 
Seat 6: skripy (11850 in chips) 
Seat 7: gogikas1 (31330 in chips) 
Seat 8: Matii2838 (17710 in chips) 
jo27silva will be allowed to play after the button
drimbar: posts the ante 80
Mahu2021: posts the ante 80
jbthejoy: posts the ante 80
skripy: posts the ante 80
gogikas1: posts the ante 80
Matii2838: posts the ante 80
jbthejoy: posts small blind 400
skripy: posts big blind 800
*** HOLE CARDS ***
Dealt to Mahu2021 [2h 2d]
gogikas1: folds 
Matii2838: raises 800 to 1600
drimbar: folds 
Mahu2021: calls 1600
jbthejoy: folds 
skripy: folds 
*** FLOP *** [Js 9d Kh]
Matii2838: checks 
Mahu2021: checks 
*** TURN *** [Js 9d Kh] [4c]
Matii2838: checks 
Mahu2021: checks 
*** RIVER *** [Js 9d Kh 4c] [6s]
Matii2838: checks 
Mahu2021: bets 1600
Matii2838: folds 
Uncalled bet (1600) returned to Mahu2021
Mahu2021 collected 4880 from pot
Mahu2021: doesn't show hand 
*** SUMMARY ***
Total pot 4880 | Rake 0 
Board [Js 9d Kh 4c 6s]
Seat 1: drimbar folded before Flop (didn't bet)
Seat 2: Mahu2021 (button) collected (4880)
Seat 5: jbthejoy (small blind) folded before Flop
Seat 6: skripy (big blind) folded before Flop
Seat 7: gogikas1 folded before Flop (didn't bet)
Seat 8: Matii2838 folded on the River



PokerStars Hand #251450837771: Tournament #3775177211, $1.40+$0.10 USD Hold'em No Limit - Level IX (400/800) - 2024/07/12 15:31:09 CET [2024/07/12 9:31:09 ET]
Table '3775177211 4' 8-max Seat #5 is the button
Seat 1: drimbar (16520 in chips) 
Seat 2: Mahu2021 (18035 in chips) 
Seat 3: damienspence (14183 in chips) 
Seat 4: jo27silva (29825 in chips) 
Seat 5: jbthejoy (12330 in chips) 
Seat 6: skripy (10970 in chips) 
Seat 7: gogikas1 (31250 in chips) 
Seat 8: Matii2838 (16030 in chips) 
drimbar: posts the ante 80
Mahu2021: posts the ante 80
damienspence: posts the ante 80
jo27silva: posts the ante 80
jbthejoy: posts the ante 80
skripy: posts the ante 80
gogikas1: posts the ante 80
Matii2838: posts the ante 80
skripy: posts small blind 400
gogikas1: posts big blind 800
*** HOLE CARDS ***
Dealt to Mahu2021 [8h 4c]
Matii2838: folds 
drimbar: folds 
Mahu2021: folds 
damienspence: folds 
jo27silva: folds 
jbthejoy: calls 800
skripy: raises 10090 to 10890 and is all-in
gogikas1: folds 
jbthejoy: folds 
Uncalled bet (10090) returned to skripy
skripy collected 3040 from pot
*** SUMMARY ***
Total pot 3040 | Rake 0 
Seat 1: drimbar folded before Flop (didn't bet)
Seat 2: Mahu2021 folded before Flop (didn't bet)
Seat 3: damienspence folded before Flop (didn't bet)
Seat 4: jo27silva folded before Flop (didn't bet)
Seat 5: jbthejoy (button) folded before Flop
Seat 6: skripy (small blind) collected (3040)
Seat 7: gogikas1 (big blind) folded before Flop
Seat 8: Matii2838 folded before Flop (didn't bet)



PokerStars Hand #251450841068: Tournament #3775177211, $1.40+$0.10 USD Hold'em No Limit - Level IX (400/800) - 2024/07/12 15:31:28 CET [2024/07/12 9:31:28 ET]
Table '3775177211 4' 8-max Seat #6 is the button
Seat 1: drimbar (16440 in chips) 
Seat 2: Mahu2021 (17955 in chips) 
Seat 3: damienspence (14103 in chips) 
Seat 4: jo27silva (29745 in chips) 
Seat 5: jbthejoy (11450 in chips) 
Seat 6: skripy (13130 in chips) 
Seat 7: gogikas1 (30370 in chips) 
Seat 8: Matii2838 (15950 in chips) 
drimbar: posts the ante 80
Mahu2021: posts the ante 80
damienspence: posts the ante 80
jo27silva: posts the ante 80
jbthejoy: posts the ante 80
skripy: posts the ante 80
gogikas1: posts the ante 80
Matii2838: posts the ante 80
gogikas1: posts small blind 400
Matii2838: posts big blind 800
*** HOLE CARDS ***
Dealt to Mahu2021 [Ac Ah]
drimbar: folds 
Mahu2021: calls 800
damienspence: calls 800
jo27silva: raises 28865 to 29665 and is all-in
jbthejoy: folds 
skripy: folds 
gogikas1: folds 
Matii2838: folds 
Mahu2021: calls 17075 and is all-in
damienspence has timed out
damienspence: folds 
damienspence is sitting out
Uncalled bet (11790) returned to jo27silva
damienspence has returned
*** FLOP *** [2c 9h Ks]
*** TURN *** [2c 9h Ks] [6d]
*** RIVER *** [2c 9h Ks 6d] [2s]
*** SHOW DOWN ***
Mahu2021: shows [Ac Ah] (two pair, Aces and Deuces)
jo27silva: shows [Jc Js] (two pair, Jacks and Deuces)
Mahu2021 collected 38390 from pot
*** SUMMARY ***
Total pot 38390 | Rake 0 
Board [2c 9h Ks 6d 2s]
Seat 1: drimbar folded before Flop (didn't bet)
Seat 2: Mahu2021 showed [Ac Ah] and won (38390) with two pair, Aces and Deuces
Seat 3: damienspence folded before Flop
Seat 4: jo27silva showed [Jc Js] and lost with two pair, Jacks and Deuces
Seat 5: jbthejoy folded before Flop (didn't bet)
Seat 6: skripy (button) folded before Flop (didn't bet)
Seat 7: gogikas1 (small blind) folded before Flop
Seat 8: Matii2838 (big blind) folded before Flop



PokerStars Hand #251450849638: Tournament #3775177211, $1.40+$0.10 USD Hold'em No Limit - Level X (500/1000) - 2024/07/12 15:32:18 CET [2024/07/12 9:32:18 ET]
Table '3775177211 4' 8-max Seat #7 is the button
Seat 1: drimbar (16360 in chips) 
Seat 2: Mahu2021 (38390 in chips) 
Seat 3: damienspence (13223 in chips) 
Seat 4: jo27silva (11790 in chips) 
Seat 5: jbthejoy (11370 in chips) 
Seat 6: skripy (13050 in chips) 
Seat 7: gogikas1 (29890 in chips) 
Seat 8: Matii2838 (15070 in chips) 
drimbar: posts the ante 100
Mahu2021: posts the ante 100
damienspence: posts the ante 100
jo27silva: posts the ante 100
jbthejoy: posts the ante 100
skripy: posts the ante 100
gogikas1: posts the ante 100
Matii2838: posts the ante 100
Matii2838: posts small blind 500
drimbar: posts big blind 1000
*** HOLE CARDS ***
Dealt to Mahu2021 [8d Ac]
Mahu2021: folds 
damienspence: folds 
jo27silva: raises 10690 to 11690 and is all-in
jbthejoy: folds 
skripy: folds 
gogikas1: folds 
Matii2838: folds 
drimbar: folds 
Uncalled bet (10690) returned to jo27silva
jo27silva collected 3300 from pot
jo27silva: doesn't show hand 
*** SUMMARY ***
Total pot 3300 | Rake 0 
Seat 1: drimbar (big blind) folded before Flop
Seat 2: Mahu2021 folded before Flop (didn't bet)
Seat 3: damienspence folded before Flop (didn't bet)
Seat 4: jo27silva collected (3300)
Seat 5: jbthejoy folded before Flop (didn't bet)
Seat 6: skripy folded before Flop (didn't bet)
Seat 7: gogikas1 (button) folded before Flop (didn't bet)
Seat 8: Matii2838 (small blind) folded before Flop



PokerStars Hand #251450853208: Tournament #3775177211, $1.40+$0.10 USD Hold'em No Limit - Level X (500/1000) - 2024/07/12 15:32:38 CET [2024/07/12 9:32:38 ET]
Table '3775177211 4' 8-max Seat #8 is the button
Seat 1: drimbar (15260 in chips) 
Seat 2: Mahu2021 (38290 in chips) 
Seat 3: damienspence (13123 in chips) 
Seat 4: jo27silva (13990 in chips) 
Seat 5: jbthejoy (11270 in chips) 
Seat 7: gogikas1 (29790 in chips) 
Seat 8: Matii2838 (14470 in chips) 
drimbar: posts the ante 100
Mahu2021: posts the ante 100
damienspence: posts the ante 100
jo27silva: posts the ante 100
jbthejoy: posts the ante 100
gogikas1: posts the ante 100
Matii2838: posts the ante 100
drimbar: posts small blind 500
Mahu2021: posts big blind 1000
*** HOLE CARDS ***
Dealt to Mahu2021 [Ks Qs]
damienspence has timed out
damienspence: folds 
damienspence is sitting out
jo27silva: folds 
jbthejoy: folds 
gogikas1: calls 1000
Matii2838: raises 2000 to 3000
drimbar: folds 
damienspence has returned
Mahu2021: calls 2000
gogikas1: calls 2000
*** FLOP *** [Ts Ac 4c]
Mahu2021: checks 
gogikas1: checks 
Matii2838: bets 5100
Mahu2021: folds 
gogikas1: raises 5100 to 10200
Matii2838: raises 1170 to 11370 and is all-in
gogikas1: calls 1170
*** TURN *** [Ts Ac 4c] [5h]
*** RIVER *** [Ts Ac 4c 5h] [5c]
*** SHOW DOWN ***
gogikas1: shows [4d 4s] (a full house, Fours full of Fives)
Matii2838: shows [Ad 8c] (two pair, Aces and Fives)
gogikas1 collected 32940 from pot
Matii2838 finished the tournament in 118th place
*** SUMMARY ***
Total pot 32940 | Rake 0 
Board [Ts Ac 4c 5h 5c]
Seat 1: drimbar (small blind) folded before Flop
Seat 2: Mahu2021 (big blind) folded on the Flop
Seat 3: damienspence folded before Flop (didn't bet)
Seat 4: jo27silva folded before Flop (didn't bet)
Seat 5: jbthejoy folded before Flop (didn't bet)
Seat 7: gogikas1 showed [4d 4s] and won (32940) with a full house, Fours full of Fives
Seat 8: Matii2838 (button) showed [Ad 8c] and lost with two pair, Aces and Fives



PokerStars Hand #251450861911: Tournament #3775177211, $1.40+$0.10 USD Hold'em No Limit - Level X (500/1000) - 2024/07/12 15:33:28 CET [2024/07/12 9:33:28 ET]
Table '3775177211 4' 8-max Seat #1 is the button
Seat 1: drimbar (14660 in chips) 
Seat 2: Mahu2021 (35190 in chips) 
Seat 3: damienspence (13023 in chips) 
Seat 4: jo27silva (13890 in chips) 
Seat 5: jbthejoy (11170 in chips) 
Seat 6: Lemahary (84170 in chips) 
Seat 7: gogikas1 (48260 in chips) 
drimbar: posts the ante 100
Mahu2021: posts the ante 100
damienspence: posts the ante 100
jo27silva: posts the ante 100
jbthejoy: posts the ante 100
Lemahary: posts the ante 100
gogikas1: posts the ante 100
Mahu2021: posts small blind 500
damienspence: posts big blind 1000
*** HOLE CARDS ***
Dealt to Mahu2021 [8c 4d]
jo27silva: raises 1000 to 2000
jbthejoy: folds 
Lemahary: calls 2000
gogikas1: folds 
drimbar: calls 2000
Mahu2021: folds 
damienspence: calls 1000
*** FLOP *** [Jd 8h 9s]
damienspence: bets 10923 and is all-in
jo27silva: raises 867 to 11790 and is all-in
Lemahary: folds 
drimbar: folds 
Uncalled bet (867) returned to jo27silva
*** TURN *** [Jd 8h 9s] [5d]
*** RIVER *** [Jd 8h 9s 5d] [3d]
*** SHOW DOWN ***
damienspence: shows [6d 7c] (a straight, Five to Nine)
jo27silva: shows [Ac Ad] (a pair of Aces)
damienspence collected 31046 from pot
*** SUMMARY ***
Total pot 31046 | Rake 0 
Board [Jd 8h 9s 5d 3d]
Seat 1: drimbar (button) folded on the Flop
Seat 2: Mahu2021 (small blind) folded before Flop
Seat 3: damienspence (big blind) showed [6d 7c] and won (31046) with a straight, Five to Nine
Seat 4: jo27silva showed [Ac Ad] and lost with a pair of Aces
Seat 5: jbthejoy folded before Flop (didn't bet)
Seat 6: Lemahary folded on the Flop
Seat 7: gogikas1 folded before Flop (didn't bet)



PokerStars Hand #251450871234: Tournament #3775177211, $1.40+$0.10 USD Hold'em No Limit - Level X (500/1000) - 2024/07/12 15:34:21 CET [2024/07/12 9:34:21 ET]
Table '3775177211 4' 8-max Seat #2 is the button
Seat 1: drimbar (12560 in chips) 
Seat 2: Mahu2021 (34590 in chips) 
Seat 3: damienspence (31046 in chips) 
Seat 4: jo27silva (867 in chips) 
Seat 5: jbthejoy (11070 in chips) 
Seat 6: Lemahary (82070 in chips) 
Seat 7: gogikas1 (48160 in chips) 
drimbar: posts the ante 100
Mahu2021: posts the ante 100
damienspence: posts the ante 100
jo27silva: posts the ante 100
jbthejoy: posts the ante 100
Lemahary: posts the ante 100
gogikas1: posts the ante 100
damienspence: posts small blind 500
jo27silva: posts big blind 767 and is all-in
*** HOLE CARDS ***
Dealt to Mahu2021 [3h 5d]
jbthejoy: folds 
Lemahary: folds 
gogikas1: folds 
drimbar: raises 11693 to 12460 and is all-in
Mahu2021: folds 
damienspence: folds 
Uncalled bet (11693) returned to drimbar
*** FLOP *** [Kc Qd Jc]
*** TURN *** [Kc Qd Jc] [Kh]
*** RIVER *** [Kc Qd Jc Kh] [2d]
*** SHOW DOWN ***
jo27silva: shows [8h 7d] (a pair of Kings)
drimbar: shows [Kd 9s] (three of a kind, Kings)
drimbar collected 2734 from pot
jo27silva finished the tournament in 114th place
*** SUMMARY ***
Total pot 2734 | Rake 0 
Board [Kc Qd Jc Kh 2d]
Seat 1: drimbar showed [Kd 9s] and won (2734) with three of a kind, Kings
Seat 2: Mahu2021 (button) folded before Flop (didn't bet)
Seat 3: damienspence (small blind) folded before Flop
Seat 4: jo27silva (big blind) showed [8h 7d] and lost with a pair of Kings
Seat 5: jbthejoy folded before Flop (didn't bet)
Seat 6: Lemahary folded before Flop (didn't bet)
Seat 7: gogikas1 folded before Flop (didn't bet)



PokerStars Hand #251450875050: Tournament #3775177211, $1.40+$0.10 USD Hold'em No Limit - Level X (500/1000) - 2024/07/12 15:34:44 CET [2024/07/12 9:34:44 ET]
Table '3775177211 4' 8-max Seat #3 is the button
Seat 1: drimbar (14427 in chips) 
Seat 2: Mahu2021 (34490 in chips) 
Seat 3: damienspence (30446 in chips) 
Seat 5: jbthejoy (10970 in chips) 
Seat 6: Lemahary (81970 in chips) 
Seat 7: gogikas1 (48060 in chips) 
drimbar: posts the ante 100
Mahu2021: posts the ante 100
damienspence: posts the ante 100
jbthejoy: posts the ante 100
Lemahary: posts the ante 100
gogikas1: posts the ante 100
jbthejoy: posts small blind 500
Lemahary: posts big blind 1000
*** HOLE CARDS ***
Dealt to Mahu2021 [3s 4s]
gogikas1: raises 1000 to 2000
drimbar: folds 
Mahu2021: folds 
damienspence: calls 2000
jbthejoy: folds 
Lemahary: folds 
*** FLOP *** [Ks 8d 9d]
gogikas1: checks 
damienspence: bets 3050
gogikas1: calls 3050
*** TURN *** [Ks 8d 9d] [Kd]
gogikas1: checks 
damienspence: bets 6100
gogikas1: folds 
Uncalled bet (6100) returned to damienspence
damienspence collected 12200 from pot
damienspence: doesn't show hand 
*** SUMMARY ***
Total pot 12200 | Rake 0 
Board [Ks 8d 9d Kd]
Seat 1: drimbar folded before Flop (didn't bet)
Seat 2: Mahu2021 folded before Flop (didn't bet)
Seat 3: damienspence (button) collected (12200)
Seat 5: jbthejoy (small blind) folded before Flop
Seat 6: Lemahary (big blind) folded before Flop
Seat 7: gogikas1 folded on the Turn



PokerStars Hand #251450882353: Tournament #3775177211, $1.40+$0.10 USD Hold'em No Limit - Level XI (600/1200) - 2024/07/12 15:35:26 CET [2024/07/12 9:35:26 ET]
Table '3775177211 4' 8-max Seat #5 is the button
Seat 1: drimbar (14327 in chips) 
Seat 2: Mahu2021 (34390 in chips) 
Seat 3: damienspence (37496 in chips) 
Seat 4: steviej88 (18735 in chips) 
Seat 5: jbthejoy (10370 in chips) 
Seat 6: Lemahary (80870 in chips) 
Seat 7: gogikas1 (42910 in chips) 
Seat 8: skripy (37950 in chips) 
drimbar: posts the ante 120
Mahu2021: posts the ante 120
damienspence: posts the ante 120
steviej88: posts the ante 120
jbthejoy: posts the ante 120
Lemahary: posts the ante 120
gogikas1: posts the ante 120
skripy: posts the ante 120
Lemahary: posts small blind 600
gogikas1: posts big blind 1200
*** HOLE CARDS ***
Dealt to Mahu2021 [Ts Ks]
skripy: folds 
drimbar: folds 
Mahu2021: raises 1200 to 2400
damienspence has timed out
damienspence: folds 
damienspence is sitting out
steviej88: folds 
jbthejoy: folds 
Lemahary: folds 
gogikas1: calls 1200
*** FLOP *** [2c 5h 4s]
gogikas1: checks 
Mahu2021: checks 
*** TURN *** [2c 5h 4s] [6s]
gogikas1: checks 
Mahu2021: bets 6360
gogikas1: folds 
Uncalled bet (6360) returned to Mahu2021
Mahu2021 collected 6360 from pot
Mahu2021: doesn't show hand 
*** SUMMARY ***
Total pot 6360 | Rake 0 
Board [2c 5h 4s 6s]
Seat 1: drimbar folded before Flop (didn't bet)
Seat 2: Mahu2021 collected (6360)
Seat 3: damienspence folded before Flop (didn't bet)
Seat 4: steviej88 folded before Flop (didn't bet)
Seat 5: jbthejoy (button) folded before Flop (didn't bet)
Seat 6: Lemahary (small blind) folded before Flop
Seat 7: gogikas1 (big blind) folded on the Turn
Seat 8: skripy folded before Flop (didn't bet)



PokerStars Hand #251450889079: Tournament #3775177211, $1.40+$0.10 USD Hold'em No Limit - Level XI (600/1200) - 2024/07/12 15:36:04 CET [2024/07/12 9:36:04 ET]
Table '3775177211 4' 8-max Seat #6 is the button
Seat 1: drimbar (14207 in chips) 
Seat 2: Mahu2021 (38230 in chips) 
Seat 3: damienspence (37376 in chips) is sitting out
Seat 4: steviej88 (18615 in chips) 
Seat 5: jbthejoy (10250 in chips) 
Seat 6: Lemahary (80150 in chips) 
Seat 7: gogikas1 (40390 in chips) 
Seat 8: skripy (37830 in chips) 
drimbar: posts the ante 120
Mahu2021: posts the ante 120
damienspence: posts the ante 120
steviej88: posts the ante 120
jbthejoy: posts the ante 120
Lemahary: posts the ante 120
gogikas1: posts the ante 120
skripy: posts the ante 120
gogikas1: posts small blind 600
skripy: posts big blind 1200
*** HOLE CARDS ***
Dealt to Mahu2021 [Js Ac]
drimbar: folds 
Mahu2021: calls 1200
damienspence: folds 
steviej88: folds 
jbthejoy: calls 1200
Lemahary: folds 
gogikas1: calls 600
skripy: checks 
*** FLOP *** [As 7c Jd]
gogikas1: checks 
skripy: checks 
Mahu2021: bets 1200
jbthejoy: folds 
gogikas1: calls 1200
skripy: folds 
*** TURN *** [As 7c Jd] [8d]
gogikas1: checks 
Mahu2021: bets 1200
gogikas1: raises 5280 to 6480
Mahu2021: raises 29230 to 35710 and is all-in
gogikas1: calls 29230
*** RIVER *** [As 7c Jd 8d] [9h]
*** SHOW DOWN ***
gogikas1: shows [Ad 8c] (two pair, Aces and Eights)
Mahu2021: shows [Js Ac] (two pair, Aces and Jacks)
Mahu2021 collected 79580 from pot
*** SUMMARY ***
Total pot 79580 | Rake 0 
Board [As 7c Jd 8d 9h]
Seat 1: drimbar folded before Flop (didn't bet)
Seat 2: Mahu2021 showed [Js Ac] and won (79580) with two pair, Aces and Jacks
Seat 3: damienspence folded before Flop (didn't bet)
Seat 4: steviej88 folded before Flop (didn't bet)
Seat 5: jbthejoy folded on the Flop
Seat 6: Lemahary (button) folded before Flop (didn't bet)
Seat 7: gogikas1 (small blind) showed [Ad 8c] and lost with two pair, Aces and Eights
Seat 8: skripy (big blind) folded on the Flop



PokerStars Hand #251450896945: Tournament #3775177211, $1.40+$0.10 USD Hold'em No Limit - Level XI (600/1200) - 2024/07/12 15:36:49 CET [2024/07/12 9:36:49 ET]
Table '3775177211 4' 8-max Seat #7 is the button
Seat 1: drimbar (14087 in chips) 
Seat 2: Mahu2021 (79580 in chips) 
Seat 3: damienspence (37256 in chips) is sitting out
Seat 4: steviej88 (18495 in chips) 
Seat 5: jbthejoy (8930 in chips) 
Seat 6: Lemahary (80030 in chips) 
Seat 7: gogikas1 (2160 in chips) 
Seat 8: skripy (36510 in chips) 
drimbar: posts the ante 120
Mahu2021: posts the ante 120
damienspence: posts the ante 120
steviej88: posts the ante 120
jbthejoy: posts the ante 120
Lemahary: posts the ante 120
gogikas1: posts the ante 120
skripy: posts the ante 120
skripy: posts small blind 600
drimbar: posts big blind 1200
*** HOLE CARDS ***
Dealt to Mahu2021 [7s 9d]
Mahu2021: folds 
damienspence: folds 
steviej88: folds 
jbthejoy: folds 
Lemahary: folds 
damienspence has returned
gogikas1: raises 840 to 2040 and is all-in
skripy: folds 
drimbar: calls 840
*** FLOP *** [Jc 4d 7d]
*** TURN *** [Jc 4d 7d] [3d]
*** RIVER *** [Jc 4d 7d 3d] [Td]
*** SHOW DOWN ***
drimbar: shows [5h 4h] (a pair of Fours)
gogikas1: shows [6c 9c] (high card Jack)
drimbar collected 5640 from pot
gogikas1 finished the tournament in 97th place
*** SUMMARY ***
Total pot 5640 | Rake 0 
Board [Jc 4d 7d 3d Td]
Seat 1: drimbar (big blind) showed [5h 4h] and won (5640) with a pair of Fours
Seat 2: Mahu2021 folded before Flop (didn't bet)
Seat 3: damienspence folded before Flop (didn't bet)
Seat 4: steviej88 folded before Flop (didn't bet)
Seat 5: jbthejoy folded before Flop (didn't bet)
Seat 6: Lemahary folded before Flop (didn't bet)
Seat 7: gogikas1 (button) showed [6c 9c] and lost with high card Jack
Seat 8: skripy (small blind) folded before Flop



PokerStars Hand #251450907197: Tournament #3775177211, $1.40+$0.10 USD Hold'em No Limit - Level XI (600/1200) - 2024/07/12 15:37:48 CET [2024/07/12 9:37:48 ET]
Table '3775177211 14' 8-max Seat #7 is the button
Seat 1: Mahu2021 (79460 in chips) 
Seat 2: patriot424 (11690 in chips) 
Seat 3: Pirineni (12290 in chips) 
Seat 4: Will30544 (15490 in chips) 
Seat 6: Avskum2010 (7540 in chips) 
Seat 7: drosais71 (48730 in chips) 
Seat 8: fwlan (8955 in chips) 
Mahu2021: posts the ante 120
patriot424: posts the ante 120
Pirineni: posts the ante 120
Will30544: posts the ante 120
Avskum2010: posts the ante 120
drosais71: posts the ante 120
fwlan: posts the ante 120
fwlan: posts small blind 600
Mahu2021: posts big blind 1200
*** HOLE CARDS ***
Dealt to Mahu2021 [9c 3d]
patriot424: folds 
Pirineni: folds 
Will30544: folds 
Avskum2010: folds 
drosais71: folds 
fwlan: raises 7635 to 8835 and is all-in
Mahu2021: folds 
Uncalled bet (7635) returned to fwlan
fwlan collected 3240 from pot
fwlan: doesn't show hand 
*** SUMMARY ***
Total pot 3240 | Rake 0 
Seat 1: Mahu2021 (big blind) folded before Flop
Seat 2: patriot424 folded before Flop (didn't bet)
Seat 3: Pirineni folded before Flop (didn't bet)
Seat 4: Will30544 folded before Flop (didn't bet)
Seat 6: Avskum2010 folded before Flop (didn't bet)
Seat 7: drosais71 (button) folded before Flop (didn't bet)
Seat 8: fwlan (small blind) collected (3240)



PokerStars Hand #251450909572: Tournament #3775177211, $1.40+$0.10 USD Hold'em No Limit - Level XI (600/1200) - 2024/07/12 15:38:02 CET [2024/07/12 9:38:02 ET]
Table '3775177211 14' 8-max Seat #8 is the button
Seat 1: Mahu2021 (78140 in chips) 
Seat 2: patriot424 (11570 in chips) 
Seat 3: Pirineni (12170 in chips) 
Seat 4: Will30544 (15370 in chips) 
Seat 6: Avskum2010 (7420 in chips) 
Seat 7: drosais71 (48610 in chips) 
Seat 8: fwlan (10875 in chips) 
Mahu2021: posts the ante 120
patriot424: posts the ante 120
Pirineni: posts the ante 120
Will30544: posts the ante 120
Avskum2010: posts the ante 120
drosais71: posts the ante 120
fwlan: posts the ante 120
Mahu2021: posts small blind 600
patriot424: posts big blind 1200
*** HOLE CARDS ***
Dealt to Mahu2021 [6d 2c]
Pirineni: raises 1800 to 3000
Will30544: folds 
Avskum2010: raises 4300 to 7300 and is all-in
drosais71: folds 
fwlan: folds 
Mahu2021: folds 
patriot424: folds 
Pirineni: calls 4300
*** FLOP *** [6s 9d Ad]
*** TURN *** [6s 9d Ad] [5d]
*** RIVER *** [6s 9d Ad 5d] [Ts]
*** SHOW DOWN ***
Pirineni: shows [Kh Ks] (a pair of Kings)
Avskum2010: shows [9s Ac] (two pair, Aces and Nines)
Avskum2010 collected 17240 from pot
*** SUMMARY ***
Total pot 17240 | Rake 0 
Board [6s 9d Ad 5d Ts]
Seat 1: Mahu2021 (small blind) folded before Flop
Seat 2: patriot424 (big blind) folded before Flop
Seat 3: Pirineni showed [Kh Ks] and lost with a pair of Kings
Seat 4: Will30544 folded before Flop (didn't bet)
Seat 6: Avskum2010 showed [9s Ac] and won (17240) with two pair, Aces and Nines
Seat 7: drosais71 folded before Flop (didn't bet)
Seat 8: fwlan (button) folded before Flop (didn't bet)



PokerStars Hand #251450914143: Tournament #3775177211, $1.40+$0.10 USD Hold'em No Limit - Level XII (800/1600) - 2024/07/12 15:38:28 CET [2024/07/12 9:38:28 ET]
Table '3775177211 14' 8-max Seat #1 is the button
Seat 1: Mahu2021 (77420 in chips) 
Seat 2: patriot424 (10250 in chips) 
Seat 3: Pirineni (4750 in chips) 
Seat 4: Will30544 (15250 in chips) 
Seat 6: Avskum2010 (17240 in chips) 
Seat 7: drosais71 (48490 in chips) 
Seat 8: fwlan (10755 in chips) 
Mahu2021: posts the ante 160
patriot424: posts the ante 160
Pirineni: posts the ante 160
Will30544: posts the ante 160
Avskum2010: posts the ante 160
drosais71: posts the ante 160
fwlan: posts the ante 160
patriot424: posts small blind 800
Pirineni: posts big blind 1600
*** HOLE CARDS ***
Dealt to Mahu2021 [7d 9c]
Will30544: folds 
Avskum2010: folds 
drosais71: folds 
fwlan: folds 
Mahu2021: folds 
patriot424: raises 3200 to 4800
Pirineni: calls 2990 and is all-in
Uncalled bet (210) returned to patriot424
*** FLOP *** [3s Ks Kc]
*** TURN *** [3s Ks Kc] [Th]
*** RIVER *** [3s Ks Kc Th] [8d]
*** SHOW DOWN ***
patriot424: shows [9h 4c] (a pair of Kings)
Pirineni: shows [Qs 8s] (two pair, Kings and Eights)
Pirineni collected 10300 from pot
*** SUMMARY ***
Total pot 10300 | Rake 0 
Board [3s Ks Kc Th 8d]
Seat 1: Mahu2021 (button) folded before Flop (didn't bet)
Seat 2: patriot424 (small blind) showed [9h 4c] and lost with a pair of Kings
Seat 3: Pirineni (big blind) showed [Qs 8s] and won (10300) with two pair, Kings and Eights
Seat 4: Will30544 folded before Flop (didn't bet)
Seat 6: Avskum2010 folded before Flop (didn't bet)
Seat 7: drosais71 folded before Flop (didn't bet)
Seat 8: fwlan folded before Flop (didn't bet)



PokerStars Hand #251450918822: Tournament #3775177211, $1.40+$0.10 USD Hold'em No Limit - Level XII (800/1600) - 2024/07/12 15:38:54 CET [2024/07/12 9:38:54 ET]
Table '3775177211 14' 8-max Seat #2 is the button
Seat 1: Mahu2021 (77260 in chips) 
Seat 2: patriot424 (5500 in chips) 
Seat 3: Pirineni (10300 in chips) 
Seat 4: Will30544 (15090 in chips) 
Seat 5: stubbs24133 (49833 in chips) 
Seat 6: Avskum2010 (17080 in chips) 
Seat 7: drosais71 (48330 in chips) 
Seat 8: fwlan (10595 in chips) 
Mahu2021: posts the ante 160
patriot424: posts the ante 160
Pirineni: posts the ante 160
Will30544: posts the ante 160
stubbs24133: posts the ante 160
Avskum2010: posts the ante 160
drosais71: posts the ante 160
fwlan: posts the ante 160
Pirineni: posts small blind 800
Will30544: posts big blind 1600
*** HOLE CARDS ***
Dealt to Mahu2021 [4h 3s]
stubbs24133: folds 
Avskum2010: folds 
drosais71: folds 
fwlan: folds 
Mahu2021: folds 
patriot424: raises 3740 to 5340 and is all-in
Pirineni: raises 4800 to 10140 and is all-in
Will30544: folds 
Uncalled bet (4800) returned to Pirineni
*** FLOP *** [Ah 7d Qh]
*** TURN *** [Ah 7d Qh] [Ad]
*** RIVER *** [Ah 7d Qh Ad] [6d]
*** SHOW DOWN ***
Pirineni: shows [2c Ac] (three of a kind, Aces)
patriot424: shows [8d Jd] (a flush, Ace high)
patriot424 collected 13560 from pot
*** SUMMARY ***
Total pot 13560 | Rake 0 
Board [Ah 7d Qh Ad 6d]
Seat 1: Mahu2021 folded before Flop (didn't bet)
Seat 2: patriot424 (button) showed [8d Jd] and won (13560) with a flush, Ace high
Seat 3: Pirineni (small blind) showed [2c Ac] and lost with three of a kind, Aces
Seat 4: Will30544 (big blind) folded before Flop
Seat 5: stubbs24133 folded before Flop (didn't bet)
Seat 6: Avskum2010 folded before Flop (didn't bet)
Seat 7: drosais71 folded before Flop (didn't bet)
Seat 8: fwlan folded before Flop (didn't bet)



PokerStars Hand #251450923440: Tournament #3775177211, $1.40+$0.10 USD Hold'em No Limit - Level XII (800/1600) - 2024/07/12 15:39:21 CET [2024/07/12 9:39:21 ET]
Table '3775177211 14' 8-max Seat #3 is the button
Seat 1: Mahu2021 (77100 in chips) 
Seat 2: patriot424 (13560 in chips) 
Seat 3: Pirineni (4800 in chips) 
Seat 4: Will30544 (13330 in chips) 
Seat 5: stubbs24133 (49673 in chips) 
Seat 6: Avskum2010 (16920 in chips) 
Seat 7: drosais71 (48170 in chips) 
Seat 8: fwlan (10435 in chips) 
Mahu2021: posts the ante 160
patriot424: posts the ante 160
Pirineni: posts the ante 160
Will30544: posts the ante 160
stubbs24133: posts the ante 160
Avskum2010: posts the ante 160
drosais71: posts the ante 160
fwlan: posts the ante 160
Will30544: posts small blind 800
stubbs24133: posts big blind 1600
*** HOLE CARDS ***
Dealt to Mahu2021 [9c Jh]
Avskum2010: folds 
drosais71: calls 1600
fwlan: folds 
Mahu2021: folds 
patriot424: raises 11800 to 13400 and is all-in
Pirineni: calls 4640 and is all-in
Will30544: folds 
stubbs24133: calls 11800
drosais71: folds 
*** FLOP *** [Ac Js Qd]
*** TURN *** [Ac Js Qd] [4h]
*** RIVER *** [Ac Js Qd 4h] [3c]
*** SHOW DOWN ***
stubbs24133: shows [Ad Th] (a pair of Aces)
patriot424: shows [Jd Kh] (a pair of Jacks)
stubbs24133 collected 17520 from side pot
Pirineni: shows [8c 6c] (high card Ace)
stubbs24133 collected 17600 from main pot
patriot424 finished the tournament in 85th place
Pirineni finished the tournament in 86th place
*** SUMMARY ***
Total pot 35120 Main pot 17600. Side pot 17520. | Rake 0 
Board [Ac Js Qd 4h 3c]
Seat 1: Mahu2021 folded before Flop (didn't bet)
Seat 2: patriot424 showed [Jd Kh] and lost with a pair of Jacks
Seat 3: Pirineni (button) showed [8c 6c] and lost with high card Ace
Seat 4: Will30544 (small blind) folded before Flop
Seat 5: stubbs24133 (big blind) showed [Ad Th] and won (35120) with a pair of Aces
Seat 6: Avskum2010 folded before Flop (didn't bet)
Seat 7: drosais71 folded before Flop
Seat 8: fwlan folded before Flop (didn't bet)



PokerStars Hand #251450931074: Tournament #3775177211, $1.40+$0.10 USD Hold'em No Limit - Level XII (800/1600) - 2024/07/12 15:40:03 CET [2024/07/12 9:40:03 ET]
Table '3775177211 14' 8-max Seat #4 is the button
Seat 1: Mahu2021 (76940 in chips) 
Seat 3: chtai_casser (14109 in chips) 
Seat 4: Will30544 (12370 in chips) 
Seat 5: stubbs24133 (71233 in chips) 
Seat 6: Avskum2010 (16760 in chips) 
Seat 7: drosais71 (46410 in chips) 
Seat 8: fwlan (10275 in chips) 
Mahu2021: posts the ante 160
chtai_casser: posts the ante 160
Will30544: posts the ante 160
stubbs24133: posts the ante 160
Avskum2010: posts the ante 160
drosais71: posts the ante 160
fwlan: posts the ante 160
stubbs24133: posts small blind 800
Avskum2010: posts big blind 1600
*** HOLE CARDS ***
Dealt to Mahu2021 [2c 7h]
drosais71: folds 
fwlan: folds 
Mahu2021: folds 
chtai_casser: raises 12349 to 13949 and is all-in
Will30544: folds 
stubbs24133: folds 
Avskum2010: folds 
Uncalled bet (12349) returned to chtai_casser
chtai_casser collected 5120 from pot
*** SUMMARY ***
Total pot 5120 | Rake 0 
Seat 1: Mahu2021 folded before Flop (didn't bet)
Seat 3: chtai_casser collected (5120)
Seat 4: Will30544 (button) folded before Flop (didn't bet)
Seat 5: stubbs24133 (small blind) folded before Flop
Seat 6: Avskum2010 (big blind) folded before Flop
Seat 7: drosais71 folded before Flop (didn't bet)
Seat 8: fwlan folded before Flop (didn't bet)



PokerStars Hand #251450933765: Tournament #3775177211, $1.40+$0.10 USD Hold'em No Limit - Level XII (800/1600) - 2024/07/12 15:40:19 CET [2024/07/12 9:40:19 ET]
Table '3775177211 14' 8-max Seat #5 is the button
Seat 1: Mahu2021 (76780 in chips) 
Seat 3: chtai_casser (17469 in chips) 
Seat 4: Will30544 (12210 in chips) 
Seat 5: stubbs24133 (70273 in chips) 
Seat 6: Avskum2010 (15000 in chips) 
Seat 7: drosais71 (46250 in chips) 
Seat 8: fwlan (10115 in chips) 
Mahu2021: posts the ante 160
chtai_casser: posts the ante 160
Will30544: posts the ante 160
stubbs24133: posts the ante 160
Avskum2010: posts the ante 160
drosais71: posts the ante 160
fwlan: posts the ante 160
Avskum2010: posts small blind 800
drosais71: posts big blind 1600
*** HOLE CARDS ***
Dealt to Mahu2021 [Qd 9h]
fwlan: folds 
Mahu2021: folds 
chtai_casser: folds 
gpossebom is disconnected 
Will30544: raises 10450 to 12050 and is all-in
stubbs24133: folds 
Avskum2010: folds 
drosais71: calls 10450
*** FLOP *** [Jh 2c As]
*** TURN *** [Jh 2c As] [9d]
*** RIVER *** [Jh 2c As 9d] [Kh]
*** SHOW DOWN ***
drosais71: shows [Jc Ac] (two pair, Aces and Jacks)
Will30544: shows [3h 3s] (a pair of Threes)
drosais71 collected 26020 from pot
Will30544 finished the tournament in 79th place
*** SUMMARY ***
Total pot 26020 | Rake 0 
Board [Jh 2c As 9d Kh]
Seat 1: Mahu2021 folded before Flop (didn't bet)
Seat 3: chtai_casser folded before Flop (didn't bet)
Seat 4: Will30544 showed [3h 3s] and lost with a pair of Threes
Seat 5: stubbs24133 (button) folded before Flop (didn't bet)
Seat 6: Avskum2010 (small blind) folded before Flop
Seat 7: drosais71 (big blind) showed [Jc Ac] and won (26020) with two pair, Aces and Jacks
Seat 8: fwlan folded before Flop (didn't bet)



PokerStars Hand #251450938143: Tournament #3775177211, $1.40+$0.10 USD Hold'em No Limit - Level XII (800/1600) - 2024/07/12 15:40:44 CET [2024/07/12 9:40:44 ET]
Table '3775177211 14' 8-max Seat #6 is the button
Seat 1: Mahu2021 (76620 in chips) 
Seat 2: gpossebom (16120 in chips) 
Seat 3: chtai_casser (17309 in chips) 
Seat 5: stubbs24133 (70113 in chips) 
Seat 6: Avskum2010 (14040 in chips) 
Seat 7: drosais71 (60060 in chips) 
Seat 8: fwlan (9955 in chips) 
Mahu2021: posts the ante 160
gpossebom: posts the ante 160
chtai_casser: posts the ante 160
stubbs24133: posts the ante 160
Avskum2010: posts the ante 160
drosais71: posts the ante 160
fwlan: posts the ante 160
drosais71: posts small blind 800
fwlan: posts big blind 1600
*** HOLE CARDS ***
Dealt to Mahu2021 [As 3d]
Mahu2021: folds 
gpossebom: folds 
chtai_casser: folds 
stubbs24133 has timed out
stubbs24133: folds 
stubbs24133 is sitting out
Avskum2010: folds 
drosais71: calls 800
fwlan: checks 
*** FLOP *** [4d Qs 7d]
drosais71: checks 
fwlan: checks 
*** TURN *** [4d Qs 7d] [Jd]
drosais71: bets 1600
stubbs24133 has returned
fwlan: folds 
Uncalled bet (1600) returned to drosais71
drosais71 collected 4320 from pot
drosais71: doesn't show hand 
*** SUMMARY ***
Total pot 4320 | Rake 0 
Board [4d Qs 7d Jd]
Seat 1: Mahu2021 folded before Flop (didn't bet)
Seat 2: gpossebom folded before Flop (didn't bet)
Seat 3: chtai_casser folded before Flop (didn't bet)
Seat 5: stubbs24133 folded before Flop (didn't bet)
Seat 6: Avskum2010 (button) folded before Flop (didn't bet)
Seat 7: drosais71 (small blind) collected (4320)
Seat 8: fwlan (big blind) folded on the Turn



PokerStars Hand #251450946035: Tournament #3775177211, $1.40+$0.10 USD Hold'em No Limit - Level XIII (1000/2000) - 2024/07/12 15:41:28 CET [2024/07/12 9:41:28 ET]
Table '3775177211 14' 8-max Seat #7 is the button
Seat 1: Mahu2021 (76460 in chips) 
Seat 2: gpossebom (15960 in chips) 
Seat 3: chtai_casser (17149 in chips) 
Seat 5: stubbs24133 (69953 in chips) 
Seat 6: Avskum2010 (13880 in chips) 
Seat 7: drosais71 (62620 in chips) 
Seat 8: fwlan (8195 in chips) 
Mahu2021: posts the ante 200
gpossebom: posts the ante 200
chtai_casser: posts the ante 200
stubbs24133: posts the ante 200
Avskum2010: posts the ante 200
drosais71: posts the ante 200
fwlan: posts the ante 200
fwlan: posts small blind 1000
Mahu2021: posts big blind 2000
*** HOLE CARDS ***
Dealt to Mahu2021 [5c 8d]
gpossebom: folds 
chtai_casser: raises 14949 to 16949 and is all-in
stubbs24133: folds 
Avskum2010: folds 
drosais71: folds 
fwlan: calls 6995 and is all-in
Mahu2021: folds 
Uncalled bet (8954) returned to chtai_casser
*** FLOP *** [9d Jh 2h]
*** TURN *** [9d Jh 2h] [4h]
*** RIVER *** [9d Jh 2h 4h] [Ad]
*** SHOW DOWN ***
fwlan: shows [Ac 7h] (a pair of Aces)
chtai_casser: shows [2d Ah] (two pair, Aces and Deuces)
chtai_casser collected 19390 from pot
fwlan finished the tournament in 76th place
*** SUMMARY ***
Total pot 19390 | Rake 0 
Board [9d Jh 2h 4h Ad]
Seat 1: Mahu2021 (big blind) folded before Flop
Seat 2: gpossebom folded before Flop (didn't bet)
Seat 3: chtai_casser showed [2d Ah] and won (19390) with two pair, Aces and Deuces
Seat 5: stubbs24133 folded before Flop (didn't bet)
Seat 6: Avskum2010 folded before Flop (didn't bet)
Seat 7: drosais71 (button) folded before Flop (didn't bet)
Seat 8: fwlan (small blind) showed [Ac 7h] and lost with a pair of Aces



PokerStars Hand #251450949697: Tournament #3775177211, $1.40+$0.10 USD Hold'em No Limit - Level XIII (1000/2000) - 2024/07/12 15:41:49 CET [2024/07/12 9:41:49 ET]
Table '3775177211 14' 8-max Seat #1 is the button
Seat 1: Mahu2021 (74260 in chips) 
Seat 2: gpossebom (15760 in chips) 
Seat 3: chtai_casser (28344 in chips) 
Seat 5: stubbs24133 (69753 in chips) 
Seat 6: Avskum2010 (13680 in chips) 
Seat 7: drosais71 (62420 in chips) 
Mahu2021: posts the ante 200
gpossebom: posts the ante 200
chtai_casser: posts the ante 200
stubbs24133: posts the ante 200
Avskum2010: posts the ante 200
drosais71: posts the ante 200
gpossebom: posts small blind 1000
chtai_casser: posts big blind 2000
*** HOLE CARDS ***
Dealt to Mahu2021 [8h Qs]
stubbs24133: folds 
Avskum2010: folds 
drosais71: folds 
Mahu2021: folds 
gpossebom: folds 
Uncalled bet (1000) returned to chtai_casser
chtai_casser collected 3200 from pot
*** SUMMARY ***
Total pot 3200 | Rake 0 
Seat 1: Mahu2021 (button) folded before Flop (didn't bet)
Seat 2: gpossebom (small blind) folded before Flop
Seat 3: chtai_casser (big blind) collected (3200)
Seat 5: stubbs24133 folded before Flop (didn't bet)
Seat 6: Avskum2010 folded before Flop (didn't bet)
Seat 7: drosais71 folded before Flop (didn't bet)



PokerStars Hand #251450951340: Tournament #3775177211, $1.40+$0.10 USD Hold'em No Limit - Level XIII (1000/2000) - 2024/07/12 15:41:57 CET [2024/07/12 9:41:57 ET]
Table '3775177211 14' 8-max Seat #2 is the button
Seat 1: Mahu2021 (74060 in chips) 
Seat 2: gpossebom (14560 in chips) 
Seat 3: chtai_casser (30344 in chips) 
Seat 4: JARVOGJ (14390 in chips) 
Seat 5: stubbs24133 (69553 in chips) 
Seat 6: Avskum2010 (13480 in chips) 
Seat 7: drosais71 (62220 in chips) 
Mahu2021: posts the ante 200
gpossebom: posts the ante 200
chtai_casser: posts the ante 200
JARVOGJ: posts the ante 200
stubbs24133: posts the ante 200
Avskum2010: posts the ante 200
drosais71: posts the ante 200
chtai_casser: posts small blind 1000
JARVOGJ: posts big blind 2000
*** HOLE CARDS ***
Dealt to Mahu2021 [3c 9c]
stubbs24133: calls 2000
Avskum2010: raises 11280 to 13280 and is all-in
drosais71: folds 
Mahu2021: folds 
gpossebom: folds 
chtai_casser: folds 
JARVOGJ: folds 
stubbs24133: calls 11280
*** FLOP *** [6h 7h 8s]
*** TURN *** [6h 7h 8s] [9s]
*** RIVER *** [6h 7h 8s 9s] [Qc]
*** SHOW DOWN ***
stubbs24133: shows [Jc Kh] (high card King)
Avskum2010: shows [Th Td] (a straight, Six to Ten)
Avskum2010 collected 30960 from pot
*** SUMMARY ***
Total pot 30960 | Rake 0 
Board [6h 7h 8s 9s Qc]
Seat 1: Mahu2021 folded before Flop (didn't bet)
Seat 2: gpossebom (button) folded before Flop (didn't bet)
Seat 3: chtai_casser (small blind) folded before Flop
Seat 4: JARVOGJ (big blind) folded before Flop
Seat 5: stubbs24133 showed [Jc Kh] and lost with high card King
Seat 6: Avskum2010 showed [Th Td] and won (30960) with a straight, Six to Ten
Seat 7: drosais71 folded before Flop (didn't bet)



PokerStars Hand #251450955891: Tournament #3775177211, $1.40+$0.10 USD Hold'em No Limit - Level XIII (1000/2000) - 2024/07/12 15:42:24 CET [2024/07/12 9:42:24 ET]
Table '3775177211 14' 8-max Seat #3 is the button
Seat 1: Mahu2021 (73860 in chips) 
Seat 2: gpossebom (14360 in chips) 
Seat 3: chtai_casser (29144 in chips) 
Seat 4: JARVOGJ (12190 in chips) 
Seat 5: stubbs24133 (56073 in chips) 
Seat 6: Avskum2010 (30960 in chips) 
Seat 7: drosais71 (62020 in chips) 
Mahu2021: posts the ante 200
gpossebom: posts the ante 200
chtai_casser: posts the ante 200
JARVOGJ: posts the ante 200
stubbs24133: posts the ante 200
Avskum2010: posts the ante 200
drosais71: posts the ante 200
JARVOGJ: posts small blind 1000
stubbs24133: posts big blind 2000
*** HOLE CARDS ***
Dealt to Mahu2021 [Td Jd]
Avskum2010: folds 
galiway777 is disconnected 
drosais71: folds 
Mahu2021: raises 2000 to 4000
gpossebom: folds 
chtai_casser: folds 
JARVOGJ: raises 7990 to 11990 and is all-in
stubbs24133: folds 
Mahu2021: calls 7990
*** FLOP *** [Qh 4h 6h]
*** TURN *** [Qh 4h 6h] [Jh]
*** RIVER *** [Qh 4h 6h Jh] [8s]
*** SHOW DOWN ***
JARVOGJ: shows [As Qs] (a pair of Queens)
Mahu2021: shows [Td Jd] (a pair of Jacks)
JARVOGJ collected 27380 from pot
*** SUMMARY ***
Total pot 27380 | Rake 0 
Board [Qh 4h 6h Jh 8s]
Seat 1: Mahu2021 showed [Td Jd] and lost with a pair of Jacks
Seat 2: gpossebom folded before Flop (didn't bet)
Seat 3: chtai_casser (button) folded before Flop (didn't bet)
Seat 4: JARVOGJ (small blind) showed [As Qs] and won (27380) with a pair of Queens
Seat 5: stubbs24133 (big blind) folded before Flop
Seat 6: Avskum2010 folded before Flop (didn't bet)
Seat 7: drosais71 folded before Flop (didn't bet)



PokerStars Hand #251450960415: Tournament #3775177211, $1.40+$0.10 USD Hold'em No Limit - Level XIII (1000/2000) - 2024/07/12 15:42:49 CET [2024/07/12 9:42:49 ET]
Table '3775177211 14' 8-max Seat #4 is the button
Seat 1: Mahu2021 (61670 in chips) 
Seat 2: gpossebom (14160 in chips) 
Seat 3: chtai_casser (28944 in chips) 
Seat 4: JARVOGJ (27380 in chips) 
Seat 5: stubbs24133 (53873 in chips) 
Seat 6: Avskum2010 (30760 in chips) 
Seat 7: drosais71 (61820 in chips) 
Seat 8: galiway777 (16570 in chips) 
Mahu2021: posts the ante 200
gpossebom: posts the ante 200
chtai_casser: posts the ante 200
JARVOGJ: posts the ante 200
stubbs24133: posts the ante 200
Avskum2010: posts the ante 200
drosais71: posts the ante 200
galiway777: posts the ante 200
stubbs24133: posts small blind 1000
Avskum2010: posts big blind 2000
*** HOLE CARDS ***
Dealt to Mahu2021 [3d Kd]
drosais71: folds 
galiway777: folds 
Mahu2021: folds 
gpossebom: folds 
chtai_casser: folds 
JARVOGJ: folds 
stubbs24133: folds 
Uncalled bet (1000) returned to Avskum2010
Avskum2010 collected 3600 from pot
Avskum2010: doesn't show hand 
*** SUMMARY ***
Total pot 3600 | Rake 0 
Seat 1: Mahu2021 folded before Flop (didn't bet)
Seat 2: gpossebom folded before Flop (didn't bet)
Seat 3: chtai_casser folded before Flop (didn't bet)
Seat 4: JARVOGJ (button) folded before Flop (didn't bet)
Seat 5: stubbs24133 (small blind) folded before Flop
Seat 6: Avskum2010 (big blind) collected (3600)
Seat 7: drosais71 folded before Flop (didn't bet)
Seat 8: galiway777 folded before Flop (didn't bet)



PokerStars Hand #251450961649: Tournament #3775177211, $1.40+$0.10 USD Hold'em No Limit - Level XIII (1000/2000) - 2024/07/12 15:42:56 CET [2024/07/12 9:42:56 ET]
Table '3775177211 14' 8-max Seat #5 is the button
Seat 1: Mahu2021 (61470 in chips) 
Seat 2: gpossebom (13960 in chips) 
Seat 3: chtai_casser (28744 in chips) 
Seat 4: JARVOGJ (27180 in chips) 
Seat 5: stubbs24133 (52673 in chips) 
Seat 6: Avskum2010 (33160 in chips) 
Seat 7: drosais71 (61620 in chips) 
Seat 8: galiway777 (16370 in chips) 
Mahu2021: posts the ante 200
gpossebom: posts the ante 200
chtai_casser: posts the ante 200
JARVOGJ: posts the ante 200
stubbs24133: posts the ante 200
Avskum2010: posts the ante 200
drosais71: posts the ante 200
galiway777: posts the ante 200
Avskum2010: posts small blind 1000
drosais71: posts big blind 2000
*** HOLE CARDS ***
Dealt to Mahu2021 [2c 6d]
galiway777: folds 
Mahu2021: folds 
gpossebom: folds 
chtai_casser: folds 
JARVOGJ: folds 
stubbs24133: folds 
Avskum2010: folds 
Uncalled bet (1000) returned to drosais71
drosais71 collected 3600 from pot
drosais71: doesn't show hand 
*** SUMMARY ***
Total pot 3600 | Rake 0 
Seat 1: Mahu2021 folded before Flop (didn't bet)
Seat 2: gpossebom folded before Flop (didn't bet)
Seat 3: chtai_casser folded before Flop (didn't bet)
Seat 4: JARVOGJ folded before Flop (didn't bet)
Seat 5: stubbs24133 (button) folded before Flop (didn't bet)
Seat 6: Avskum2010 (small blind) folded before Flop
Seat 7: drosais71 (big blind) collected (3600)
Seat 8: galiway777 folded before Flop (didn't bet)



PokerStars Hand #251450963536: Tournament #3775177211, $1.40+$0.10 USD Hold'em No Limit - Level XIII (1000/2000) - 2024/07/12 15:43:06 CET [2024/07/12 9:43:06 ET]
Table '3775177211 14' 8-max Seat #6 is the button
Seat 1: Mahu2021 (61270 in chips) 
Seat 2: gpossebom (13760 in chips) 
Seat 3: chtai_casser (28544 in chips) 
Seat 4: JARVOGJ (26980 in chips) 
Seat 5: stubbs24133 (52473 in chips) 
Seat 6: Avskum2010 (31960 in chips) 
Seat 7: drosais71 (64020 in chips) 
Seat 8: galiway777 (16170 in chips) 
Mahu2021: posts the ante 200
gpossebom: posts the ante 200
chtai_casser: posts the ante 200
JARVOGJ: posts the ante 200
stubbs24133: posts the ante 200
Avskum2010: posts the ante 200
drosais71: posts the ante 200
galiway777: posts the ante 200
drosais71: posts small blind 1000
galiway777: posts big blind 2000
*** HOLE CARDS ***
Dealt to Mahu2021 [Kc 4c]
Mahu2021: folds 
gpossebom: raises 11560 to 13560 and is all-in
chtai_casser: folds 
JARVOGJ: folds 
stubbs24133: folds 
Avskum2010: folds 
drosais71: calls 12560
galiway777: folds 
*** FLOP *** [Ad 6h Jh]
*** TURN *** [Ad 6h Jh] [9h]
*** RIVER *** [Ad 6h Jh 9h] [Td]
*** SHOW DOWN ***
drosais71: shows [3s 3c] (a pair of Threes)
gpossebom: shows [Tc Jc] (two pair, Jacks and Tens)
gpossebom collected 30720 from pot
*** SUMMARY ***
Total pot 30720 | Rake 0 
Board [Ad 6h Jh 9h Td]
Seat 1: Mahu2021 folded before Flop (didn't bet)
Seat 2: gpossebom showed [Tc Jc] and won (30720) with two pair, Jacks and Tens
Seat 3: chtai_casser folded before Flop (didn't bet)
Seat 4: JARVOGJ folded before Flop (didn't bet)
Seat 5: stubbs24133 folded before Flop (didn't bet)
Seat 6: Avskum2010 (button) folded before Flop (didn't bet)
Seat 7: drosais71 (small blind) showed [3s 3c] and lost with a pair of Threes
Seat 8: galiway777 (big blind) folded before Flop



PokerStars Hand #251450967276: Tournament #3775177211, $1.40+$0.10 USD Hold'em No Limit - Level XIII (1000/2000) - 2024/07/12 15:43:28 CET [2024/07/12 9:43:28 ET]
Table '3775177211 14' 8-max Seat #7 is the button
Seat 1: Mahu2021 (61070 in chips) 
Seat 2: gpossebom (30720 in chips) 
Seat 3: chtai_casser (28344 in chips) 
Seat 4: JARVOGJ (26780 in chips) 
Seat 5: stubbs24133 (52273 in chips) 
Seat 6: Avskum2010 (31760 in chips) 
Seat 7: drosais71 (50260 in chips) 
Seat 8: galiway777 (13970 in chips) 
Mahu2021: posts the ante 200
gpossebom: posts the ante 200
chtai_casser: posts the ante 200
JARVOGJ: posts the ante 200
stubbs24133: posts the ante 200
Avskum2010: posts the ante 200
drosais71: posts the ante 200
galiway777: posts the ante 200
galiway777: posts small blind 1000
Mahu2021: posts big blind 2000
*** HOLE CARDS ***
Dealt to Mahu2021 [6d Kc]
gpossebom: folds 
chtai_casser: folds 
JARVOGJ: folds 
stubbs24133: raises 2000 to 4000
Avskum2010: folds 
drosais71: folds 
galiway777: folds 
Mahu2021: calls 2000
*** FLOP *** [4h Js 3h]
Mahu2021: checks 
stubbs24133: checks 
*** TURN *** [4h Js 3h] [7d]
Mahu2021: checks 
stubbs24133: checks 
*** RIVER *** [4h Js 3h 7d] [6h]
Mahu2021: bets 2000
stubbs24133: folds 
Uncalled bet (2000) returned to Mahu2021
Mahu2021 collected 10600 from pot
Mahu2021: doesn't show hand 
*** SUMMARY ***
Total pot 10600 | Rake 0 
Board [4h Js 3h 7d 6h]
Seat 1: Mahu2021 (big blind) collected (10600)
Seat 2: gpossebom folded before Flop (didn't bet)
Seat 3: chtai_casser folded before Flop (didn't bet)
Seat 4: JARVOGJ folded before Flop (didn't bet)
Seat 5: stubbs24133 folded on the River
Seat 6: Avskum2010 folded before Flop (didn't bet)
Seat 7: drosais71 (button) folded before Flop (didn't bet)
Seat 8: galiway777 (small blind) folded before Flop



PokerStars Hand #251450971158: Tournament #3775177211, $1.40+$0.10 USD Hold'em No Limit - Level XIII (1000/2000) - 2024/07/12 15:43:49 CET [2024/07/12 9:43:49 ET]
Table '3775177211 14' 8-max Seat #8 is the button
Seat 1: Mahu2021 (67470 in chips) 
Seat 2: gpossebom (30520 in chips) 
Seat 3: chtai_casser (28144 in chips) 
Seat 4: JARVOGJ (26580 in chips) 
Seat 5: stubbs24133 (48073 in chips) 
Seat 6: Avskum2010 (31560 in chips) 
Seat 7: drosais71 (50060 in chips) 
Seat 8: galiway777 (12770 in chips) 
Mahu2021: posts the ante 200
gpossebom: posts the ante 200
chtai_casser: posts the ante 200
JARVOGJ: posts the ante 200
stubbs24133: posts the ante 200
Avskum2010: posts the ante 200
drosais71: posts the ante 200
galiway777: posts the ante 200
Mahu2021: posts small blind 1000
gpossebom: posts big blind 2000
*** HOLE CARDS ***
Dealt to Mahu2021 [6d 8c]
chtai_casser has timed out
chtai_casser: folds 
chtai_casser is sitting out
JARVOGJ: folds 
stubbs24133: folds 
Avskum2010: raises 29360 to 31360 and is all-in
drosais71: folds 
galiway777: folds 
Mahu2021: folds 
gpossebom: folds 
Uncalled bet (29360) returned to Avskum2010
Avskum2010 collected 6600 from pot
Avskum2010: doesn't show hand 
*** SUMMARY ***
Total pot 6600 | Rake 0 
Seat 1: Mahu2021 (small blind) folded before Flop
Seat 2: gpossebom (big blind) folded before Flop
Seat 3: chtai_casser folded before Flop (didn't bet)
Seat 4: JARVOGJ folded before Flop (didn't bet)
Seat 5: stubbs24133 folded before Flop (didn't bet)
Seat 6: Avskum2010 collected (6600)
Seat 7: drosais71 folded before Flop (didn't bet)
Seat 8: galiway777 (button) folded before Flop (didn't bet)



PokerStars Hand #251450975821: Tournament #3775177211, $1.40+$0.10 USD Hold'em No Limit - Level XIV (1500/3000) - 2024/07/12 15:44:16 CET [2024/07/12 9:44:16 ET]
Table '3775177211 14' 8-max Seat #1 is the button
Seat 1: Mahu2021 (66270 in chips) 
Seat 2: gpossebom (28320 in chips) 
Seat 3: chtai_casser (27944 in chips) is sitting out
Seat 4: JARVOGJ (26380 in chips) 
Seat 5: stubbs24133 (47873 in chips) 
Seat 6: Avskum2010 (35960 in chips) 
Seat 7: drosais71 (49860 in chips) 
Seat 8: galiway777 (12570 in chips) 
Mahu2021: posts the ante 300
gpossebom: posts the ante 300
chtai_casser: posts the ante 300
JARVOGJ: posts the ante 300
stubbs24133: posts the ante 300
Avskum2010: posts the ante 300
drosais71: posts the ante 300
galiway777: posts the ante 300
gpossebom: posts small blind 1500
chtai_casser: posts big blind 3000
*** HOLE CARDS ***
Dealt to Mahu2021 [2d Qd]
JARVOGJ: folds 
stubbs24133: folds 
Avskum2010: folds 
drosais71: calls 3000
galiway777: folds 
chtai_casser has returned
Mahu2021: calls 3000
gpossebom: calls 1500
chtai_casser: raises 24644 to 27644 and is all-in
drosais71: calls 24644
Mahu2021: folds 
gpossebom: folds 
*** FLOP *** [Kc 6c 2c]
*** TURN *** [Kc 6c 2c] [5d]
*** RIVER *** [Kc 6c 2c 5d] [Js]
*** SHOW DOWN ***
chtai_casser: shows [9d 9h] (a pair of Nines)
drosais71: shows [Qc Qh] (a pair of Queens)
drosais71 collected 63688 from pot
chtai_casser finished the tournament in 66th place
*** SUMMARY ***
Total pot 63688 | Rake 0 
Board [Kc 6c 2c 5d Js]
Seat 1: Mahu2021 (button) folded before Flop
Seat 2: gpossebom (small blind) folded before Flop
Seat 3: chtai_casser (big blind) showed [9d 9h] and lost with a pair of Nines
Seat 4: JARVOGJ folded before Flop (didn't bet)
Seat 5: stubbs24133 folded before Flop (didn't bet)
Seat 6: Avskum2010 folded before Flop (didn't bet)
Seat 7: drosais71 showed [Qc Qh] and won (63688) with a pair of Queens
Seat 8: galiway777 folded before Flop (didn't bet)



PokerStars Hand #251450982003: Tournament #3775177211, $1.40+$0.10 USD Hold'em No Limit - Level XIV (1500/3000) - 2024/07/12 15:44:50 CET [2024/07/12 9:44:50 ET]
Table '3775177211 14' 8-max Seat #2 is the button
Seat 1: Mahu2021 (62970 in chips) 
Seat 2: gpossebom (25020 in chips) 
Seat 4: JARVOGJ (26080 in chips) 
Seat 5: stubbs24133 (47573 in chips) 
Seat 6: Avskum2010 (35660 in chips) 
Seat 7: drosais71 (85604 in chips) 
Seat 8: galiway777 (12270 in chips) 
Mahu2021: posts the ante 300
gpossebom: posts the ante 300
JARVOGJ: posts the ante 300
stubbs24133: posts the ante 300
Avskum2010: posts the ante 300
drosais71: posts the ante 300
galiway777: posts the ante 300
JARVOGJ: posts small blind 1500
stubbs24133: posts big blind 3000
*** HOLE CARDS ***
Dealt to Mahu2021 [4c 9c]
Avskum2010: folds 
drosais71 is disconnected 
drosais71 has timed out while being disconnected
drosais71: folds 
drosais71 is sitting out
galiway777: folds 
Mahu2021: folds 
gpossebom: folds 
JARVOGJ: folds 
Uncalled bet (1500) returned to stubbs24133
stubbs24133 collected 5100 from pot
*** SUMMARY ***
Total pot 5100 | Rake 0 
Seat 1: Mahu2021 folded before Flop (didn't bet)
Seat 2: gpossebom (button) folded before Flop (didn't bet)
Seat 4: JARVOGJ (small blind) folded before Flop
Seat 5: stubbs24133 (big blind) collected (5100)
Seat 6: Avskum2010 folded before Flop (didn't bet)
Seat 7: drosais71 folded before Flop (didn't bet)
Seat 8: galiway777 folded before Flop (didn't bet)



PokerStars Hand #251450987965: Tournament #3775177211, $1.40+$0.10 USD Hold'em No Limit - Level XIV (1500/3000) - 2024/07/12 15:45:22 CET [2024/07/12 9:45:22 ET]
Table '3775177211 14' 8-max Seat #4 is the button
Seat 1: Mahu2021 (62670 in chips) 
Seat 2: gpossebom (24720 in chips) 
Seat 3: kamilica123 (67724 in chips) 
Seat 4: JARVOGJ (24280 in chips) 
Seat 5: stubbs24133 (50873 in chips) 
Seat 6: Avskum2010 (35360 in chips) 
Seat 7: drosais71 (85304 in chips) is sitting out
Seat 8: galiway777 (11970 in chips) 
Mahu2021: posts the ante 300
gpossebom: posts the ante 300
kamilica123: posts the ante 300
JARVOGJ: posts the ante 300
stubbs24133: posts the ante 300
Avskum2010: posts the ante 300
drosais71: posts the ante 300
galiway777: posts the ante 300
stubbs24133: posts small blind 1500
Avskum2010: posts big blind 3000
*** HOLE CARDS ***
Dealt to Mahu2021 [Qc Ah]
drosais71: folds 
galiway777: folds 
Mahu2021: raises 59370 to 62370 and is all-in
gpossebom: calls 24420 and is all-in
kamilica123: folds 
JARVOGJ: folds 
stubbs24133: folds 
Avskum2010: folds 
Uncalled bet (37950) returned to Mahu2021
*** FLOP *** [7c Js 3d]
kamilica123 is sitting out
*** TURN *** [7c Js 3d] [8d]
*** RIVER *** [7c Js 3d 8d] [Jc]
*** SHOW DOWN ***
Mahu2021: shows [Qc Ah] (a pair of Jacks)
gpossebom: shows [Ad 9d] (a pair of Jacks - lower kicker)
Mahu2021 collected 55740 from pot
gpossebom finished the tournament in 63rd place
*** SUMMARY ***
Total pot 55740 | Rake 0 
Board [7c Js 3d 8d Jc]
Seat 1: Mahu2021 showed [Qc Ah] and won (55740) with a pair of Jacks
Seat 2: gpossebom showed [Ad 9d] and lost with a pair of Jacks
Seat 3: kamilica123 folded before Flop (didn't bet)
Seat 4: JARVOGJ (button) folded before Flop (didn't bet)
Seat 5: stubbs24133 (small blind) folded before Flop
Seat 6: Avskum2010 (big blind) folded before Flop
Seat 7: drosais71 folded before Flop (didn't bet)
Seat 8: galiway777 folded before Flop (didn't bet)



PokerStars Hand #251450992960: Tournament #3775177211, $1.40+$0.10 USD Hold'em No Limit - Level XIV (1500/3000) - 2024/07/12 15:45:50 CET [2024/07/12 9:45:50 ET]
Table '3775177211 14' 8-max Seat #5 is the button
Seat 1: Mahu2021 (93690 in chips) 
Seat 3: kamilica123 (67424 in chips) is sitting out
Seat 4: JARVOGJ (23980 in chips) 
Seat 5: stubbs24133 (49073 in chips) 
Seat 6: Avskum2010 (32060 in chips) 
Seat 7: drosais71 (85004 in chips) is sitting out
Seat 8: galiway777 (11670 in chips) 
Mahu2021: posts the ante 300
kamilica123: posts the ante 300
JARVOGJ: posts the ante 300
stubbs24133: posts the ante 300
Avskum2010: posts the ante 300
drosais71: posts the ante 300
galiway777: posts the ante 300
Avskum2010: posts small blind 1500
drosais71: posts big blind 3000
*** HOLE CARDS ***
Dealt to Mahu2021 [7h 9d]
galiway777: folds 
Mahu2021: folds 
kamilica123: folds 
JARVOGJ: folds 
stubbs24133: folds 
Avskum2010: raises 28760 to 31760 and is all-in
drosais71: folds 
Uncalled bet (28760) returned to Avskum2010
Avskum2010 collected 8100 from pot
Avskum2010: doesn't show hand 
*** SUMMARY ***
Total pot 8100 | Rake 0 
Seat 1: Mahu2021 folded before Flop (didn't bet)
Seat 3: kamilica123 folded before Flop (didn't bet)
Seat 4: JARVOGJ folded before Flop (didn't bet)
Seat 5: stubbs24133 (button) folded before Flop (didn't bet)
Seat 6: Avskum2010 (small blind) collected (8100)
Seat 7: drosais71 (big blind) folded before Flop
Seat 8: galiway777 folded before Flop (didn't bet)



PokerStars Hand #251450996588: Tournament #3775177211, $1.40+$0.10 USD Hold'em No Limit - Level XIV (1500/3000) - 2024/07/12 15:46:10 CET [2024/07/12 9:46:10 ET]
Table '3775177211 14' 8-max Seat #6 is the button
Seat 1: Mahu2021 (93390 in chips) 
Seat 3: kamilica123 (67124 in chips) is sitting out
Seat 4: JARVOGJ (23680 in chips) 
Seat 5: stubbs24133 (48773 in chips) 
Seat 6: Avskum2010 (36860 in chips) 
Seat 7: drosais71 (81704 in chips) is sitting out
Seat 8: galiway777 (11370 in chips) 
Mahu2021: posts the ante 300
kamilica123: posts the ante 300
JARVOGJ: posts the ante 300
stubbs24133: posts the ante 300
Avskum2010: posts the ante 300
drosais71: posts the ante 300
galiway777: posts the ante 300
drosais71: posts small blind 1500
galiway777: posts big blind 3000
*** HOLE CARDS ***
Dealt to Mahu2021 [5d 8s]
Mahu2021: folds 
kamilica123: folds 
JARVOGJ: calls 3000
stubbs24133: folds 
Avskum2010: raises 33560 to 36560 and is all-in
drosais71: folds 
galiway777: folds 
JARVOGJ: calls 20380 and is all-in
Uncalled bet (13180) returned to Avskum2010
*** FLOP *** [Qd As 3c]
*** TURN *** [Qd As 3c] [3d]
*** RIVER *** [Qd As 3c 3d] [Jh]
*** SHOW DOWN ***
JARVOGJ: shows [Ks Qs] (two pair, Queens and Threes)
Avskum2010: shows [9s Ac] (two pair, Aces and Threes)
Avskum2010 collected 53360 from pot
JARVOGJ finished the tournament in 60th place
*** SUMMARY ***
Total pot 53360 | Rake 0 
Board [Qd As 3c 3d Jh]
Seat 1: Mahu2021 folded before Flop (didn't bet)
Seat 3: kamilica123 folded before Flop (didn't bet)
Seat 4: JARVOGJ showed [Ks Qs] and lost with two pair, Queens and Threes
Seat 5: stubbs24133 folded before Flop (didn't bet)
Seat 6: Avskum2010 (button) showed [9s Ac] and won (53360) with two pair, Aces and Threes
Seat 7: drosais71 (small blind) folded before Flop
Seat 8: galiway777 (big blind) folded before Flop



PokerStars Hand #251451001066: Tournament #3775177211, $1.40+$0.10 USD Hold'em No Limit - Level XIV (1500/3000) - 2024/07/12 15:46:35 CET [2024/07/12 9:46:35 ET]
Table '3775177211 14' 8-max Seat #7 is the button
Seat 1: Mahu2021 (93090 in chips) 
Seat 3: kamilica123 (66824 in chips) is sitting out
Seat 5: stubbs24133 (48473 in chips) 
Seat 6: Avskum2010 (66540 in chips) 
Seat 7: drosais71 (79904 in chips) is sitting out
Seat 8: galiway777 (8070 in chips) 
Mahu2021: posts the ante 300
kamilica123: posts the ante 300
stubbs24133: posts the ante 300
Avskum2010: posts the ante 300
drosais71: posts the ante 300
galiway777: posts the ante 300
galiway777: posts small blind 1500
Mahu2021: posts big blind 3000
*** HOLE CARDS ***
Dealt to Mahu2021 [Ts Kd]
kamilica123: folds 
stubbs24133: folds 
Avskum2010: folds 
drosais71: folds 
galiway777: raises 4770 to 7770 and is all-in
Mahu2021: calls 4770
*** FLOP *** [Js 5h 3h]
*** TURN *** [Js 5h 3h] [5s]
*** RIVER *** [Js 5h 3h 5s] [2h]
*** SHOW DOWN ***
galiway777: shows [Kh 7h] (a flush, King high)
Mahu2021: shows [Ts Kd] (a pair of Fives)
galiway777 collected 17340 from pot
drosais71 has returned
*** SUMMARY ***
Total pot 17340 | Rake 0 
Board [Js 5h 3h 5s 2h]
Seat 1: Mahu2021 (big blind) showed [Ts Kd] and lost with a pair of Fives
Seat 3: kamilica123 folded before Flop (didn't bet)
Seat 5: stubbs24133 folded before Flop (didn't bet)
Seat 6: Avskum2010 folded before Flop (didn't bet)
Seat 7: drosais71 (button) folded before Flop (didn't bet)
Seat 8: galiway777 (small blind) showed [Kh 7h] and won (17340) with a flush, King high



PokerStars Hand #251451003699: Tournament #3775177211, $1.40+$0.10 USD Hold'em No Limit - Level XIV (1500/3000) - 2024/07/12 15:46:50 CET [2024/07/12 9:46:50 ET]
Table '3775177211 14' 8-max Seat #8 is the button
Seat 1: Mahu2021 (85020 in chips) 
Seat 3: kamilica123 (66524 in chips) is sitting out
Seat 5: stubbs24133 (48173 in chips) 
Seat 6: Avskum2010 (66240 in chips) 
Seat 7: drosais71 (79604 in chips) 
Seat 8: galiway777 (17340 in chips) 
Mahu2021: posts the ante 300
kamilica123: posts the ante 300
stubbs24133: posts the ante 300
Avskum2010: posts the ante 300
drosais71: posts the ante 300
galiway777: posts the ante 300
Mahu2021: posts small blind 1500
kamilica123: posts big blind 3000
*** HOLE CARDS ***
Dealt to Mahu2021 [6d 2d]
stubbs24133: folds 
Avskum2010: raises 3000 to 6000
drosais71: folds 
galiway777: raises 11040 to 17040 and is all-in
zeiggi is disconnected 
Mahu2021: folds 
kamilica123: folds 
Avskum2010: calls 11040
*** FLOP *** [9d 9h 7s]
*** TURN *** [9d 9h 7s] [7c]
*** RIVER *** [9d 9h 7s 7c] [8h]
*** SHOW DOWN ***
Avskum2010: shows [Js Ah] (two pair, Nines and Sevens)
galiway777: shows [8s 9s] (a full house, Nines full of Eights)
galiway777 collected 40380 from pot
*** SUMMARY ***
Total pot 40380 | Rake 0 
Board [9d 9h 7s 7c 8h]
Seat 1: Mahu2021 (small blind) folded before Flop
Seat 3: kamilica123 (big blind) folded before Flop
Seat 5: stubbs24133 folded before Flop (didn't bet)
Seat 6: Avskum2010 showed [Js Ah] and lost with two pair, Nines and Sevens
Seat 7: drosais71 folded before Flop (didn't bet)
Seat 8: galiway777 (button) showed [8s 9s] and won (40380) with a full house, Nines full of Eights



PokerStars Hand #251451007818: Tournament #3775177211, $1.40+$0.10 USD Hold'em No Limit - Level XV (2000/4000) - 2024/07/12 15:47:13 CET [2024/07/12 9:47:13 ET]
Table '3775177211 14' 8-max Seat #1 is the button
Seat 1: Mahu2021 (83220 in chips) 
Seat 2: zeiggi (34976 in chips) out of hand (moved from another table into small blind)
Seat 3: kamilica123 (63224 in chips) is sitting out
Seat 5: stubbs24133 (47873 in chips) 
Seat 6: Avskum2010 (48900 in chips) 
Seat 7: drosais71 (79304 in chips) 
Seat 8: galiway777 (40380 in chips) 
zeiggi will be allowed to play after the button
Mahu2021: posts the ante 400
kamilica123: posts the ante 400
stubbs24133: posts the ante 400
Avskum2010: posts the ante 400
drosais71: posts the ante 400
galiway777: posts the ante 400
kamilica123: posts small blind 2000
stubbs24133: posts big blind 4000
*** HOLE CARDS ***
Dealt to Mahu2021 [Ah 2s]
Avskum2010: folds 
N00bStarz is disconnected 
drosais71: folds 
galiway777: folds 
Mahu2021: raises 4000 to 8000
kamilica123: folds 
stubbs24133: folds 
Uncalled bet (4000) returned to Mahu2021
Mahu2021 collected 12400 from pot
Mahu2021: doesn't show hand 
*** SUMMARY ***
Total pot 12400 | Rake 0 
Seat 1: Mahu2021 (button) collected (12400)
Seat 3: kamilica123 (small blind) folded before Flop
Seat 5: stubbs24133 (big blind) folded before Flop
Seat 6: Avskum2010 folded before Flop (didn't bet)
Seat 7: drosais71 folded before Flop (didn't bet)
Seat 8: galiway777 folded before Flop (didn't bet)



PokerStars Hand #251451010733: Tournament #3775177211, $1.40+$0.10 USD Hold'em No Limit - Level XV (2000/4000) - 2024/07/12 15:47:29 CET [2024/07/12 9:47:29 ET]
Table '3775177211 14' 8-max Seat #3 is the button
Seat 1: Mahu2021 (91220 in chips) 
Seat 2: zeiggi (34976 in chips) 
Seat 3: kamilica123 (60824 in chips) is sitting out
Seat 4: N00bStarz (47125 in chips) out of hand (moved from another table into small blind)
Seat 5: stubbs24133 (43473 in chips) 
Seat 6: Avskum2010 (48500 in chips) 
Seat 7: drosais71 (78904 in chips) 
Seat 8: galiway777 (39980 in chips) 
N00bStarz will be allowed to play after the button
Mahu2021: posts the ante 400
zeiggi: posts the ante 400
kamilica123: posts the ante 400
stubbs24133: posts the ante 400
Avskum2010: posts the ante 400
drosais71: posts the ante 400
galiway777: posts the ante 400
stubbs24133: posts small blind 2000
Avskum2010: posts big blind 4000
*** HOLE CARDS ***
Dealt to Mahu2021 [3s 9d]
drosais71: folds 
galiway777: folds 
Mahu2021: folds 
zeiggi: folds 
kamilica123: folds 
stubbs24133: raises 4000 to 8000
Avskum2010: folds 
Uncalled bet (4000) returned to stubbs24133
stubbs24133 collected 10800 from pot
*** SUMMARY ***
Total pot 10800 | Rake 0 
Seat 1: Mahu2021 folded before Flop (didn't bet)
Seat 2: zeiggi folded before Flop (didn't bet)
Seat 3: kamilica123 (button) folded before Flop (didn't bet)
Seat 5: stubbs24133 (small blind) collected (10800)
Seat 6: Avskum2010 (big blind) folded before Flop
Seat 7: drosais71 folded before Flop (didn't bet)
Seat 8: galiway777 folded before Flop (didn't bet)



PokerStars Hand #251451013824: Tournament #3775177211, $1.40+$0.10 USD Hold'em No Limit - Level XV (2000/4000) - 2024/07/12 15:47:46 CET [2024/07/12 9:47:46 ET]
Table '3775177211 14' 8-max Seat #5 is the button
Seat 1: Mahu2021 (90820 in chips) 
Seat 2: zeiggi (34576 in chips) 
Seat 3: kamilica123 (60424 in chips) is sitting out
Seat 4: N00bStarz (47125 in chips) 
Seat 5: stubbs24133 (49873 in chips) 
Seat 6: Avskum2010 (44100 in chips) 
Seat 7: drosais71 (78504 in chips) 
Seat 8: galiway777 (39580 in chips) 
Mahu2021: posts the ante 400
zeiggi: posts the ante 400
kamilica123: posts the ante 400
N00bStarz: posts the ante 400
stubbs24133: posts the ante 400
Avskum2010: posts the ante 400
drosais71: posts the ante 400
galiway777: posts the ante 400
Avskum2010: posts small blind 2000
drosais71: posts big blind 4000
*** HOLE CARDS ***
Dealt to Mahu2021 [2d 9d]
galiway777: folds 
Mahu2021: folds 
zeiggi: folds 
kamilica123: folds 
N00bStarz: folds 
stubbs24133: folds 
Avskum2010: raises 39700 to 43700 and is all-in
drosais71: folds 
Uncalled bet (39700) returned to Avskum2010
Avskum2010 collected 11200 from pot
Avskum2010: doesn't show hand 
*** SUMMARY ***
Total pot 11200 | Rake 0 
Seat 1: Mahu2021 folded before Flop (didn't bet)
Seat 2: zeiggi folded before Flop (didn't bet)
Seat 3: kamilica123 folded before Flop (didn't bet)
Seat 4: N00bStarz folded before Flop (didn't bet)
Seat 5: stubbs24133 (button) folded before Flop (didn't bet)
Seat 6: Avskum2010 (small blind) collected (11200)
Seat 7: drosais71 (big blind) folded before Flop
Seat 8: galiway777 folded before Flop (didn't bet)



PokerStars Hand #251451016947: Tournament #3775177211, $1.40+$0.10 USD Hold'em No Limit - Level XV (2000/4000) - 2024/07/12 15:48:04 CET [2024/07/12 9:48:04 ET]
Table '3775177211 14' 8-max Seat #6 is the button
Seat 1: Mahu2021 (90420 in chips) 
Seat 2: zeiggi (34176 in chips) 
Seat 3: kamilica123 (60024 in chips) is sitting out
Seat 4: N00bStarz (46725 in chips) 
Seat 5: stubbs24133 (49473 in chips) 
Seat 6: Avskum2010 (50900 in chips) 
Seat 7: drosais71 (74104 in chips) 
Seat 8: galiway777 (39180 in chips) 
Mahu2021: posts the ante 400
zeiggi: posts the ante 400
kamilica123: posts the ante 400
N00bStarz: posts the ante 400
stubbs24133: posts the ante 400
Avskum2010: posts the ante 400
drosais71: posts the ante 400
galiway777: posts the ante 400
drosais71: posts small blind 2000
galiway777: posts big blind 4000
*** HOLE CARDS ***
Dealt to Mahu2021 [8s 7h]
Mahu2021: folds 
zeiggi: folds 
kamilica123: folds 
N00bStarz: folds 
stubbs24133: folds 
Avskum2010: folds 
drosais71: raises 4000 to 8000
galiway777: calls 4000
*** FLOP *** [Td As 7c]
drosais71: bets 4000
galiway777: raises 26780 to 30780 and is all-in
drosais71: calls 26780
*** TURN *** [Td As 7c] [9d]
*** RIVER *** [Td As 7c 9d] [Kd]
*** SHOW DOWN ***
drosais71: shows [Js Jh] (a pair of Jacks)
galiway777: shows [Th Kc] (two pair, Kings and Tens)
galiway777 collected 80760 from pot
*** SUMMARY ***
Total pot 80760 | Rake 0 
Board [Td As 7c 9d Kd]
Seat 1: Mahu2021 folded before Flop (didn't bet)
Seat 2: zeiggi folded before Flop (didn't bet)
Seat 3: kamilica123 folded before Flop (didn't bet)
Seat 4: N00bStarz folded before Flop (didn't bet)
Seat 5: stubbs24133 folded before Flop (didn't bet)
Seat 6: Avskum2010 (button) folded before Flop (didn't bet)
Seat 7: drosais71 (small blind) showed [Js Jh] and lost with a pair of Jacks
Seat 8: galiway777 (big blind) showed [Th Kc] and won (80760) with two pair, Kings and Tens



PokerStars Hand #251451023206: Tournament #3775177211, $1.40+$0.10 USD Hold'em No Limit - Level XV (2000/4000) - 2024/07/12 15:48:38 CET [2024/07/12 9:48:38 ET]
Table '3775177211 14' 8-max Seat #7 is the button
Seat 1: Mahu2021 (90020 in chips) 
Seat 2: zeiggi (33776 in chips) 
Seat 3: kamilica123 (59624 in chips) is sitting out
Seat 4: N00bStarz (46325 in chips) 
Seat 6: Avskum2010 (50500 in chips) 
Seat 7: drosais71 (34924 in chips) 
Seat 8: galiway777 (80760 in chips) 
Mahu2021: posts the ante 400
zeiggi: posts the ante 400
kamilica123: posts the ante 400
N00bStarz: posts the ante 400
Avskum2010: posts the ante 400
drosais71: posts the ante 400
galiway777: posts the ante 400
galiway777: posts small blind 2000
Mahu2021: posts big blind 4000
*** HOLE CARDS ***
Dealt to Mahu2021 [2d Kc]
zeiggi: raises 29376 to 33376 and is all-in
kamilica123: folds 
N00bStarz: folds 
Avskum2010: folds 
drosais71: folds 
galiway777: folds 
Mahu2021: folds 
Uncalled bet (29376) returned to zeiggi
zeiggi collected 12800 from pot
zeiggi: doesn't show hand 
*** SUMMARY ***
Total pot 12800 | Rake 0 
Seat 1: Mahu2021 (big blind) folded before Flop
Seat 2: zeiggi collected (12800)
Seat 3: kamilica123 folded before Flop (didn't bet)
Seat 4: N00bStarz folded before Flop (didn't bet)
Seat 6: Avskum2010 folded before Flop (didn't bet)
Seat 7: drosais71 (button) folded before Flop (didn't bet)
Seat 8: galiway777 (small blind) folded before Flop



PokerStars Hand #251451024908: Tournament #3775177211, $1.40+$0.10 USD Hold'em No Limit - Level XV (2000/4000) - 2024/07/12 15:48:48 CET [2024/07/12 9:48:48 ET]
Table '3775177211 14' 8-max Seat #8 is the button
Seat 1: Mahu2021 (85620 in chips) 
Seat 2: zeiggi (42176 in chips) 
Seat 3: kamilica123 (59224 in chips) is sitting out
Seat 4: N00bStarz (45925 in chips) 
Seat 6: Avskum2010 (50100 in chips) 
Seat 7: drosais71 (34524 in chips) 
Seat 8: galiway777 (78360 in chips) 
Mahu2021: posts the ante 400
zeiggi: posts the ante 400
kamilica123: posts the ante 400
N00bStarz: posts the ante 400
Avskum2010: posts the ante 400
drosais71: posts the ante 400
galiway777: posts the ante 400
Mahu2021: posts small blind 2000
zeiggi: posts big blind 4000
*** HOLE CARDS ***
Dealt to Mahu2021 [5c 9d]
kamilica123: folds 
N00bStarz: folds 
Avskum2010: folds 
drosais71: calls 4000
galiway777: folds 
Mahu2021: folds 
zeiggi: checks 
*** FLOP *** [5d Ac Kd]
zeiggi: checks 
drosais71: bets 16000
zeiggi: folds 
Uncalled bet (16000) returned to drosais71
drosais71 collected 12800 from pot
drosais71: doesn't show hand 
*** SUMMARY ***
Total pot 12800 | Rake 0 
Board [5d Ac Kd]
Seat 1: Mahu2021 (small blind) folded before Flop
Seat 2: zeiggi (big blind) folded on the Flop
Seat 3: kamilica123 folded before Flop (didn't bet)
Seat 4: N00bStarz folded before Flop (didn't bet)
Seat 6: Avskum2010 folded before Flop (didn't bet)
Seat 7: drosais71 collected (12800)
Seat 8: galiway777 (button) folded before Flop (didn't bet)



PokerStars Hand #251451030709: Tournament #3775177211, $1.40+$0.10 USD Hold'em No Limit - Level XV (2000/4000) - 2024/07/12 15:49:20 CET [2024/07/12 9:49:20 ET]
Table '3775177211 14' 8-max Seat #1 is the button
Seat 1: Mahu2021 (83220 in chips) 
Seat 2: zeiggi (37776 in chips) 
Seat 3: kamilica123 (58824 in chips) is sitting out
Seat 4: N00bStarz (45525 in chips) 
Seat 6: Avskum2010 (49700 in chips) 
Seat 7: drosais71 (42924 in chips) 
Seat 8: galiway777 (77960 in chips) 
Mahu2021: posts the ante 400
zeiggi: posts the ante 400
kamilica123: posts the ante 400
N00bStarz: posts the ante 400
Avskum2010: posts the ante 400
drosais71: posts the ante 400
galiway777: posts the ante 400
zeiggi: posts small blind 2000
kamilica123: posts big blind 4000
*** HOLE CARDS ***
Dealt to Mahu2021 [3d Th]
N00bStarz: folds 
Avskum2010: folds 
drosais71: folds 
galiway777: folds 
Mahu2021: folds 
zeiggi: raises 4000 to 8000
kamilica123: folds 
Uncalled bet (4000) returned to zeiggi
zeiggi collected 10800 from pot
zeiggi: doesn't show hand 
*** SUMMARY ***
Total pot 10800 | Rake 0 
Seat 1: Mahu2021 (button) folded before Flop (didn't bet)
Seat 2: zeiggi (small blind) collected (10800)
Seat 3: kamilica123 (big blind) folded before Flop
Seat 4: N00bStarz folded before Flop (didn't bet)
Seat 6: Avskum2010 folded before Flop (didn't bet)
Seat 7: drosais71 folded before Flop (didn't bet)
Seat 8: galiway777 folded before Flop (didn't bet)



PokerStars Hand #251451032096: Tournament #3775177211, $1.40+$0.10 USD Hold'em No Limit - Level XV (2000/4000) - 2024/07/12 15:49:28 CET [2024/07/12 9:49:28 ET]
Table '3775177211 14' 8-max Seat #2 is the button
Seat 1: Mahu2021 (82820 in chips) 
Seat 2: zeiggi (44176 in chips) 
Seat 3: kamilica123 (54424 in chips) is sitting out
Seat 4: N00bStarz (45125 in chips) 
Seat 6: Avskum2010 (49300 in chips) 
Seat 7: drosais71 (42524 in chips) 
Seat 8: galiway777 (77560 in chips) 
Mahu2021: posts the ante 400
zeiggi: posts the ante 400
kamilica123: posts the ante 400
N00bStarz: posts the ante 400
Avskum2010: posts the ante 400
drosais71: posts the ante 400
galiway777: posts the ante 400
kamilica123: posts small blind 2000
N00bStarz: posts big blind 4000
*** HOLE CARDS ***
Dealt to Mahu2021 [Qd 5d]
Avskum2010: folds 
drosais71: folds 
galiway777: folds 
Mahu2021: folds 
zeiggi: raises 4000 to 8000
kamilica123: folds 
N00bStarz: folds 
Uncalled bet (4000) returned to zeiggi
zeiggi collected 12800 from pot
zeiggi: doesn't show hand 
*** SUMMARY ***
Total pot 12800 | Rake 0 
Seat 1: Mahu2021 folded before Flop (didn't bet)
Seat 2: zeiggi (button) collected (12800)
Seat 3: kamilica123 (small blind) folded before Flop
Seat 4: N00bStarz (big blind) folded before Flop
Seat 6: Avskum2010 folded before Flop (didn't bet)
Seat 7: drosais71 folded before Flop (didn't bet)
Seat 8: galiway777 folded before Flop (didn't bet)



PokerStars Hand #251451036720: Tournament #3775177211, $1.40+$0.10 USD Hold'em No Limit - Level XV (2000/4000) - 2024/07/12 15:49:54 CET [2024/07/12 9:49:54 ET]
Table '3775177211 14' 8-max Seat #3 is the button
Seat 1: Mahu2021 (82420 in chips) 
Seat 2: zeiggi (52576 in chips) 
Seat 3: kamilica123 (52024 in chips) is sitting out
Seat 4: N00bStarz (40725 in chips) 
Seat 6: Avskum2010 (48900 in chips) 
Seat 7: drosais71 (42124 in chips) 
Seat 8: galiway777 (77160 in chips) 
Mahu2021: posts the ante 400
zeiggi: posts the ante 400
kamilica123: posts the ante 400
N00bStarz: posts the ante 400
Avskum2010: posts the ante 400
drosais71: posts the ante 400
galiway777: posts the ante 400
N00bStarz: posts small blind 2000
Avskum2010: posts big blind 4000
*** HOLE CARDS ***
Dealt to Mahu2021 [9s 7h]
drosais71 has timed out
drosais71: folds 
drosais71 is sitting out
galiway777: folds 
Mahu2021: folds 
zeiggi: folds 
kamilica123: folds 
drosais71 has returned
N00bStarz: folds 
Uncalled bet (2000) returned to Avskum2010
Avskum2010 collected 6800 from pot
Avskum2010: doesn't show hand 
*** SUMMARY ***
Total pot 6800 | Rake 0 
Seat 1: Mahu2021 folded before Flop (didn't bet)
Seat 2: zeiggi folded before Flop (didn't bet)
Seat 3: kamilica123 (button) folded before Flop (didn't bet)
Seat 4: N00bStarz (small blind) folded before Flop
Seat 6: Avskum2010 (big blind) collected (6800)
Seat 7: drosais71 folded before Flop (didn't bet)
Seat 8: galiway777 folded before Flop (didn't bet)



PokerStars Hand #251451042609: Tournament #3775177211, $1.40+$0.10 USD Hold'em No Limit - Level XVI (3000/6000) - 2024/07/12 15:50:26 CET [2024/07/12 9:50:26 ET]
Table '3775177211 14' 8-max Seat #4 is the button
Seat 1: Mahu2021 (82020 in chips) 
Seat 2: zeiggi (52176 in chips) 
Seat 3: kamilica123 (51624 in chips) is sitting out
Seat 4: N00bStarz (38325 in chips) 
Seat 6: Avskum2010 (53300 in chips) 
Seat 7: drosais71 (41724 in chips) 
Seat 8: galiway777 (76760 in chips) 
Mahu2021: posts the ante 600
zeiggi: posts the ante 600
kamilica123: posts the ante 600
N00bStarz: posts the ante 600
Avskum2010: posts the ante 600
drosais71: posts the ante 600
galiway777: posts the ante 600
Avskum2010: posts small blind 3000
drosais71: posts big blind 6000
*** HOLE CARDS ***
Dealt to Mahu2021 [Jc Qh]
galiway777: folds 
Mahu2021: folds 
zeiggi: folds 
kamilica123: folds 
N00bStarz: folds 
Avskum2010: folds 
Uncalled bet (3000) returned to drosais71
drosais71 collected 10200 from pot
drosais71: doesn't show hand 
*** SUMMARY ***
Total pot 10200 | Rake 0 
Seat 1: Mahu2021 folded before Flop (didn't bet)
Seat 2: zeiggi folded before Flop (didn't bet)
Seat 3: kamilica123 folded before Flop (didn't bet)
Seat 4: N00bStarz (button) folded before Flop (didn't bet)
Seat 6: Avskum2010 (small blind) folded before Flop
Seat 7: drosais71 (big blind) collected (10200)
Seat 8: galiway777 folded before Flop (didn't bet)



PokerStars Hand #251451046598: Tournament #3775177211, $1.40+$0.10 USD Hold'em No Limit - Level XVI (3000/6000) - 2024/07/12 15:50:48 CET [2024/07/12 9:50:48 ET]
Table '3775177211 14' 8-max Seat #6 is the button
Seat 1: Mahu2021 (81420 in chips) 
Seat 2: zeiggi (51576 in chips) 
Seat 3: kamilica123 (51024 in chips) is sitting out
Seat 4: N00bStarz (37725 in chips) 
Seat 6: Avskum2010 (49700 in chips) 
Seat 7: drosais71 (48324 in chips) 
Seat 8: galiway777 (76160 in chips) 
Mahu2021: posts the ante 600
zeiggi: posts the ante 600
kamilica123: posts the ante 600
N00bStarz: posts the ante 600
Avskum2010: posts the ante 600
drosais71: posts the ante 600
galiway777: posts the ante 600
drosais71: posts small blind 3000
galiway777: posts big blind 6000
*** HOLE CARDS ***
Dealt to Mahu2021 [8s Jh]
Mahu2021: folds 
zeiggi: folds 
kamilica123: folds 
N00bStarz has timed out
N00bStarz: folds 
N00bStarz is sitting out
Avskum2010: folds 
drosais71 has timed out
drosais71: folds 
drosais71 is sitting out
Uncalled bet (3000) returned to galiway777
galiway777 collected 10200 from pot
galiway777: doesn't show hand 
drosais71 is disconnected 
*** SUMMARY ***
Total pot 10200 | Rake 0 
Seat 1: Mahu2021 folded before Flop (didn't bet)
Seat 2: zeiggi folded before Flop (didn't bet)
Seat 3: kamilica123 folded before Flop (didn't bet)
Seat 4: N00bStarz folded before Flop (didn't bet)
Seat 6: Avskum2010 (button) folded before Flop (didn't bet)
Seat 7: drosais71 (small blind) folded before Flop
Seat 8: galiway777 (big blind) collected (10200)



PokerStars Hand #251451054798: Tournament #3775177211, $1.40+$0.10 USD Hold'em No Limit - Level XVI (3000/6000) - 2024/07/12 15:51:34 CET [2024/07/12 9:51:34 ET]
Table '3775177211 14' 8-max Seat #7 is the button
Seat 1: Mahu2021 (80820 in chips) 
Seat 2: zeiggi (50976 in chips) 
Seat 3: kamilica123 (50424 in chips) is sitting out
Seat 4: N00bStarz (37125 in chips) is sitting out
Seat 6: Avskum2010 (49100 in chips) 
Seat 7: drosais71 (44724 in chips) is sitting out
Seat 8: galiway777 (82760 in chips) 
Mahu2021: posts the ante 600
zeiggi: posts the ante 600
kamilica123: posts the ante 600
N00bStarz: posts the ante 600
Avskum2010: posts the ante 600
drosais71: posts the ante 600
galiway777: posts the ante 600
galiway777: posts small blind 3000
Mahu2021: posts big blind 6000
*** HOLE CARDS ***
Dealt to Mahu2021 [Qd Td]
zeiggi: folds 
kamilica123: folds 
N00bStarz: folds 
Avskum2010: folds 
drosais71: folds 
galiway777: folds 
Uncalled bet (3000) returned to Mahu2021
Mahu2021 collected 10200 from pot
Mahu2021: doesn't show hand 
*** SUMMARY ***
Total pot 10200 | Rake 0 
Seat 1: Mahu2021 (big blind) collected (10200)
Seat 2: zeiggi folded before Flop (didn't bet)
Seat 3: kamilica123 folded before Flop (didn't bet)
Seat 4: N00bStarz folded before Flop (didn't bet)
Seat 6: Avskum2010 folded before Flop (didn't bet)
Seat 7: drosais71 (button) folded before Flop (didn't bet)
Seat 8: galiway777 (small blind) folded before Flop



PokerStars Hand #251451056179: Tournament #3775177211, $1.40+$0.10 USD Hold'em No Limit - Level XVI (3000/6000) - 2024/07/12 15:51:42 CET [2024/07/12 9:51:42 ET]
Table '3775177211 14' 8-max Seat #8 is the button
Seat 1: Mahu2021 (87420 in chips) 
Seat 2: zeiggi (50376 in chips) 
Seat 3: kamilica123 (49824 in chips) is sitting out
Seat 4: N00bStarz (36525 in chips) is sitting out
Seat 6: Avskum2010 (48500 in chips) 
Seat 7: drosais71 (44124 in chips) is sitting out
Seat 8: galiway777 (79160 in chips) 
Mahu2021: posts the ante 600
zeiggi: posts the ante 600
kamilica123: posts the ante 600
N00bStarz: posts the ante 600
Avskum2010: posts the ante 600
drosais71: posts the ante 600
galiway777: posts the ante 600
Mahu2021: posts small blind 3000
zeiggi: posts big blind 6000
*** HOLE CARDS ***
Dealt to Mahu2021 [4s 4d]
kamilica123: folds 
N00bStarz: folds 
Avskum2010: folds 
drosais71: folds 
galiway777: raises 12000 to 18000
Mahu2021: folds 
N00bStarz has returned
zeiggi: folds 
Uncalled bet (12000) returned to galiway777
galiway777 collected 19200 from pot
galiway777: doesn't show hand 
*** SUMMARY ***
Total pot 19200 | Rake 0 
Seat 1: Mahu2021 (small blind) folded before Flop
Seat 2: zeiggi (big blind) folded before Flop
Seat 3: kamilica123 folded before Flop (didn't bet)
Seat 4: N00bStarz folded before Flop (didn't bet)
Seat 6: Avskum2010 folded before Flop (didn't bet)
Seat 7: drosais71 folded before Flop (didn't bet)
Seat 8: galiway777 (button) collected (19200)



PokerStars Hand #251451059864: Tournament #3775177211, $1.40+$0.10 USD Hold'em No Limit - Level XVI (3000/6000) - 2024/07/12 15:52:03 CET [2024/07/12 9:52:03 ET]
Table '3775177211 14' 8-max Seat #1 is the button
Seat 1: Mahu2021 (83820 in chips) 
Seat 2: zeiggi (43776 in chips) 
Seat 3: kamilica123 (49224 in chips) is sitting out
Seat 4: N00bStarz (35925 in chips) 
Seat 6: Avskum2010 (47900 in chips) 
Seat 7: drosais71 (43524 in chips) is sitting out
Seat 8: galiway777 (91760 in chips) 
Mahu2021: posts the ante 600
zeiggi: posts the ante 600
kamilica123: posts the ante 600
N00bStarz: posts the ante 600
Avskum2010: posts the ante 600
drosais71: posts the ante 600
galiway777: posts the ante 600
zeiggi: posts small blind 3000
kamilica123: posts big blind 6000
*** HOLE CARDS ***
Dealt to Mahu2021 [Qh Td]
kamilica123 has returned
N00bStarz: folds 
Avskum2010: raises 41300 to 47300 and is all-in
drosais71: folds 
galiway777: folds 
Mahu2021: folds 
zeiggi: folds 
kamilica123: folds 
kamilica123 is sitting out
Uncalled bet (41300) returned to Avskum2010
Avskum2010 collected 19200 from pot
Avskum2010: doesn't show hand 
*** SUMMARY ***
Total pot 19200 | Rake 0 
Seat 1: Mahu2021 (button) folded before Flop (didn't bet)
Seat 2: zeiggi (small blind) folded before Flop
Seat 3: kamilica123 (big blind) folded before Flop
Seat 4: N00bStarz folded before Flop (didn't bet)
Seat 6: Avskum2010 collected (19200)
Seat 7: drosais71 folded before Flop (didn't bet)
Seat 8: galiway777 folded before Flop (didn't bet)



PokerStars Hand #251451064928: Tournament #3775177211, $1.40+$0.10 USD Hold'em No Limit - Level XVI (3000/6000) - 2024/07/12 15:52:31 CET [2024/07/12 9:52:31 ET]
Table '3775177211 14' 8-max Seat #2 is the button
Seat 1: Mahu2021 (83220 in chips) 
Seat 2: zeiggi (40176 in chips) 
Seat 3: kamilica123 (42624 in chips) is sitting out
Seat 4: N00bStarz (35325 in chips) 
Seat 6: Avskum2010 (60500 in chips) 
Seat 7: drosais71 (42924 in chips) is sitting out
Seat 8: galiway777 (91160 in chips) 
Mahu2021: posts the ante 600
zeiggi: posts the ante 600
kamilica123: posts the ante 600
N00bStarz: posts the ante 600
Avskum2010: posts the ante 600
drosais71: posts the ante 600
galiway777: posts the ante 600
kamilica123: posts small blind 3000
N00bStarz: posts big blind 6000
*** HOLE CARDS ***
Dealt to Mahu2021 [Qs 2c]
Avskum2010: folds 
drosais71: folds 
galiway777: folds 
Mahu2021: folds 
zeiggi: folds 
kamilica123: folds 
Uncalled bet (3000) returned to N00bStarz
N00bStarz collected 10200 from pot
N00bStarz: doesn't show hand 
*** SUMMARY ***
Total pot 10200 | Rake 0 
Seat 1: Mahu2021 folded before Flop (didn't bet)
Seat 2: zeiggi (button) folded before Flop (didn't bet)
Seat 3: kamilica123 (small blind) folded before Flop
Seat 4: N00bStarz (big blind) collected (10200)
Seat 6: Avskum2010 folded before Flop (didn't bet)
Seat 7: drosais71 folded before Flop (didn't bet)
Seat 8: galiway777 folded before Flop (didn't bet)



PokerStars Hand #251451068201: Tournament #3775177211, $1.40+$0.10 USD Hold'em No Limit - Level XVI (3000/6000) - 2024/07/12 15:52:49 CET [2024/07/12 9:52:49 ET]
Table '3775177211 14' 8-max Seat #3 is the button
Seat 1: Mahu2021 (82620 in chips) 
Seat 2: zeiggi (39576 in chips) 
Seat 3: kamilica123 (39024 in chips) is sitting out
Seat 4: N00bStarz (41925 in chips) 
Seat 5: michaelho279 (68400 in chips) is sitting out
Seat 6: Avskum2010 (59900 in chips) 
Seat 7: drosais71 (42324 in chips) is sitting out
Seat 8: galiway777 (90560 in chips) 
Mahu2021: posts the ante 600
zeiggi: posts the ante 600
kamilica123: posts the ante 600
N00bStarz: posts the ante 600
michaelho279: posts the ante 600
Avskum2010: posts the ante 600
drosais71: posts the ante 600
galiway777: posts the ante 600
N00bStarz: posts small blind 3000
michaelho279: posts big blind 6000
*** HOLE CARDS ***
Dealt to Mahu2021 [2s 7s]
Avskum2010: folds 
drosais71: folds 
galiway777: folds 
michaelho279 has returned
Mahu2021: folds 
zeiggi: folds 
kamilica123: folds 
N00bStarz: folds 
Uncalled bet (3000) returned to michaelho279
michaelho279 collected 10800 from pot
*** SUMMARY ***
Total pot 10800 | Rake 0 
Seat 1: Mahu2021 folded before Flop (didn't bet)
Seat 2: zeiggi folded before Flop (didn't bet)
Seat 3: kamilica123 (button) folded before Flop (didn't bet)
Seat 4: N00bStarz (small blind) folded before Flop
Seat 5: michaelho279 (big blind) collected (10800)
Seat 6: Avskum2010 folded before Flop (didn't bet)
Seat 7: drosais71 folded before Flop (didn't bet)
Seat 8: galiway777 folded before Flop (didn't bet)



PokerStars Hand #251451074503: Tournament #3775177211, $1.40+$0.10 USD Hold'em No Limit - Level XVII (4000/8000) - 2024/07/12 15:53:24 CET [2024/07/12 9:53:24 ET]
Table '3775177211 14' 8-max Seat #4 is the button
Seat 1: Mahu2021 (82020 in chips) 
Seat 2: zeiggi (38976 in chips) 
Seat 3: kamilica123 (38424 in chips) is sitting out
Seat 4: N00bStarz (38325 in chips) 
Seat 5: michaelho279 (75600 in chips) 
Seat 6: Avskum2010 (59300 in chips) 
Seat 7: drosais71 (41724 in chips) is sitting out
Seat 8: galiway777 (89960 in chips) 
Mahu2021: posts the ante 800
zeiggi: posts the ante 800
kamilica123: posts the ante 800
N00bStarz: posts the ante 800
michaelho279: posts the ante 800
Avskum2010: posts the ante 800
drosais71: posts the ante 800
galiway777: posts the ante 800
michaelho279: posts small blind 4000
Avskum2010: posts big blind 8000
*** HOLE CARDS ***
Dealt to Mahu2021 [6h 7d]
drosais71: folds 
galiway777: folds 
Mahu2021: folds 
zeiggi: folds 
kamilica123: folds 
N00bStarz: folds 
michaelho279: folds 
michaelho279 is sitting out
Uncalled bet (4000) returned to Avskum2010
Avskum2010 collected 14400 from pot
Avskum2010: doesn't show hand 
*** SUMMARY ***
Total pot 14400 | Rake 0 
Seat 1: Mahu2021 folded before Flop (didn't bet)
Seat 2: zeiggi folded before Flop (didn't bet)
Seat 3: kamilica123 folded before Flop (didn't bet)
Seat 4: N00bStarz (button) folded before Flop (didn't bet)
Seat 5: michaelho279 (small blind) folded before Flop
Seat 6: Avskum2010 (big blind) collected (14400)
Seat 7: drosais71 folded before Flop (didn't bet)
Seat 8: galiway777 folded before Flop (didn't bet)



PokerStars Hand #251451080888: Tournament #3775177211, $1.40+$0.10 USD Hold'em No Limit - Level XVII (4000/8000) - 2024/07/12 15:53:59 CET [2024/07/12 9:53:59 ET]
Table '3775177211 14' 8-max Seat #5 is the button
Seat 1: Mahu2021 (81220 in chips) 
Seat 2: zeiggi (38176 in chips) 
Seat 3: kamilica123 (37624 in chips) is sitting out
Seat 4: N00bStarz (37525 in chips) 
Seat 5: michaelho279 (70800 in chips) is sitting out
Seat 6: Avskum2010 (68900 in chips) 
Seat 7: drosais71 (40924 in chips) is sitting out
Seat 8: galiway777 (89160 in chips) 
Mahu2021: posts the ante 800
zeiggi: posts the ante 800
kamilica123: posts the ante 800
N00bStarz: posts the ante 800
michaelho279: posts the ante 800
Avskum2010: posts the ante 800
drosais71: posts the ante 800
galiway777: posts the ante 800
Avskum2010: posts small blind 4000
drosais71: posts big blind 8000
*** HOLE CARDS ***
Dealt to Mahu2021 [8s 7c]
galiway777: folds 
Mahu2021: folds 
michaelho279 has returned
zeiggi: folds 
kamilica123: folds 
N00bStarz: folds 
kamilica123 has returned
michaelho279: calls 8000
Avskum2010: folds 
drosais71: folds 
michaelho279 collected 26400 from pot
*** SUMMARY ***
Total pot 26400 | Rake 0 
Seat 1: Mahu2021 folded before Flop (didn't bet)
Seat 2: zeiggi folded before Flop (didn't bet)
Seat 3: kamilica123 folded before Flop (didn't bet)
Seat 4: N00bStarz folded before Flop (didn't bet)
Seat 5: michaelho279 (button) collected (26400)
Seat 6: Avskum2010 (small blind) folded before Flop
Seat 7: drosais71 (big blind) folded before Flop
Seat 8: galiway777 folded before Flop (didn't bet)



PokerStars Hand #251451084940: Tournament #3775177211, $1.40+$0.10 USD Hold'em No Limit - Level XVII (4000/8000) - 2024/07/12 15:54:21 CET [2024/07/12 9:54:21 ET]
Table '3775177211 14' 8-max Seat #6 is the button
Seat 1: Mahu2021 (80420 in chips) 
Seat 2: zeiggi (37376 in chips) 
Seat 3: kamilica123 (36824 in chips) 
Seat 4: N00bStarz (36725 in chips) 
Seat 5: michaelho279 (88400 in chips) 
Seat 6: Avskum2010 (64100 in chips) 
Seat 7: drosais71 (32124 in chips) is sitting out
Seat 8: galiway777 (88360 in chips) 
Mahu2021: posts the ante 800
zeiggi: posts the ante 800
kamilica123: posts the ante 800
N00bStarz: posts the ante 800
michaelho279: posts the ante 800
Avskum2010: posts the ante 800
drosais71: posts the ante 800
galiway777: posts the ante 800
drosais71: posts small blind 4000
galiway777: posts big blind 8000
*** HOLE CARDS ***
Dealt to Mahu2021 [4d Qh]
Mahu2021: folds 
zeiggi: raises 28576 to 36576 and is all-in
kamilica123: folds 
N00bStarz: folds 
michaelho279: folds 
michaelho279 is sitting out
Avskum2010: folds 
drosais71: folds 
galiway777: folds 
Uncalled bet (28576) returned to zeiggi
zeiggi collected 26400 from pot
zeiggi: doesn't show hand 
*** SUMMARY ***
Total pot 26400 | Rake 0 
Seat 1: Mahu2021 folded before Flop (didn't bet)
Seat 2: zeiggi collected (26400)
Seat 3: kamilica123 folded before Flop (didn't bet)
Seat 4: N00bStarz folded before Flop (didn't bet)
Seat 5: michaelho279 folded before Flop (didn't bet)
Seat 6: Avskum2010 (button) folded before Flop (didn't bet)
Seat 7: drosais71 (small blind) folded before Flop
Seat 8: galiway777 (big blind) folded before Flop



PokerStars Hand #251451089234: Tournament #3775177211, $1.40+$0.10 USD Hold'em No Limit - Level XVII (4000/8000) - 2024/07/12 15:54:44 CET [2024/07/12 9:54:44 ET]
Table '3775177211 14' 8-max Seat #7 is the button
Seat 1: Mahu2021 (79620 in chips) 
Seat 2: zeiggi (54976 in chips) 
Seat 3: kamilica123 (36024 in chips) 
Seat 4: N00bStarz (35925 in chips) 
Seat 5: michaelho279 (87600 in chips) is sitting out
Seat 6: Avskum2010 (63300 in chips) 
Seat 7: drosais71 (27324 in chips) is sitting out
Seat 8: galiway777 (79560 in chips) 
Mahu2021: posts the ante 800
zeiggi: posts the ante 800
kamilica123: posts the ante 800
N00bStarz: posts the ante 800
michaelho279: posts the ante 800
Avskum2010: posts the ante 800
drosais71: posts the ante 800
galiway777: posts the ante 800
galiway777: posts small blind 4000
Mahu2021: posts big blind 8000
*** HOLE CARDS ***
Dealt to Mahu2021 [5h Ks]
zeiggi: raises 46176 to 54176 and is all-in
kamilica123: folds 
kamilica123 is sitting out
kamilica123 has returned
N00bStarz: folds 
michaelho279: folds 
Avskum2010: folds 
drosais71: folds 
galiway777: folds 
Mahu2021: folds 
Uncalled bet (46176) returned to zeiggi
zeiggi collected 26400 from pot
zeiggi: doesn't show hand 
*** SUMMARY ***
Total pot 26400 | Rake 0 
Seat 1: Mahu2021 (big blind) folded before Flop
Seat 2: zeiggi collected (26400)
Seat 3: kamilica123 folded before Flop (didn't bet)
Seat 4: N00bStarz folded before Flop (didn't bet)
Seat 5: michaelho279 folded before Flop (didn't bet)
Seat 6: Avskum2010 folded before Flop (didn't bet)
Seat 7: drosais71 (button) folded before Flop (didn't bet)
Seat 8: galiway777 (small blind) folded before Flop



PokerStars Hand #251451151198: Tournament #3775177211, $1.40+$0.10 USD Hold'em No Limit - Level XVII (4000/8000) - 2024/07/12 16:01:27 CET [2024/07/12 10:01:27 ET]
Table '3775177211 14' 8-max Seat #8 is the button
Seat 1: Mahu2021 (70820 in chips) 
Seat 2: zeiggi (72576 in chips) 
Seat 3: kamilica123 (35224 in chips) 
Seat 4: N00bStarz (35125 in chips) 
Seat 5: michaelho279 (86800 in chips) is sitting out
Seat 6: Avskum2010 (62500 in chips) 
Seat 7: drosais71 (26524 in chips) is sitting out
Seat 8: galiway777 (74760 in chips) 
Mahu2021: posts the ante 800
zeiggi: posts the ante 800
kamilica123: posts the ante 800
N00bStarz: posts the ante 800
michaelho279: posts the ante 800
Avskum2010: posts the ante 800
drosais71: posts the ante 800
galiway777: posts the ante 800
Mahu2021: posts small blind 4000
zeiggi: posts big blind 8000
*** HOLE CARDS ***
Dealt to Mahu2021 [Td 6s]
michaelho279 has returned
kamilica123 is connected 
kamilica123 is connected 
kamilica123: folds 
N00bStarz has timed out
N00bStarz: folds 
N00bStarz is sitting out
michaelho279: raises 8000 to 16000
Avskum2010: folds 
drosais71: folds 
galiway777: folds 
Mahu2021: folds 
zeiggi: folds 
Uncalled bet (8000) returned to michaelho279
michaelho279 collected 26400 from pot
*** SUMMARY ***
Total pot 26400 | Rake 0 
Seat 1: Mahu2021 (small blind) folded before Flop
Seat 2: zeiggi (big blind) folded before Flop
Seat 3: kamilica123 folded before Flop (didn't bet)
Seat 4: N00bStarz folded before Flop (didn't bet)
Seat 5: michaelho279 collected (26400)
Seat 6: Avskum2010 folded before Flop (didn't bet)
Seat 7: drosais71 folded before Flop (didn't bet)
Seat 8: galiway777 (button) folded before Flop (didn't bet)



PokerStars Hand #251451158790: Tournament #3775177211, $1.40+$0.10 USD Hold'em No Limit - Level XVII (4000/8000) - 2024/07/12 16:02:08 CET [2024/07/12 10:02:08 ET]
Table '3775177211 14' 8-max Seat #1 is the button
Seat 1: Mahu2021 (66020 in chips) 
Seat 2: zeiggi (63776 in chips) 
Seat 3: kamilica123 (34424 in chips) 
Seat 4: N00bStarz (34325 in chips) is sitting out
Seat 5: michaelho279 (104400 in chips) 
Seat 6: Avskum2010 (61700 in chips) 
Seat 7: drosais71 (25724 in chips) is sitting out
Seat 8: galiway777 (73960 in chips) 
Mahu2021: posts the ante 800
zeiggi: posts the ante 800
kamilica123: posts the ante 800
N00bStarz: posts the ante 800
michaelho279: posts the ante 800
Avskum2010: posts the ante 800
drosais71: posts the ante 800
galiway777: posts the ante 800
zeiggi: posts small blind 4000
kamilica123: posts big blind 8000
*** HOLE CARDS ***
Dealt to Mahu2021 [8d Jd]
N00bStarz: folds 
N00bStarz has returned
michaelho279: calls 8000
Avskum2010: folds 
drosais71: folds 
galiway777: folds 
Mahu2021: folds 
zeiggi: folds 
kamilica123: checks 
*** FLOP *** [Qh 7c 9h]
kamilica123: checks 
michaelho279: checks 
*** TURN *** [Qh 7c 9h] [3d]
kamilica123: checks 
michaelho279: bets 16000
kamilica123: calls 16000
*** RIVER *** [Qh 7c 9h 3d] [7d]
kamilica123: bets 9624 and is all-in
michaelho279: folds 
Uncalled bet (9624) returned to kamilica123
kamilica123 collected 58400 from pot
*** SUMMARY ***
Total pot 58400 | Rake 0 
Board [Qh 7c 9h 3d 7d]
Seat 1: Mahu2021 (button) folded before Flop (didn't bet)
Seat 2: zeiggi (small blind) folded before Flop
Seat 3: kamilica123 (big blind) collected (58400)
Seat 4: N00bStarz folded before Flop (didn't bet)
Seat 5: michaelho279 folded on the River
Seat 6: Avskum2010 folded before Flop (didn't bet)
Seat 7: drosais71 folded before Flop (didn't bet)
Seat 8: galiway777 folded before Flop (didn't bet)



PokerStars Hand #251451182080: Tournament #3775177211, $1.40+$0.10 USD Hold'em No Limit - Level XVIII (5000/10000) - 2024/07/12 16:04:13 CET [2024/07/12 10:04:13 ET]
Table '3775177211 14' 8-max Seat #2 is the button
Seat 1: Mahu2021 (65220 in chips) 
Seat 2: zeiggi (58976 in chips) 
Seat 3: kamilica123 (68024 in chips) 
Seat 4: N00bStarz (33525 in chips) 
Seat 5: michaelho279 (79600 in chips) 
Seat 6: Avskum2010 (60900 in chips) 
Seat 7: drosais71 (24924 in chips) is sitting out
Seat 8: galiway777 (73160 in chips) 
Mahu2021: posts the ante 1000
zeiggi: posts the ante 1000
kamilica123: posts the ante 1000
N00bStarz: posts the ante 1000
michaelho279: posts the ante 1000
Avskum2010: posts the ante 1000
drosais71: posts the ante 1000
galiway777: posts the ante 1000
kamilica123: posts small blind 5000
N00bStarz: posts big blind 10000
*** HOLE CARDS ***
Dealt to Mahu2021 [Jd 4h]
michaelho279: folds 
Avskum2010: folds 
drosais71: folds 
galiway777: folds 
Mahu2021: folds 
zeiggi: folds 
kamilica123: folds 
Uncalled bet (5000) returned to N00bStarz
N00bStarz collected 18000 from pot
N00bStarz: doesn't show hand 
*** SUMMARY ***
Total pot 18000 | Rake 0 
Seat 1: Mahu2021 folded before Flop (didn't bet)
Seat 2: zeiggi (button) folded before Flop (didn't bet)
Seat 3: kamilica123 (small blind) folded before Flop
Seat 4: N00bStarz (big blind) collected (18000)
Seat 5: michaelho279 folded before Flop (didn't bet)
Seat 6: Avskum2010 folded before Flop (didn't bet)
Seat 7: drosais71 folded before Flop (didn't bet)
Seat 8: galiway777 folded before Flop (didn't bet)



PokerStars Hand #251451195262: Tournament #3775177211, $1.40+$0.10 USD Hold'em No Limit - Level XVIII (5000/10000) - 2024/07/12 16:05:23 CET [2024/07/12 10:05:23 ET]
Table '3775177211 14' 8-max Seat #3 is the button
Seat 1: Mahu2021 (64220 in chips) 
Seat 2: zeiggi (57976 in chips) 
Seat 3: kamilica123 (62024 in chips) 
Seat 4: N00bStarz (45525 in chips) 
Seat 5: michaelho279 (78600 in chips) 
Seat 6: Avskum2010 (59900 in chips) 
Seat 7: drosais71 (23924 in chips) is sitting out
Seat 8: galiway777 (72160 in chips) 
Mahu2021: posts the ante 1000
zeiggi: posts the ante 1000
kamilica123: posts the ante 1000
N00bStarz: posts the ante 1000
michaelho279: posts the ante 1000
Avskum2010: posts the ante 1000
drosais71: posts the ante 1000
galiway777: posts the ante 1000
N00bStarz: posts small blind 5000
michaelho279: posts big blind 10000
*** HOLE CARDS ***
Dealt to Mahu2021 [2d 5c]
Avskum2010: folds 
drosais71: folds 
galiway777: folds 
Mahu2021: folds 
zeiggi: folds 
kamilica123: folds 
N00bStarz: folds 
Uncalled bet (5000) returned to michaelho279
michaelho279 collected 18000 from pot
*** SUMMARY ***
Total pot 18000 | Rake 0 
Seat 1: Mahu2021 folded before Flop (didn't bet)
Seat 2: zeiggi folded before Flop (didn't bet)
Seat 3: kamilica123 (button) folded before Flop (didn't bet)
Seat 4: N00bStarz (small blind) folded before Flop
Seat 5: michaelho279 (big blind) collected (18000)
Seat 6: Avskum2010 folded before Flop (didn't bet)
Seat 7: drosais71 folded before Flop (didn't bet)
Seat 8: galiway777 folded before Flop (didn't bet)



PokerStars Hand #251451207422: Tournament #3775177211, $1.40+$0.10 USD Hold'em No Limit - Level XIX (6000/12000) - 2024/07/12 16:06:28 CET [2024/07/12 10:06:28 ET]
Table '3775177211 14' 8-max Seat #4 is the button
Seat 1: Mahu2021 (63220 in chips) 
Seat 2: zeiggi (56976 in chips) 
Seat 3: kamilica123 (61024 in chips) 
Seat 4: N00bStarz (39525 in chips) 
Seat 5: michaelho279 (90600 in chips) 
Seat 6: Avskum2010 (58900 in chips) 
Seat 7: drosais71 (22924 in chips) is sitting out
Seat 8: galiway777 (71160 in chips) 
Mahu2021: posts the ante 1200
zeiggi: posts the ante 1200
kamilica123: posts the ante 1200
N00bStarz: posts the ante 1200
michaelho279: posts the ante 1200
Avskum2010: posts the ante 1200
drosais71: posts the ante 1200
galiway777: posts the ante 1200
michaelho279: posts small blind 6000
Avskum2010: posts big blind 12000
*** HOLE CARDS ***
Dealt to Mahu2021 [3h 7h]
drosais71: folds 
galiway777 has timed out
galiway777: folds 
galiway777 is sitting out
Mahu2021: folds 
zeiggi: folds 
galiway777 has returned
kamilica123: raises 12000 to 24000
N00bStarz: folds 
michaelho279: calls 18000
Avskum2010: folds 
*** FLOP *** [5h Qs 2h]
michaelho279: checks 
kamilica123: checks 
*** TURN *** [5h Qs 2h] [Td]
michaelho279: bets 24000
kamilica123: folds [Kh Qc]
Uncalled bet (24000) returned to michaelho279
michaelho279 collected 69600 from pot
N00bStarz finished the tournament in 1st place
N00bStarz wins an entry to tournament #3775177100
kamilica123 finished the tournament in 1st place
kamilica123 wins an entry to tournament #3775177100
Mahu2021 finished the tournament in 1st place
Mahu2021 wins an entry to tournament #3775177100
zeiggi finished the tournament in 1st place
zeiggi wins an entry to tournament #3775177100
galiway777 finished the tournament in 1st place
galiway777 wins an entry to tournament #3775177100
Avskum2010 finished the tournament in 1st place
Avskum2010 wins an entry to tournament #3775177100
michaelho279 finished the tournament in 1st place
michaelho279 wins an entry to tournament #3775177100
michaelho279: doesn't show hand 
drosais71 finished the tournament in 1st place
drosais71 wins an entry to tournament #3775177100
*** SUMMARY ***
Total pot 69600 | Rake 0 
Board [5h Qs 2h Td]
Seat 1: Mahu2021 folded before Flop (didn't bet)
Seat 2: zeiggi folded before Flop (didn't bet)
Seat 3: kamilica123 folded on the Turn
Seat 4: N00bStarz (button) folded before Flop (didn't bet)
Seat 5: michaelho279 (small blind) collected (69600)
Seat 6: Avskum2010 (big blind) folded before Flop
Seat 7: drosais71 folded before Flop (didn't bet)
Seat 8: galiway777 folded before Flop (didn't bet)



