PokerStars Hand #255406111884: Tournament #3871689115, $0.46+$0.04 USD Hold'em No Limit - Level I (10/20) - 2025/03/22 22:42:14 CET [2025/03/22 17:42:14 ET]
Table '3871689115 1' 3-max Seat #1 is the button
Seat 1: Jelvers (500 in chips) 
Seat 2: Simetra007 (500 in chips) 
Seat 3: Mahu2021 (500 in chips) 
Simetra007: posts small blind 10
Mahu2021: posts big blind 20
*** HOLE CARDS ***
Dealt to Mahu2021 [8d 8h]
Jelvers: folds 
Simetra007: folds 
Uncalled bet (10) returned to Mahu2021
Mahu2021 collected 20 from pot
Mahu2021: doesn't show hand 
*** SUMMARY ***
Total pot 20 | Rake 0 
Seat 1: Jelvers (button) folded before Flop (didn't bet)
Seat 2: Simetra007 (small blind) folded before Flop
Seat 3: Mahu2021 (big blind) collected (20)



PokerStars Hand #255406113263: Tournament #3871689115, $0.46+$0.04 USD Hold'em No Limit - Level I (10/20) - 2025/03/22 22:42:19 CET [2025/03/22 17:42:19 ET]
Table '3871689115 1' 3-max Seat #2 is the button
Seat 1: Jelvers (500 in chips) 
Seat 2: Simetra007 (490 in chips) 
Seat 3: Mahu2021 (510 in chips) 
Mahu2021: posts small blind 10
Jelvers: posts big blind 20
*** HOLE CARDS ***
Dealt to Mahu2021 [6d 6s]
Simetra007: calls 20
Mahu2021: raises 490 to 510 and is all-in
Jelvers: folds 
Simetra007: folds 
Uncalled bet (490) returned to Mahu2021
Mahu2021 collected 60 from pot
Mahu2021: doesn't show hand 
*** SUMMARY ***
Total pot 60 | Rake 0 
Seat 1: Jelvers (big blind) folded before Flop
Seat 2: Simetra007 (button) folded before Flop
Seat 3: Mahu2021 (small blind) collected (60)



PokerStars Hand #255406116549: Tournament #3871689115, $0.46+$0.04 USD Hold'em No Limit - Level I (10/20) - 2025/03/22 22:42:31 CET [2025/03/22 17:42:31 ET]
Table '3871689115 1' 3-max Seat #3 is the button
Seat 1: Jelvers (480 in chips) 
Seat 2: Simetra007 (470 in chips) 
Seat 3: Mahu2021 (550 in chips) 
Jelvers: posts small blind 10
Simetra007: posts big blind 20
*** HOLE CARDS ***
Dealt to Mahu2021 [Jc 8s]
Mahu2021: folds 
Jelvers: calls 10
Simetra007: checks 
*** FLOP *** [Ad Ks Ah]
Jelvers: checks 
Simetra007: checks 
*** TURN *** [Ad Ks Ah] [3s]
Jelvers: checks 
Simetra007: bets 20
Jelvers: folds 
Uncalled bet (20) returned to Simetra007
Simetra007 collected 40 from pot
*** SUMMARY ***
Total pot 40 | Rake 0 
Board [Ad Ks Ah 3s]
Seat 1: Jelvers (small blind) folded on the Turn
Seat 2: Simetra007 (big blind) collected (40)
Seat 3: Mahu2021 (button) folded before Flop (didn't bet)



PokerStars Hand #255406121080: Tournament #3871689115, $0.46+$0.04 USD Hold'em No Limit - Level I (10/20) - 2025/03/22 22:42:47 CET [2025/03/22 17:42:47 ET]
Table '3871689115 1' 3-max Seat #1 is the button
Seat 1: Jelvers (460 in chips) 
Seat 2: Simetra007 (490 in chips) 
Seat 3: Mahu2021 (550 in chips) 
Simetra007: posts small blind 10
Mahu2021: posts big blind 20
*** HOLE CARDS ***
Dealt to Mahu2021 [Jc Ks]
Jelvers: folds 
Simetra007: calls 10
Mahu2021: raises 80 to 100
Simetra007: folds 
Uncalled bet (80) returned to Mahu2021
Mahu2021 collected 40 from pot
Mahu2021: doesn't show hand 
*** SUMMARY ***
Total pot 40 | Rake 0 
Seat 1: Jelvers (button) folded before Flop (didn't bet)
Seat 2: Simetra007 (small blind) folded before Flop
Seat 3: Mahu2021 (big blind) collected (40)



PokerStars Hand #255406125031: Tournament #3871689115, $0.46+$0.04 USD Hold'em No Limit - Level I (10/20) - 2025/03/22 22:43:01 CET [2025/03/22 17:43:01 ET]
Table '3871689115 1' 3-max Seat #2 is the button
Seat 1: Jelvers (460 in chips) 
Seat 2: Simetra007 (470 in chips) 
Seat 3: Mahu2021 (570 in chips) 
Mahu2021: posts small blind 10
Jelvers: posts big blind 20
*** HOLE CARDS ***
Dealt to Mahu2021 [5d Ks]
Simetra007: folds 
Mahu2021: folds 
Uncalled bet (10) returned to Jelvers
Jelvers collected 20 from pot
*** SUMMARY ***
Total pot 20 | Rake 0 
Seat 1: Jelvers (big blind) collected (20)
Seat 2: Simetra007 (button) folded before Flop (didn't bet)
Seat 3: Mahu2021 (small blind) folded before Flop



PokerStars Hand #255406126655: Tournament #3871689115, $0.46+$0.04 USD Hold'em No Limit - Level I (10/20) - 2025/03/22 22:43:07 CET [2025/03/22 17:43:07 ET]
Table '3871689115 1' 3-max Seat #3 is the button
Seat 1: Jelvers (470 in chips) 
Seat 2: Simetra007 (470 in chips) 
Seat 3: Mahu2021 (560 in chips) 
Jelvers: posts small blind 10
Simetra007: posts big blind 20
*** HOLE CARDS ***
Dealt to Mahu2021 [9h Qh]
Mahu2021: raises 20 to 40
Jelvers: calls 30
Simetra007: raises 20 to 60
Mahu2021: calls 20
Jelvers: calls 20
*** FLOP *** [Ts Qd 3c]
Jelvers: bets 20
Simetra007: calls 20
Mahu2021: calls 20
*** TURN *** [Ts Qd 3c] [7c]
Jelvers: checks 
Simetra007: checks 
Mahu2021: bets 80
Jelvers: folds 
Simetra007: folds 
Uncalled bet (80) returned to Mahu2021
Mahu2021 collected 240 from pot
Mahu2021: doesn't show hand 
*** SUMMARY ***
Total pot 240 | Rake 0 
Board [Ts Qd 3c 7c]
Seat 1: Jelvers (small blind) folded on the Turn
Seat 2: Simetra007 (big blind) folded on the Turn
Seat 3: Mahu2021 (button) collected (240)



PokerStars Hand #255406133824: Tournament #3871689115, $0.46+$0.04 USD Hold'em No Limit - Level I (10/20) - 2025/03/22 22:43:33 CET [2025/03/22 17:43:33 ET]
Table '3871689115 1' 3-max Seat #1 is the button
Seat 1: Jelvers (390 in chips) 
Seat 2: Simetra007 (390 in chips) 
Seat 3: Mahu2021 (720 in chips) 
Simetra007: posts small blind 10
Mahu2021: posts big blind 20
*** HOLE CARDS ***
Dealt to Mahu2021 [As 8c]
Jelvers: folds 
Simetra007: folds 
Uncalled bet (10) returned to Mahu2021
Mahu2021 collected 20 from pot
Mahu2021: doesn't show hand 
*** SUMMARY ***
Total pot 20 | Rake 0 
Seat 1: Jelvers (button) folded before Flop (didn't bet)
Seat 2: Simetra007 (small blind) folded before Flop
Seat 3: Mahu2021 (big blind) collected (20)



PokerStars Hand #255406135251: Tournament #3871689115, $0.46+$0.04 USD Hold'em No Limit - Level I (10/20) - 2025/03/22 22:43:38 CET [2025/03/22 17:43:38 ET]
Table '3871689115 1' 3-max Seat #2 is the button
Seat 1: Jelvers (390 in chips) 
Seat 2: Simetra007 (380 in chips) 
Seat 3: Mahu2021 (730 in chips) 
Mahu2021: posts small blind 10
Jelvers: posts big blind 20
*** HOLE CARDS ***
Dealt to Mahu2021 [8d Tc]
Simetra007: raises 20 to 40
Mahu2021: folds 
Jelvers: calls 20
*** FLOP *** [3s Ad Qh]
Jelvers: checks 
Simetra007: bets 20
Jelvers: folds 
Uncalled bet (20) returned to Simetra007
Simetra007 collected 90 from pot
*** SUMMARY ***
Total pot 90 | Rake 0 
Board [3s Ad Qh]
Seat 1: Jelvers (big blind) folded on the Flop
Seat 2: Simetra007 (button) collected (90)
Seat 3: Mahu2021 (small blind) folded before Flop



PokerStars Hand #255406139041: Tournament #3871689115, $0.46+$0.04 USD Hold'em No Limit - Level I (10/20) - 2025/03/22 22:43:52 CET [2025/03/22 17:43:52 ET]
Table '3871689115 1' 3-max Seat #3 is the button
Seat 1: Jelvers (350 in chips) 
Seat 2: Simetra007 (430 in chips) 
Seat 3: Mahu2021 (720 in chips) 
Jelvers: posts small blind 10
Simetra007: posts big blind 20
*** HOLE CARDS ***
Dealt to Mahu2021 [4c Tc]
Mahu2021: folds 
Jelvers: calls 10
Simetra007: checks 
*** FLOP *** [5c 6d Jc]
Jelvers: checks 
Simetra007: bets 20
Jelvers: calls 20
*** TURN *** [5c 6d Jc] [Ac]
Jelvers: checks 
Simetra007: checks 
*** RIVER *** [5c 6d Jc Ac] [8c]
Jelvers: checks 
Simetra007: bets 40
Jelvers: folds 
Uncalled bet (40) returned to Simetra007
Simetra007 collected 80 from pot
*** SUMMARY ***
Total pot 80 | Rake 0 
Board [5c 6d Jc Ac 8c]
Seat 1: Jelvers (small blind) folded on the River
Seat 2: Simetra007 (big blind) collected (80)
Seat 3: Mahu2021 (button) folded before Flop (didn't bet)



PokerStars Hand #255406146641: Tournament #3871689115, $0.46+$0.04 USD Hold'em No Limit - Level II (15/30) - 2025/03/22 22:44:19 CET [2025/03/22 17:44:19 ET]
Table '3871689115 1' 3-max Seat #1 is the button
Seat 1: Jelvers (310 in chips) 
Seat 2: Simetra007 (470 in chips) 
Seat 3: Mahu2021 (720 in chips) 
Simetra007: posts small blind 15
Mahu2021: posts big blind 30
*** HOLE CARDS ***
Dealt to Mahu2021 [7h 9c]
Jelvers: calls 30
Simetra007: calls 15
Mahu2021: checks 
*** FLOP *** [6c As 9d]
Simetra007: checks 
Mahu2021: checks 
Jelvers: checks 
*** TURN *** [6c As 9d] [5s]
Simetra007: bets 30
Mahu2021: calls 30
Jelvers: calls 30
*** RIVER *** [6c As 9d 5s] [3c]
Simetra007: bets 90
Mahu2021: folds 
Jelvers: folds 
Uncalled bet (90) returned to Simetra007
Simetra007 collected 180 from pot
*** SUMMARY ***
Total pot 180 | Rake 0 
Board [6c As 9d 5s 3c]
Seat 1: Jelvers (button) folded on the River
Seat 2: Simetra007 (small blind) collected (180)
Seat 3: Mahu2021 (big blind) folded on the River



PokerStars Hand #255406154733: Tournament #3871689115, $0.46+$0.04 USD Hold'em No Limit - Level II (15/30) - 2025/03/22 22:44:48 CET [2025/03/22 17:44:48 ET]
Table '3871689115 1' 3-max Seat #2 is the button
Seat 1: Jelvers (250 in chips) 
Seat 2: Simetra007 (590 in chips) 
Seat 3: Mahu2021 (660 in chips) 
Mahu2021: posts small blind 15
Jelvers: posts big blind 30
*** HOLE CARDS ***
Dealt to Mahu2021 [7h 8c]
Simetra007: folds 
Mahu2021: raises 30 to 60
Jelvers: folds 
Uncalled bet (30) returned to Mahu2021
Mahu2021 collected 60 from pot
Mahu2021: doesn't show hand 
*** SUMMARY ***
Total pot 60 | Rake 0 
Seat 1: Jelvers (big blind) folded before Flop
Seat 2: Simetra007 (button) folded before Flop (didn't bet)
Seat 3: Mahu2021 (small blind) collected (60)



PokerStars Hand #255406156842: Tournament #3871689115, $0.46+$0.04 USD Hold'em No Limit - Level II (15/30) - 2025/03/22 22:44:56 CET [2025/03/22 17:44:56 ET]
Table '3871689115 1' 3-max Seat #3 is the button
Seat 1: Jelvers (220 in chips) 
Seat 2: Simetra007 (590 in chips) 
Seat 3: Mahu2021 (690 in chips) 
Jelvers: posts small blind 15
Simetra007: posts big blind 30
*** HOLE CARDS ***
Dealt to Mahu2021 [3d Ad]
Mahu2021: raises 30 to 60
Jelvers: calls 45
Simetra007: raises 30 to 90
Mahu2021: calls 30
Jelvers: calls 30
*** FLOP *** [As Ac Jh]
Jelvers: checks 
Simetra007: bets 30
Mahu2021: raises 90 to 120
Jelvers: folds 
Simetra007: raises 90 to 210
Mahu2021: raises 390 to 600 and is all-in
Simetra007: calls 290 and is all-in
Uncalled bet (100) returned to Mahu2021
*** TURN *** [As Ac Jh] [7s]
*** RIVER *** [As Ac Jh 7s] [3s]
*** SHOW DOWN ***
Simetra007: shows [3h Ah] (a full house, Aces full of Threes)
Mahu2021: shows [3d Ad] (a full house, Aces full of Threes)
Simetra007 collected 635 from pot
Mahu2021 collected 635 from pot
*** SUMMARY ***
Total pot 1270 | Rake 0 
Board [As Ac Jh 7s 3s]
Seat 1: Jelvers (small blind) folded on the Flop
Seat 2: Simetra007 (big blind) showed [3h Ah] and won (635) with a full house, Aces full of Threes
Seat 3: Mahu2021 (button) showed [3d Ad] and won (635) with a full house, Aces full of Threes



PokerStars Hand #255406164486: Tournament #3871689115, $0.46+$0.04 USD Hold'em No Limit - Level II (15/30) - 2025/03/22 22:45:24 CET [2025/03/22 17:45:24 ET]
Table '3871689115 1' 3-max Seat #1 is the button
Seat 1: Jelvers (130 in chips) 
Seat 2: Simetra007 (635 in chips) 
Seat 3: Mahu2021 (735 in chips) 
Simetra007: posts small blind 15
Mahu2021: posts big blind 30
*** HOLE CARDS ***
Dealt to Mahu2021 [Jh 3c]
Jelvers: calls 30
Simetra007: calls 15
Mahu2021: checks 
*** FLOP *** [7h 2s 5d]
Simetra007: checks 
Mahu2021: checks 
Jelvers: checks 
*** TURN *** [7h 2s 5d] [Tc]
Simetra007: checks 
Mahu2021: checks 
Jelvers: checks 
*** RIVER *** [7h 2s 5d Tc] [Kd]
Simetra007: checks 
Mahu2021: checks 
Jelvers: checks 
*** SHOW DOWN ***
Simetra007: shows [9h 6c] (high card King)
Mahu2021: shows [Jh 3c] (high card King - Jack kicker)
Jelvers: shows [Ad 6s] (high card Ace)
Jelvers collected 90 from pot
*** SUMMARY ***
Total pot 90 | Rake 0 
Board [7h 2s 5d Tc Kd]
Seat 1: Jelvers (button) showed [Ad 6s] and won (90) with high card Ace
Seat 2: Simetra007 (small blind) showed [9h 6c] and lost with high card King
Seat 3: Mahu2021 (big blind) showed [Jh 3c] and lost with high card King



PokerStars Hand #255406172526: Tournament #3871689115, $0.46+$0.04 USD Hold'em No Limit - Level II (15/30) - 2025/03/22 22:45:53 CET [2025/03/22 17:45:53 ET]
Table '3871689115 1' 3-max Seat #2 is the button
Seat 1: Jelvers (190 in chips) 
Seat 2: Simetra007 (605 in chips) 
Seat 3: Mahu2021 (705 in chips) 
Mahu2021: posts small blind 15
Jelvers: posts big blind 30
*** HOLE CARDS ***
Dealt to Mahu2021 [Kc 5h]
Simetra007: calls 30
Mahu2021: calls 15
Jelvers: checks 
*** FLOP *** [Jd 6h 4c]
Mahu2021: checks 
Jelvers: checks 
Simetra007: bets 30
Mahu2021: folds 
Jelvers: calls 30
*** TURN *** [Jd 6h 4c] [7s]
Jelvers: checks 
Simetra007: bets 30
Jelvers: calls 30
*** RIVER *** [Jd 6h 4c 7s] [2h]
Jelvers: checks 
Simetra007: bets 180
Jelvers: calls 100 and is all-in
Uncalled bet (80) returned to Simetra007
*** SHOW DOWN ***
Simetra007: shows [Jh Js] (three of a kind, Jacks)
Jelvers: shows [Th 4d] (a pair of Fours)
Simetra007 collected 410 from pot
Jelvers finished the tournament in 3rd place
*** SUMMARY ***
Total pot 410 | Rake 0 
Board [Jd 6h 4c 7s 2h]
Seat 1: Jelvers (big blind) showed [Th 4d] and lost with a pair of Fours
Seat 2: Simetra007 (button) showed [Jh Js] and won (410) with three of a kind, Jacks
Seat 3: Mahu2021 (small blind) folded on the Flop



PokerStars Hand #255406182376: Tournament #3871689115, $0.46+$0.04 USD Hold'em No Limit - Level III (20/40) - 2025/03/22 22:46:28 CET [2025/03/22 17:46:28 ET]
Table '3871689115 1' 3-max Seat #3 is the button
Seat 2: Simetra007 (825 in chips) 
Seat 3: Mahu2021 (675 in chips) 
Mahu2021: posts small blind 20
Simetra007: posts big blind 40
*** HOLE CARDS ***
Dealt to Mahu2021 [7h 9h]
Mahu2021: raises 40 to 80
Simetra007: folds 
Uncalled bet (40) returned to Mahu2021
Mahu2021 collected 80 from pot
Mahu2021: doesn't show hand 
*** SUMMARY ***
Total pot 80 | Rake 0 
Seat 2: Simetra007 (big blind) folded before Flop
Seat 3: Mahu2021 (button) (small blind) collected (80)



PokerStars Hand #255406184321: Tournament #3871689115, $0.46+$0.04 USD Hold'em No Limit - Level III (20/40) - 2025/03/22 22:46:35 CET [2025/03/22 17:46:35 ET]
Table '3871689115 1' 3-max Seat #2 is the button
Seat 2: Simetra007 (785 in chips) 
Seat 3: Mahu2021 (715 in chips) 
Simetra007: posts small blind 20
Mahu2021: posts big blind 40
*** HOLE CARDS ***
Dealt to Mahu2021 [2d 3d]
Simetra007: folds 
Uncalled bet (20) returned to Mahu2021
Mahu2021 collected 40 from pot
Mahu2021: doesn't show hand 
*** SUMMARY ***
Total pot 40 | Rake 0 
Seat 2: Simetra007 (button) (small blind) folded before Flop
Seat 3: Mahu2021 (big blind) collected (40)



PokerStars Hand #255406186326: Tournament #3871689115, $0.46+$0.04 USD Hold'em No Limit - Level III (20/40) - 2025/03/22 22:46:42 CET [2025/03/22 17:46:42 ET]
Table '3871689115 1' 3-max Seat #3 is the button
Seat 2: Simetra007 (765 in chips) 
Seat 3: Mahu2021 (735 in chips) 
Mahu2021: posts small blind 20
Simetra007: posts big blind 40
*** HOLE CARDS ***
Dealt to Mahu2021 [Ks 7d]
Mahu2021: calls 20
Simetra007: checks 
*** FLOP *** [Ad As Jd]
Simetra007: checks 
Mahu2021: bets 40
Simetra007: calls 40
*** TURN *** [Ad As Jd] [Td]
Simetra007: checks 
Mahu2021: checks 
*** RIVER *** [Ad As Jd Td] [5c]
Simetra007: bets 120
Mahu2021: folds 
Uncalled bet (120) returned to Simetra007
Simetra007 collected 160 from pot
*** SUMMARY ***
Total pot 160 | Rake 0 
Board [Ad As Jd Td 5c]
Seat 2: Simetra007 (big blind) collected (160)
Seat 3: Mahu2021 (button) (small blind) folded on the River



PokerStars Hand #255406192840: Tournament #3871689115, $0.46+$0.04 USD Hold'em No Limit - Level III (20/40) - 2025/03/22 22:47:06 CET [2025/03/22 17:47:06 ET]
Table '3871689115 1' 3-max Seat #2 is the button
Seat 2: Simetra007 (845 in chips) 
Seat 3: Mahu2021 (655 in chips) 
Simetra007: posts small blind 20
Mahu2021: posts big blind 40
*** HOLE CARDS ***
Dealt to Mahu2021 [8h 9c]
Simetra007: calls 20
Mahu2021: checks 
*** FLOP *** [2s 5h 6c]
Mahu2021: checks 
Simetra007: checks 
*** TURN *** [2s 5h 6c] [Td]
Mahu2021: checks 
Simetra007: bets 40
Mahu2021: calls 40
*** RIVER *** [2s 5h 6c Td] [3h]
Mahu2021: checks 
Simetra007: bets 120
Mahu2021: folds 
Uncalled bet (120) returned to Simetra007
Simetra007 collected 160 from pot
*** SUMMARY ***
Total pot 160 | Rake 0 
Board [2s 5h 6c Td 3h]
Seat 2: Simetra007 (button) (small blind) collected (160)
Seat 3: Mahu2021 (big blind) folded on the River



PokerStars Hand #255406201247: Tournament #3871689115, $0.46+$0.04 USD Hold'em No Limit - Level III (20/40) - 2025/03/22 22:47:37 CET [2025/03/22 17:47:37 ET]
Table '3871689115 1' 3-max Seat #3 is the button
Seat 2: Simetra007 (925 in chips) 
Seat 3: Mahu2021 (575 in chips) 
Mahu2021: posts small blind 20
Simetra007: posts big blind 40
*** HOLE CARDS ***
Dealt to Mahu2021 [9h Ts]
Mahu2021: raises 40 to 80
Simetra007: folds 
Uncalled bet (40) returned to Mahu2021
Mahu2021 collected 80 from pot
Mahu2021: doesn't show hand 
*** SUMMARY ***
Total pot 80 | Rake 0 
Seat 2: Simetra007 (big blind) folded before Flop
Seat 3: Mahu2021 (button) (small blind) collected (80)



PokerStars Hand #255406203905: Tournament #3871689115, $0.46+$0.04 USD Hold'em No Limit - Level III (20/40) - 2025/03/22 22:47:46 CET [2025/03/22 17:47:46 ET]
Table '3871689115 1' 3-max Seat #2 is the button
Seat 2: Simetra007 (885 in chips) 
Seat 3: Mahu2021 (615 in chips) 
Simetra007: posts small blind 20
Mahu2021: posts big blind 40
*** HOLE CARDS ***
Dealt to Mahu2021 [Td 3h]
Simetra007: folds 
Uncalled bet (20) returned to Mahu2021
Mahu2021 collected 40 from pot
Mahu2021: doesn't show hand 
*** SUMMARY ***
Total pot 40 | Rake 0 
Seat 2: Simetra007 (button) (small blind) folded before Flop
Seat 3: Mahu2021 (big blind) collected (40)



PokerStars Hand #255406206091: Tournament #3871689115, $0.46+$0.04 USD Hold'em No Limit - Level III (20/40) - 2025/03/22 22:47:54 CET [2025/03/22 17:47:54 ET]
Table '3871689115 1' 3-max Seat #3 is the button
Seat 2: Simetra007 (865 in chips) 
Seat 3: Mahu2021 (635 in chips) 
Mahu2021: posts small blind 20
Simetra007: posts big blind 40
*** HOLE CARDS ***
Dealt to Mahu2021 [6d Ah]
Mahu2021: raises 40 to 80
Simetra007: folds 
Uncalled bet (40) returned to Mahu2021
Mahu2021 collected 80 from pot
Mahu2021: doesn't show hand 
*** SUMMARY ***
Total pot 80 | Rake 0 
Seat 2: Simetra007 (big blind) folded before Flop
Seat 3: Mahu2021 (button) (small blind) collected (80)



PokerStars Hand #255406207741: Tournament #3871689115, $0.46+$0.04 USD Hold'em No Limit - Level III (20/40) - 2025/03/22 22:48:00 CET [2025/03/22 17:48:00 ET]
Table '3871689115 1' 3-max Seat #2 is the button
Seat 2: Simetra007 (825 in chips) 
Seat 3: Mahu2021 (675 in chips) 
Simetra007: posts small blind 20
Mahu2021: posts big blind 40
*** HOLE CARDS ***
Dealt to Mahu2021 [3d Qd]
Simetra007: calls 20
Mahu2021: checks 
*** FLOP *** [Jc As Th]
Mahu2021: checks 
Simetra007: bets 40
Mahu2021: calls 40
*** TURN *** [Jc As Th] [8h]
Mahu2021: checks 
Simetra007: checks 
*** RIVER *** [Jc As Th 8h] [Qs]
Mahu2021: bets 160
Simetra007: calls 160
*** SHOW DOWN ***
Mahu2021: shows [3d Qd] (a pair of Queens)
Simetra007: shows [Qc 6c] (a pair of Queens)
Mahu2021 collected 240 from pot
Simetra007 collected 240 from pot
*** SUMMARY ***
Total pot 480 | Rake 0 
Board [Jc As Th 8h Qs]
Seat 2: Simetra007 (button) (small blind) showed [Qc 6c] and won (240) with a pair of Queens
Seat 3: Mahu2021 (big blind) showed [3d Qd] and won (240) with a pair of Queens



PokerStars Hand #255406214357: Tournament #3871689115, $0.46+$0.04 USD Hold'em No Limit - Level IV (30/60) - 2025/03/22 22:48:24 CET [2025/03/22 17:48:24 ET]
Table '3871689115 1' 3-max Seat #3 is the button
Seat 2: Simetra007 (825 in chips) 
Seat 3: Mahu2021 (675 in chips) 
Mahu2021: posts small blind 30
Simetra007: posts big blind 60
*** HOLE CARDS ***
Dealt to Mahu2021 [2h Th]
Mahu2021: calls 30
Simetra007: checks 
*** FLOP *** [4c Ts 5c]
Simetra007: bets 60
Mahu2021: raises 120 to 180
Simetra007: folds 
Uncalled bet (120) returned to Mahu2021
Mahu2021 collected 240 from pot
Mahu2021: doesn't show hand 
*** SUMMARY ***
Total pot 240 | Rake 0 
Board [4c Ts 5c]
Seat 2: Simetra007 (big blind) folded on the Flop
Seat 3: Mahu2021 (button) (small blind) collected (240)



PokerStars Hand #255406218852: Tournament #3871689115, $0.46+$0.04 USD Hold'em No Limit - Level IV (30/60) - 2025/03/22 22:48:40 CET [2025/03/22 17:48:40 ET]
Table '3871689115 1' 3-max Seat #2 is the button
Seat 2: Simetra007 (705 in chips) 
Seat 3: Mahu2021 (795 in chips) 
Simetra007: posts small blind 30
Mahu2021: posts big blind 60
*** HOLE CARDS ***
Dealt to Mahu2021 [Ks 5c]
Simetra007: raises 60 to 120
Mahu2021: calls 60
*** FLOP *** [5d Js 3d]
Mahu2021: bets 120
Simetra007: raises 120 to 240
Mahu2021: calls 120
*** TURN *** [5d Js 3d] [2h]
Mahu2021: checks 
Simetra007: bets 60
Mahu2021: calls 60
*** RIVER *** [5d Js 3d 2h] [4c]
Mahu2021: checks 
Simetra007: bets 60
Mahu2021: calls 60
*** SHOW DOWN ***
Simetra007: shows [Jc Qc] (a pair of Jacks)
Mahu2021: mucks hand 
Simetra007 collected 960 from pot
*** SUMMARY ***
Total pot 960 | Rake 0 
Board [5d Js 3d 2h 4c]
Seat 2: Simetra007 (button) (small blind) showed [Jc Qc] and won (960) with a pair of Jacks
Seat 3: Mahu2021 (big blind) mucked [Ks 5c]



PokerStars Hand #255406224586: Tournament #3871689115, $0.46+$0.04 USD Hold'em No Limit - Level IV (30/60) - 2025/03/22 22:49:01 CET [2025/03/22 17:49:01 ET]
Table '3871689115 1' 3-max Seat #3 is the button
Seat 2: Simetra007 (1185 in chips) 
Seat 3: Mahu2021 (315 in chips) 
Mahu2021: posts small blind 30
Simetra007: posts big blind 60
*** HOLE CARDS ***
Dealt to Mahu2021 [Ac 8s]
Mahu2021: raises 255 to 315 and is all-in
Simetra007: folds 
Uncalled bet (255) returned to Mahu2021
Mahu2021 collected 120 from pot
Mahu2021: doesn't show hand 
*** SUMMARY ***
Total pot 120 | Rake 0 
Seat 2: Simetra007 (big blind) folded before Flop
Seat 3: Mahu2021 (button) (small blind) collected (120)



PokerStars Hand #255406227113: Tournament #3871689115, $0.46+$0.04 USD Hold'em No Limit - Level IV (30/60) - 2025/03/22 22:49:10 CET [2025/03/22 17:49:10 ET]
Table '3871689115 1' 3-max Seat #2 is the button
Seat 2: Simetra007 (1125 in chips) 
Seat 3: Mahu2021 (375 in chips) 
Simetra007: posts small blind 30
Mahu2021: posts big blind 60
*** HOLE CARDS ***
Dealt to Mahu2021 [5c 6h]
Simetra007: folds 
Uncalled bet (30) returned to Mahu2021
Mahu2021 collected 60 from pot
Mahu2021: doesn't show hand 
*** SUMMARY ***
Total pot 60 | Rake 0 
Seat 2: Simetra007 (button) (small blind) folded before Flop
Seat 3: Mahu2021 (big blind) collected (60)



PokerStars Hand #255406228812: Tournament #3871689115, $0.46+$0.04 USD Hold'em No Limit - Level IV (30/60) - 2025/03/22 22:49:17 CET [2025/03/22 17:49:17 ET]
Table '3871689115 1' 3-max Seat #3 is the button
Seat 2: Simetra007 (1095 in chips) 
Seat 3: Mahu2021 (405 in chips) 
Mahu2021: posts small blind 30
Simetra007: posts big blind 60
*** HOLE CARDS ***
Dealt to Mahu2021 [Th 4h]
Mahu2021: folds 
Uncalled bet (30) returned to Simetra007
Simetra007 collected 60 from pot
*** SUMMARY ***
Total pot 60 | Rake 0 
Seat 2: Simetra007 (big blind) collected (60)
Seat 3: Mahu2021 (button) (small blind) folded before Flop



PokerStars Hand #255406230183: Tournament #3871689115, $0.46+$0.04 USD Hold'em No Limit - Level IV (30/60) - 2025/03/22 22:49:22 CET [2025/03/22 17:49:22 ET]
Table '3871689115 1' 3-max Seat #2 is the button
Seat 2: Simetra007 (1125 in chips) 
Seat 3: Mahu2021 (375 in chips) 
Simetra007: posts small blind 30
Mahu2021: posts big blind 60
*** HOLE CARDS ***
Dealt to Mahu2021 [8s 2s]
Simetra007: calls 30
Mahu2021: checks 
*** FLOP *** [Qs Tc 5d]
Mahu2021: checks 
Simetra007: checks 
*** TURN *** [Qs Tc 5d] [7c]
Mahu2021: checks 
Simetra007: checks 
*** RIVER *** [Qs Tc 5d 7c] [9d]
Mahu2021: checks 
Simetra007: checks 
*** SHOW DOWN ***
Mahu2021: shows [8s 2s] (high card Queen)
Simetra007: shows [Ad 4c] (high card Ace)
Simetra007 collected 120 from pot
*** SUMMARY ***
Total pot 120 | Rake 0 
Board [Qs Tc 5d 7c 9d]
Seat 2: Simetra007 (button) (small blind) showed [Ad 4c] and won (120) with high card Ace
Seat 3: Mahu2021 (big blind) showed [8s 2s] and lost with high card Queen



PokerStars Hand #255406234062: Tournament #3871689115, $0.46+$0.04 USD Hold'em No Limit - Level IV (30/60) - 2025/03/22 22:49:36 CET [2025/03/22 17:49:36 ET]
Table '3871689115 1' 3-max Seat #3 is the button
Seat 2: Simetra007 (1185 in chips) 
Seat 3: Mahu2021 (315 in chips) 
Mahu2021: posts small blind 30
Simetra007: posts big blind 60
*** HOLE CARDS ***
Dealt to Mahu2021 [7c Js]
Mahu2021: calls 30
Simetra007: checks 
*** FLOP *** [Qd 3s As]
Simetra007: checks 
Mahu2021: bets 60
Simetra007: folds 
Uncalled bet (60) returned to Mahu2021
Mahu2021 collected 120 from pot
Mahu2021: doesn't show hand 
*** SUMMARY ***
Total pot 120 | Rake 0 
Board [Qd 3s As]
Seat 2: Simetra007 (big blind) folded on the Flop
Seat 3: Mahu2021 (button) (small blind) collected (120)



PokerStars Hand #255406237600: Tournament #3871689115, $0.46+$0.04 USD Hold'em No Limit - Level IV (30/60) - 2025/03/22 22:49:48 CET [2025/03/22 17:49:48 ET]
Table '3871689115 1' 3-max Seat #2 is the button
Seat 2: Simetra007 (1125 in chips) 
Seat 3: Mahu2021 (375 in chips) 
Simetra007: posts small blind 30
Mahu2021: posts big blind 60
*** HOLE CARDS ***
Dealt to Mahu2021 [6d Ts]
Simetra007: raises 60 to 120
Mahu2021: folds 
Uncalled bet (60) returned to Simetra007
Simetra007 collected 120 from pot
*** SUMMARY ***
Total pot 120 | Rake 0 
Seat 2: Simetra007 (button) (small blind) collected (120)
Seat 3: Mahu2021 (big blind) folded before Flop



PokerStars Hand #255406239986: Tournament #3871689115, $0.46+$0.04 USD Hold'em No Limit - Level IV (30/60) - 2025/03/22 22:49:57 CET [2025/03/22 17:49:57 ET]
Table '3871689115 1' 3-max Seat #3 is the button
Seat 2: Simetra007 (1185 in chips) 
Seat 3: Mahu2021 (315 in chips) 
Mahu2021: posts small blind 30
Simetra007: posts big blind 60
*** HOLE CARDS ***
Dealt to Mahu2021 [Td Ts]
Mahu2021: raises 255 to 315 and is all-in
Simetra007: folds 
Uncalled bet (255) returned to Mahu2021
Mahu2021 collected 120 from pot
Mahu2021: doesn't show hand 
*** SUMMARY ***
Total pot 120 | Rake 0 
Seat 2: Simetra007 (big blind) folded before Flop
Seat 3: Mahu2021 (button) (small blind) collected (120)



PokerStars Hand #255406241786: Tournament #3871689115, $0.46+$0.04 USD Hold'em No Limit - Level IV (30/60) - 2025/03/22 22:50:04 CET [2025/03/22 17:50:04 ET]
Table '3871689115 1' 3-max Seat #2 is the button
Seat 2: Simetra007 (1125 in chips) 
Seat 3: Mahu2021 (375 in chips) 
Simetra007: posts small blind 30
Mahu2021: posts big blind 60
*** HOLE CARDS ***
Dealt to Mahu2021 [Td 4c]
Simetra007: folds 
Uncalled bet (30) returned to Mahu2021
Mahu2021 collected 60 from pot
Mahu2021: doesn't show hand 
*** SUMMARY ***
Total pot 60 | Rake 0 
Seat 2: Simetra007 (button) (small blind) folded before Flop
Seat 3: Mahu2021 (big blind) collected (60)



PokerStars Hand #255406243857: Tournament #3871689115, $0.46+$0.04 USD Hold'em No Limit - Level IV (30/60) - 2025/03/22 22:50:11 CET [2025/03/22 17:50:11 ET]
Table '3871689115 1' 3-max Seat #3 is the button
Seat 2: Simetra007 (1095 in chips) 
Seat 3: Mahu2021 (405 in chips) 
Mahu2021: posts small blind 30
Simetra007: posts big blind 60
*** HOLE CARDS ***
Dealt to Mahu2021 [Jd 6c]
Mahu2021: calls 30
Simetra007: checks 
*** FLOP *** [2s 3h 9c]
Simetra007: bets 60
Mahu2021: folds 
Uncalled bet (60) returned to Simetra007
Simetra007 collected 120 from pot
*** SUMMARY ***
Total pot 120 | Rake 0 
Board [2s 3h 9c]
Seat 2: Simetra007 (big blind) collected (120)
Seat 3: Mahu2021 (button) (small blind) folded on the Flop



PokerStars Hand #255406247231: Tournament #3871689115, $0.46+$0.04 USD Hold'em No Limit - Level V (40/80) - 2025/03/22 22:50:24 CET [2025/03/22 17:50:24 ET]
Table '3871689115 1' 3-max Seat #2 is the button
Seat 2: Simetra007 (1155 in chips) 
Seat 3: Mahu2021 (345 in chips) 
Simetra007: posts small blind 40
Mahu2021: posts big blind 80
*** HOLE CARDS ***
Dealt to Mahu2021 [Qh Jc]
Simetra007: calls 40
Mahu2021: raises 265 to 345 and is all-in
Simetra007: calls 265
*** FLOP *** [7d 2c 6c]
*** TURN *** [7d 2c 6c] [8h]
*** RIVER *** [7d 2c 6c 8h] [2h]
*** SHOW DOWN ***
Mahu2021: shows [Qh Jc] (a pair of Deuces)
Simetra007: shows [9c Kd] (a pair of Deuces - King kicker)
Simetra007 collected 690 from pot
Mahu2021 finished the tournament in 2nd place
Simetra007 wins the tournament - congratulations!
Simetra007 wins a '$1.00 Power Path Step 2 Ticket' ticket
*** SUMMARY ***
Total pot 690 | Rake 0 
Board [7d 2c 6c 8h 2h]
Seat 2: Simetra007 (button) (small blind) showed [9c Kd] and won (690) with a pair of Deuces
Seat 3: Mahu2021 (big blind) showed [Qh Jc] and lost with a pair of Deuces



