PokerStars Hand #248076235525: Tournament #3696416457, $4.60+$0.40 USD Hold'em No Limit - Level I (10/20) - 2024/01/05 13:12:41 CET [2024/01/05 7:12:41 ET]
Table '3696416457 1' 3-max Seat #1 is the button
Seat 1: Mahu2021 (500 in chips) 
Seat 2: rafael1994sl (500 in chips) 
Seat 3: EduardGab155 (500 in chips) 
rafael1994sl: posts small blind 10
EduardGab155: posts big blind 20
*** HOLE CARDS ***
Dealt to Mahu2021 [Jh As]
Mahu2021: raises 20 to 40
rafael1994sl: raises 440 to 480
EduardGab155: folds 
Mahu2021: raises 20 to 500 and is all-in
rafael1994sl: calls 20 and is all-in
*** FLOP *** [8h 5c 4h]
*** TURN *** [8h 5c 4h] [8d]
*** RIVER *** [8h 5c 4h 8d] [Qc]
*** SHOW DOWN ***
rafael1994sl: shows [Jc Kh] (a pair of Eights)
Mahu2021: shows [Jh As] (a pair of Eights - Ace kicker)
Mahu2021 collected 1020 from pot
rafael1994sl finished the tournament in 3rd place
*** SUMMARY ***
Total pot 1020 | Rake 0 
Board [8h 5c 4h 8d Qc]
Seat 1: Mahu2021 (button) showed [Jh As] and won (1020) with a pair of Eights
Seat 2: rafael1994sl (small blind) showed [Jc Kh] and lost with a pair of Eights
Seat 3: EduardGab155 (big blind) folded before Flop



PokerStars Hand #248076240118: Tournament #3696416457, $4.60+$0.40 USD Hold'em No Limit - Level I (10/20) - 2024/01/05 13:13:05 CET [2024/01/05 7:13:05 ET]
Table '3696416457 1' 3-max Seat #3 is the button
Seat 1: Mahu2021 (1020 in chips) 
Seat 3: EduardGab155 (480 in chips) 
EduardGab155: posts small blind 10
Mahu2021: posts big blind 20
*** HOLE CARDS ***
Dealt to Mahu2021 [Jh 4h]
EduardGab155: raises 20 to 40
Mahu2021: calls 20
*** FLOP *** [Kh Js Kc]
Mahu2021: checks 
EduardGab155: checks 
*** TURN *** [Kh Js Kc] [6d]
Mahu2021: checks 
EduardGab155: bets 20
Mahu2021: calls 20
*** RIVER *** [Kh Js Kc 6d] [3c]
Mahu2021: checks 
EduardGab155: checks 
*** SHOW DOWN ***
Mahu2021: shows [Jh 4h] (two pair, Kings and Jacks)
EduardGab155: mucks hand 
Mahu2021 collected 120 from pot
*** SUMMARY ***
Total pot 120 | Rake 0 
Board [Kh Js Kc 6d 3c]
Seat 1: Mahu2021 (big blind) showed [Jh 4h] and won (120) with two pair, Kings and Jacks
Seat 3: EduardGab155 (button) (small blind) mucked [Ah Qd]



PokerStars Hand #248076244524: Tournament #3696416457, $4.60+$0.40 USD Hold'em No Limit - Level I (10/20) - 2024/01/05 13:13:28 CET [2024/01/05 7:13:28 ET]
Table '3696416457 1' 3-max Seat #1 is the button
Seat 1: Mahu2021 (1080 in chips) 
Seat 3: EduardGab155 (420 in chips) 
Mahu2021: posts small blind 10
EduardGab155: posts big blind 20
*** HOLE CARDS ***
Dealt to Mahu2021 [8d 5c]
Mahu2021: calls 10
EduardGab155: raises 20 to 40
Mahu2021: calls 20
*** FLOP *** [Qh 6d 7s]
EduardGab155: checks 
Mahu2021: bets 40
EduardGab155: calls 40
*** TURN *** [Qh 6d 7s] [Td]
EduardGab155: checks 
Mahu2021: checks 
*** RIVER *** [Qh 6d 7s Td] [Jc]
EduardGab155: checks 
Mahu2021: checks 
*** SHOW DOWN ***
EduardGab155: shows [As 7d] (a pair of Sevens)
Mahu2021: mucks hand 
EduardGab155 collected 160 from pot
*** SUMMARY ***
Total pot 160 | Rake 0 
Board [Qh 6d 7s Td Jc]
Seat 1: Mahu2021 (button) (small blind) mucked [8d 5c]
Seat 3: EduardGab155 (big blind) showed [As 7d] and won (160) with a pair of Sevens



PokerStars Hand #248076248722: Tournament #3696416457, $4.60+$0.40 USD Hold'em No Limit - Level I (10/20) - 2024/01/05 13:13:50 CET [2024/01/05 7:13:50 ET]
Table '3696416457 1' 3-max Seat #3 is the button
Seat 1: Mahu2021 (1000 in chips) 
Seat 3: EduardGab155 (500 in chips) 
EduardGab155: posts small blind 10
Mahu2021: posts big blind 20
*** HOLE CARDS ***
Dealt to Mahu2021 [3s Kd]
EduardGab155: calls 10
Mahu2021: checks 
*** FLOP *** [Kh Tc 7s]
Mahu2021: bets 20
EduardGab155: raises 20 to 40
Mahu2021: raises 60 to 100
EduardGab155: calls 60
*** TURN *** [Kh Tc 7s] [Th]
Mahu2021: bets 240
EduardGab155: calls 240
*** RIVER *** [Kh Tc 7s Th] [3h]
Mahu2021: bets 640 and is all-in
EduardGab155: folds 
Uncalled bet (640) returned to Mahu2021
Mahu2021 collected 720 from pot
Mahu2021: doesn't show hand 
*** SUMMARY ***
Total pot 720 | Rake 0 
Board [Kh Tc 7s Th 3h]
Seat 1: Mahu2021 (big blind) collected (720)
Seat 3: EduardGab155 (button) (small blind) folded on the River



PokerStars Hand #248076253532: Tournament #3696416457, $4.60+$0.40 USD Hold'em No Limit - Level I (10/20) - 2024/01/05 13:14:16 CET [2024/01/05 7:14:16 ET]
Table '3696416457 1' 3-max Seat #1 is the button
Seat 1: Mahu2021 (1360 in chips) 
Seat 3: EduardGab155 (140 in chips) 
Mahu2021: posts small blind 10
EduardGab155: posts big blind 20
*** HOLE CARDS ***
Dealt to Mahu2021 [Jd Qh]
Mahu2021: raises 20 to 40
EduardGab155: calls 20
*** FLOP *** [Td Kh 8d]
EduardGab155: checks 
Mahu2021: bets 1320 and is all-in
EduardGab155: folds 
Uncalled bet (1320) returned to Mahu2021
Mahu2021 collected 80 from pot
Mahu2021: doesn't show hand 
*** SUMMARY ***
Total pot 80 | Rake 0 
Board [Td Kh 8d]
Seat 1: Mahu2021 (button) (small blind) collected (80)
Seat 3: EduardGab155 (big blind) folded on the Flop



PokerStars Hand #248076256389: Tournament #3696416457, $4.60+$0.40 USD Hold'em No Limit - Level I (10/20) - 2024/01/05 13:14:31 CET [2024/01/05 7:14:31 ET]
Table '3696416457 1' 3-max Seat #3 is the button
Seat 1: Mahu2021 (1400 in chips) 
Seat 3: EduardGab155 (100 in chips) 
EduardGab155: posts small blind 10
Mahu2021: posts big blind 20
*** HOLE CARDS ***
Dealt to Mahu2021 [4s 4c]
EduardGab155: calls 10
Mahu2021: raises 100 to 120
EduardGab155: calls 80 and is all-in
Uncalled bet (20) returned to Mahu2021
*** FLOP *** [Jc 8s 7c]
*** TURN *** [Jc 8s 7c] [5h]
*** RIVER *** [Jc 8s 7c 5h] [Kc]
*** SHOW DOWN ***
Mahu2021: shows [4s 4c] (a pair of Fours)
EduardGab155: shows [4h Ah] (high card Ace)
Mahu2021 collected 200 from pot
EduardGab155 finished the tournament in 2nd place
Mahu2021 wins the tournament and receives $10.00 - congratulations!
*** SUMMARY ***
Total pot 200 | Rake 0 
Board [Jc 8s 7c 5h Kc]
Seat 1: Mahu2021 (big blind) showed [4s 4c] and won (200) with a pair of Fours
Seat 3: EduardGab155 (button) (small blind) showed [4h Ah] and lost with high card Ace



