PokerStars Hand #252941714341: Tournament #3812277868, $1.84+$0.16 USD Hold'em No Limit - Level I (10/20) - 2024/10/15 19:15:57 CET [2024/10/15 13:15:57 ET]
Table '3812277868 1' 3-max Seat #1 is the button
Seat 1: Mahu2021 (500 in chips) 
Seat 2: tom7122 (500 in chips) 
Seat 3: r1-paul (500 in chips) 
tom7122: posts small blind 10
r1-paul: posts big blind 20
*** HOLE CARDS ***
Dealt to Mahu2021 [9s 2c]
Mahu2021: folds 
tom7122: raises 20 to 40
r1-paul: calls 20
*** FLOP *** [3c Jc 6c]
tom7122: bets 460 and is all-in
r1-paul: folds 
Uncalled bet (460) returned to tom7122
tom7122 collected 80 from pot
*** SUMMARY ***
Total pot 80 | Rake 0 
Board [3c Jc 6c]
Seat 1: Mahu2021 (button) folded before Flop (didn't bet)
Seat 2: tom7122 (small blind) collected (80)
Seat 3: r1-paul (big blind) folded on the Flop



PokerStars Hand #252941718302: Tournament #3812277868, $1.84+$0.16 USD Hold'em No Limit - Level I (10/20) - 2024/10/15 19:16:13 CET [2024/10/15 13:16:13 ET]
Table '3812277868 1' 3-max Seat #2 is the button
Seat 1: Mahu2021 (500 in chips) 
Seat 2: tom7122 (540 in chips) 
Seat 3: r1-paul (460 in chips) 
r1-paul: posts small blind 10
Mahu2021: posts big blind 20
*** HOLE CARDS ***
Dealt to Mahu2021 [5h 2c]
tom7122: calls 20
r1-paul: calls 10
Mahu2021: checks 
*** FLOP *** [7s Ac 9c]
r1-paul: bets 20
Mahu2021: folds 
tom7122: calls 20
*** TURN *** [7s Ac 9c] [3d]
r1-paul: bets 20
tom7122: calls 20
*** RIVER *** [7s Ac 9c 3d] [3h]
r1-paul: bets 20
tom7122: folds 
Uncalled bet (20) returned to r1-paul
r1-paul collected 140 from pot
*** SUMMARY ***
Total pot 140 | Rake 0 
Board [7s Ac 9c 3d 3h]
Seat 1: Mahu2021 (big blind) folded on the Flop
Seat 2: tom7122 (button) folded on the River
Seat 3: r1-paul (small blind) collected (140)



PokerStars Hand #252941723741: Tournament #3812277868, $1.84+$0.16 USD Hold'em No Limit - Level I (10/20) - 2024/10/15 19:16:34 CET [2024/10/15 13:16:34 ET]
Table '3812277868 1' 3-max Seat #3 is the button
Seat 1: Mahu2021 (480 in chips) 
Seat 2: tom7122 (480 in chips) 
Seat 3: r1-paul (540 in chips) 
Mahu2021: posts small blind 10
tom7122: posts big blind 20
*** HOLE CARDS ***
Dealt to Mahu2021 [3d 4s]
r1-paul: raises 20 to 40
Mahu2021: folds 
tom7122: calls 20
*** FLOP *** [Jh 4c Qh]
tom7122: checks 
r1-paul: checks 
*** TURN *** [Jh 4c Qh] [9s]
tom7122: checks 
r1-paul: checks 
*** RIVER *** [Jh 4c Qh 9s] [7s]
tom7122: bets 90
r1-paul: raises 90 to 180
tom7122: calls 90
*** SHOW DOWN ***
r1-paul: shows [Ah 7c] (a pair of Sevens)
tom7122: mucks hand 
r1-paul collected 450 from pot
*** SUMMARY ***
Total pot 450 | Rake 0 
Board [Jh 4c Qh 9s 7s]
Seat 1: Mahu2021 (small blind) folded before Flop
Seat 2: tom7122 (big blind) mucked [6d 7h]
Seat 3: r1-paul (button) showed [Ah 7c] and won (450) with a pair of Sevens



PokerStars Hand #252941728190: Tournament #3812277868, $1.84+$0.16 USD Hold'em No Limit - Level I (10/20) - 2024/10/15 19:16:51 CET [2024/10/15 13:16:51 ET]
Table '3812277868 1' 3-max Seat #1 is the button
Seat 1: Mahu2021 (470 in chips) 
Seat 2: tom7122 (260 in chips) 
Seat 3: r1-paul (770 in chips) 
tom7122: posts small blind 10
r1-paul: posts big blind 20
*** HOLE CARDS ***
Dealt to Mahu2021 [4d 2h]
Mahu2021: folds 
tom7122: calls 10
r1-paul: checks 
*** FLOP *** [Qs 9h 2d]
tom7122: checks 
r1-paul: checks 
*** TURN *** [Qs 9h 2d] [Ts]
tom7122: bets 240 and is all-in
r1-paul: folds 
Uncalled bet (240) returned to tom7122
tom7122 collected 40 from pot
*** SUMMARY ***
Total pot 40 | Rake 0 
Board [Qs 9h 2d Ts]
Seat 1: Mahu2021 (button) folded before Flop (didn't bet)
Seat 2: tom7122 (small blind) collected (40)
Seat 3: r1-paul (big blind) folded on the Turn



PokerStars Hand #252941734307: Tournament #3812277868, $1.84+$0.16 USD Hold'em No Limit - Level I (10/20) - 2024/10/15 19:17:14 CET [2024/10/15 13:17:14 ET]
Table '3812277868 1' 3-max Seat #2 is the button
Seat 1: Mahu2021 (470 in chips) 
Seat 2: tom7122 (280 in chips) 
Seat 3: r1-paul (750 in chips) 
r1-paul: posts small blind 10
Mahu2021: posts big blind 20
*** HOLE CARDS ***
Dealt to Mahu2021 [Tc 6h]
tom7122: raises 20 to 40
r1-paul: calls 30
Mahu2021: calls 20
*** FLOP *** [2d 2h 9d]
r1-paul: checks 
Mahu2021: checks 
tom7122: checks 
*** TURN *** [2d 2h 9d] [3d]
r1-paul: checks 
Mahu2021: checks 
tom7122: bets 60
r1-paul: folds 
Mahu2021: folds 
Uncalled bet (60) returned to tom7122
tom7122 collected 120 from pot
*** SUMMARY ***
Total pot 120 | Rake 0 
Board [2d 2h 9d 3d]
Seat 1: Mahu2021 (big blind) folded on the Turn
Seat 2: tom7122 (button) collected (120)
Seat 3: r1-paul (small blind) folded on the Turn



PokerStars Hand #252941740622: Tournament #3812277868, $1.84+$0.16 USD Hold'em No Limit - Level I (10/20) - 2024/10/15 19:17:39 CET [2024/10/15 13:17:39 ET]
Table '3812277868 1' 3-max Seat #3 is the button
Seat 1: Mahu2021 (430 in chips) 
Seat 2: tom7122 (360 in chips) 
Seat 3: r1-paul (710 in chips) 
Mahu2021: posts small blind 10
tom7122: posts big blind 20
*** HOLE CARDS ***
Dealt to Mahu2021 [As 7s]
r1-paul: raises 20 to 40
Mahu2021: calls 30
tom7122: raises 320 to 360 and is all-in
r1-paul has timed out
r1-paul: folds 
r1-paul is sitting out
Mahu2021: folds 
Uncalled bet (320) returned to tom7122
tom7122 collected 120 from pot
*** SUMMARY ***
Total pot 120 | Rake 0 
Seat 1: Mahu2021 (small blind) folded before Flop
Seat 2: tom7122 (big blind) collected (120)
Seat 3: r1-paul (button) folded before Flop



PokerStars Hand #252941749340: Tournament #3812277868, $1.84+$0.16 USD Hold'em No Limit - Level II (15/30) - 2024/10/15 19:18:13 CET [2024/10/15 13:18:13 ET]
Table '3812277868 1' 3-max Seat #1 is the button
Seat 1: Mahu2021 (390 in chips) 
Seat 2: tom7122 (440 in chips) 
Seat 3: r1-paul (670 in chips) 
tom7122: posts small blind 15
r1-paul: posts big blind 30
*** HOLE CARDS ***
Dealt to Mahu2021 [7s Ac]
Mahu2021: calls 30
tom7122: calls 15
r1-paul: checks 
*** FLOP *** [5s Js 7c]
tom7122: checks 
r1-paul: checks 
Mahu2021: bets 90
tom7122: folds 
r1-paul: folds 
Uncalled bet (90) returned to Mahu2021
Mahu2021 collected 90 from pot
Mahu2021: doesn't show hand 
*** SUMMARY ***
Total pot 90 | Rake 0 
Board [5s Js 7c]
Seat 1: Mahu2021 (button) collected (90)
Seat 2: tom7122 (small blind) folded on the Flop
Seat 3: r1-paul (big blind) folded on the Flop



PokerStars Hand #252941755935: Tournament #3812277868, $1.84+$0.16 USD Hold'em No Limit - Level II (15/30) - 2024/10/15 19:18:38 CET [2024/10/15 13:18:38 ET]
Table '3812277868 1' 3-max Seat #2 is the button
Seat 1: Mahu2021 (450 in chips) 
Seat 2: tom7122 (410 in chips) 
Seat 3: r1-paul (640 in chips) 
r1-paul: posts small blind 15
Mahu2021: posts big blind 30
*** HOLE CARDS ***
Dealt to Mahu2021 [3s 3h]
tom7122: raises 380 to 410 and is all-in
r1-paul: folds 
Mahu2021: folds 
Uncalled bet (380) returned to tom7122
tom7122 collected 75 from pot
*** SUMMARY ***
Total pot 75 | Rake 0 
Seat 1: Mahu2021 (big blind) folded before Flop
Seat 2: tom7122 (button) collected (75)
Seat 3: r1-paul (small blind) folded before Flop



PokerStars Hand #252941758406: Tournament #3812277868, $1.84+$0.16 USD Hold'em No Limit - Level II (15/30) - 2024/10/15 19:18:48 CET [2024/10/15 13:18:48 ET]
Table '3812277868 1' 3-max Seat #3 is the button
Seat 1: Mahu2021 (420 in chips) 
Seat 2: tom7122 (455 in chips) 
Seat 3: r1-paul (625 in chips) 
Mahu2021: posts small blind 15
tom7122: posts big blind 30
*** HOLE CARDS ***
Dealt to Mahu2021 [Td 9c]
r1-paul: calls 30
Mahu2021: calls 15
tom7122: checks 
*** FLOP *** [6h 3c Ah]
Mahu2021: checks 
tom7122: checks 
r1-paul: checks 
*** TURN *** [6h 3c Ah] [Qc]
Mahu2021: checks 
tom7122: bets 45
r1-paul: folds 
Mahu2021: folds 
Uncalled bet (45) returned to tom7122
tom7122 collected 90 from pot
*** SUMMARY ***
Total pot 90 | Rake 0 
Board [6h 3c Ah Qc]
Seat 1: Mahu2021 (small blind) folded on the Turn
Seat 2: tom7122 (big blind) collected (90)
Seat 3: r1-paul (button) folded on the Turn



PokerStars Hand #252941766227: Tournament #3812277868, $1.84+$0.16 USD Hold'em No Limit - Level II (15/30) - 2024/10/15 19:19:18 CET [2024/10/15 13:19:18 ET]
Table '3812277868 1' 3-max Seat #1 is the button
Seat 1: Mahu2021 (390 in chips) 
Seat 2: tom7122 (515 in chips) 
Seat 3: r1-paul (595 in chips) 
tom7122: posts small blind 15
r1-paul: posts big blind 30
*** HOLE CARDS ***
Dealt to Mahu2021 [Ts 8d]
Mahu2021: folds 
tom7122: raises 485 to 515 and is all-in
r1-paul: folds 
Uncalled bet (485) returned to tom7122
tom7122 collected 60 from pot
*** SUMMARY ***
Total pot 60 | Rake 0 
Seat 1: Mahu2021 (button) folded before Flop (didn't bet)
Seat 2: tom7122 (small blind) collected (60)
Seat 3: r1-paul (big blind) folded before Flop



PokerStars Hand #252941768362: Tournament #3812277868, $1.84+$0.16 USD Hold'em No Limit - Level II (15/30) - 2024/10/15 19:19:26 CET [2024/10/15 13:19:26 ET]
Table '3812277868 1' 3-max Seat #2 is the button
Seat 1: Mahu2021 (390 in chips) 
Seat 2: tom7122 (545 in chips) 
Seat 3: r1-paul (565 in chips) 
r1-paul: posts small blind 15
Mahu2021: posts big blind 30
*** HOLE CARDS ***
Dealt to Mahu2021 [2d Kc]
tom7122: calls 30
r1-paul: calls 15
Mahu2021: checks 
*** FLOP *** [2s 3s 5c]
r1-paul: bets 30
Mahu2021: calls 30
tom7122: calls 30
*** TURN *** [2s 3s 5c] [7s]
r1-paul: checks 
Mahu2021: checks 
tom7122: checks 
*** RIVER *** [2s 3s 5c 7s] [Jd]
r1-paul: checks 
Mahu2021: checks 
tom7122: bets 180
r1-paul: folds 
Mahu2021: folds 
Uncalled bet (180) returned to tom7122
tom7122 collected 180 from pot
*** SUMMARY ***
Total pot 180 | Rake 0 
Board [2s 3s 5c 7s Jd]
Seat 1: Mahu2021 (big blind) folded on the River
Seat 2: tom7122 (button) collected (180)
Seat 3: r1-paul (small blind) folded on the River



PokerStars Hand #252941780097: Tournament #3812277868, $1.84+$0.16 USD Hold'em No Limit - Level III (20/40) - 2024/10/15 19:20:11 CET [2024/10/15 13:20:11 ET]
Table '3812277868 1' 3-max Seat #3 is the button
Seat 1: Mahu2021 (330 in chips) 
Seat 2: tom7122 (665 in chips) 
Seat 3: r1-paul (505 in chips) 
Mahu2021: posts small blind 20
tom7122: posts big blind 40
*** HOLE CARDS ***
Dealt to Mahu2021 [5h 7c]
r1-paul: folds 
Mahu2021: folds 
Uncalled bet (20) returned to tom7122
tom7122 collected 40 from pot
*** SUMMARY ***
Total pot 40 | Rake 0 
Seat 1: Mahu2021 (small blind) folded before Flop
Seat 2: tom7122 (big blind) collected (40)
Seat 3: r1-paul (button) folded before Flop (didn't bet)



PokerStars Hand #252941781584: Tournament #3812277868, $1.84+$0.16 USD Hold'em No Limit - Level III (20/40) - 2024/10/15 19:20:16 CET [2024/10/15 13:20:16 ET]
Table '3812277868 1' 3-max Seat #1 is the button
Seat 1: Mahu2021 (310 in chips) 
Seat 2: tom7122 (685 in chips) 
Seat 3: r1-paul (505 in chips) 
tom7122: posts small blind 20
r1-paul: posts big blind 40
*** HOLE CARDS ***
Dealt to Mahu2021 [7h Qc]
Mahu2021: folds 
tom7122: calls 20
r1-paul: checks 
*** FLOP *** [6h 5d 5h]
tom7122: checks 
r1-paul: checks 
*** TURN *** [6h 5d 5h] [Jd]
tom7122: checks 
r1-paul: checks 
*** RIVER *** [6h 5d 5h Jd] [9c]
tom7122: bets 40
r1-paul: raises 40 to 80
tom7122: calls 40
*** SHOW DOWN ***
r1-paul: shows [9s Qh] (two pair, Nines and Fives)
tom7122: shows [Js 4h] (two pair, Jacks and Fives)
tom7122 collected 240 from pot
*** SUMMARY ***
Total pot 240 | Rake 0 
Board [6h 5d 5h Jd 9c]
Seat 1: Mahu2021 (button) folded before Flop (didn't bet)
Seat 2: tom7122 (small blind) showed [Js 4h] and won (240) with two pair, Jacks and Fives
Seat 3: r1-paul (big blind) showed [9s Qh] and lost with two pair, Nines and Fives



PokerStars Hand #252941785513: Tournament #3812277868, $1.84+$0.16 USD Hold'em No Limit - Level III (20/40) - 2024/10/15 19:20:31 CET [2024/10/15 13:20:31 ET]
Table '3812277868 1' 3-max Seat #2 is the button
Seat 1: Mahu2021 (310 in chips) 
Seat 2: tom7122 (805 in chips) 
Seat 3: r1-paul (385 in chips) 
r1-paul: posts small blind 20
Mahu2021: posts big blind 40
*** HOLE CARDS ***
Dealt to Mahu2021 [Td Ad]
tom7122: calls 40
r1-paul: calls 20
Mahu2021: raises 270 to 310 and is all-in
tom7122: folds 
r1-paul: folds 
Uncalled bet (270) returned to Mahu2021
Mahu2021 collected 120 from pot
Mahu2021: doesn't show hand 
*** SUMMARY ***
Total pot 120 | Rake 0 
Seat 1: Mahu2021 (big blind) collected (120)
Seat 2: tom7122 (button) folded before Flop
Seat 3: r1-paul (small blind) folded before Flop



PokerStars Hand #252941788101: Tournament #3812277868, $1.84+$0.16 USD Hold'em No Limit - Level III (20/40) - 2024/10/15 19:20:41 CET [2024/10/15 13:20:41 ET]
Table '3812277868 1' 3-max Seat #3 is the button
Seat 1: Mahu2021 (390 in chips) 
Seat 2: tom7122 (765 in chips) 
Seat 3: r1-paul (345 in chips) 
Mahu2021: posts small blind 20
tom7122: posts big blind 40
*** HOLE CARDS ***
Dealt to Mahu2021 [9s Qc]
r1-paul: raises 40 to 80
Mahu2021: folds 
tom7122: calls 40
*** FLOP *** [6d Qs Kc]
tom7122: checks 
r1-paul: bets 80
tom7122: raises 80 to 160
r1-paul: folds 
Uncalled bet (80) returned to tom7122
tom7122 collected 340 from pot
*** SUMMARY ***
Total pot 340 | Rake 0 
Board [6d Qs Kc]
Seat 1: Mahu2021 (small blind) folded before Flop
Seat 2: tom7122 (big blind) collected (340)
Seat 3: r1-paul (button) folded on the Flop



PokerStars Hand #252941793546: Tournament #3812277868, $1.84+$0.16 USD Hold'em No Limit - Level III (20/40) - 2024/10/15 19:21:01 CET [2024/10/15 13:21:01 ET]
Table '3812277868 1' 3-max Seat #1 is the button
Seat 1: Mahu2021 (370 in chips) 
Seat 2: tom7122 (945 in chips) 
Seat 3: r1-paul (185 in chips) 
tom7122: posts small blind 20
r1-paul: posts big blind 40
*** HOLE CARDS ***
Dealt to Mahu2021 [Kc 2d]
Mahu2021: folds 
tom7122: calls 20
r1-paul: checks 
*** FLOP *** [Ac Ks 9h]
tom7122: checks 
r1-paul: bets 80
tom7122: folds 
Uncalled bet (80) returned to r1-paul
r1-paul collected 80 from pot
*** SUMMARY ***
Total pot 80 | Rake 0 
Board [Ac Ks 9h]
Seat 1: Mahu2021 (button) folded before Flop (didn't bet)
Seat 2: tom7122 (small blind) folded on the Flop
Seat 3: r1-paul (big blind) collected (80)



PokerStars Hand #252941801447: Tournament #3812277868, $1.84+$0.16 USD Hold'em No Limit - Level III (20/40) - 2024/10/15 19:21:32 CET [2024/10/15 13:21:32 ET]
Table '3812277868 1' 3-max Seat #2 is the button
Seat 1: Mahu2021 (370 in chips) 
Seat 2: tom7122 (905 in chips) 
Seat 3: r1-paul (225 in chips) 
r1-paul: posts small blind 20
Mahu2021: posts big blind 40
*** HOLE CARDS ***
Dealt to Mahu2021 [7c 3c]
tom7122: calls 40
r1-paul: raises 185 to 225 and is all-in
Mahu2021: folds 
tom7122: calls 185
*** FLOP *** [Ts 5c Qc]
*** TURN *** [Ts 5c Qc] [2c]
*** RIVER *** [Ts 5c Qc 2c] [6h]
*** SHOW DOWN ***
r1-paul: shows [Js Td] (a pair of Tens)
tom7122: shows [Jd Kc] (high card King)
r1-paul collected 490 from pot
*** SUMMARY ***
Total pot 490 | Rake 0 
Board [Ts 5c Qc 2c 6h]
Seat 1: Mahu2021 (big blind) folded before Flop
Seat 2: tom7122 (button) showed [Jd Kc] and lost with high card King
Seat 3: r1-paul (small blind) showed [Js Td] and won (490) with a pair of Tens



PokerStars Hand #252941806015: Tournament #3812277868, $1.84+$0.16 USD Hold'em No Limit - Level III (20/40) - 2024/10/15 19:21:49 CET [2024/10/15 13:21:49 ET]
Table '3812277868 1' 3-max Seat #3 is the button
Seat 1: Mahu2021 (330 in chips) 
Seat 2: tom7122 (680 in chips) 
Seat 3: r1-paul (490 in chips) 
Mahu2021: posts small blind 20
tom7122: posts big blind 40
*** HOLE CARDS ***
Dealt to Mahu2021 [9h 3h]
r1-paul: raises 160 to 200
Mahu2021: folds 
tom7122: calls 160
*** FLOP *** [2d 7d Qd]
tom7122: bets 480 and is all-in
r1-paul: calls 290 and is all-in
Uncalled bet (190) returned to tom7122
*** TURN *** [2d 7d Qd] [2h]
*** RIVER *** [2d 7d Qd 2h] [Js]
*** SHOW DOWN ***
tom7122: shows [9s 4d] (a pair of Deuces)
r1-paul: shows [Ks Jd] (two pair, Jacks and Deuces)
r1-paul collected 1000 from pot
*** SUMMARY ***
Total pot 1000 | Rake 0 
Board [2d 7d Qd 2h Js]
Seat 1: Mahu2021 (small blind) folded before Flop
Seat 2: tom7122 (big blind) showed [9s 4d] and lost with a pair of Deuces
Seat 3: r1-paul (button) showed [Ks Jd] and won (1000) with two pair, Jacks and Deuces



PokerStars Hand #252941811870: Tournament #3812277868, $1.84+$0.16 USD Hold'em No Limit - Level IV (30/60) - 2024/10/15 19:22:12 CET [2024/10/15 13:22:12 ET]
Table '3812277868 1' 3-max Seat #1 is the button
Seat 1: Mahu2021 (310 in chips) 
Seat 2: tom7122 (190 in chips) 
Seat 3: r1-paul (1000 in chips) 
tom7122: posts small blind 30
r1-paul: posts big blind 60
*** HOLE CARDS ***
Dealt to Mahu2021 [3d 5c]
Mahu2021: folds 
tom7122: raises 130 to 190 and is all-in
r1-paul: folds 
Uncalled bet (130) returned to tom7122
tom7122 collected 120 from pot
*** SUMMARY ***
Total pot 120 | Rake 0 
Seat 1: Mahu2021 (button) folded before Flop (didn't bet)
Seat 2: tom7122 (small blind) collected (120)
Seat 3: r1-paul (big blind) folded before Flop



PokerStars Hand #252941813709: Tournament #3812277868, $1.84+$0.16 USD Hold'em No Limit - Level IV (30/60) - 2024/10/15 19:22:19 CET [2024/10/15 13:22:19 ET]
Table '3812277868 1' 3-max Seat #2 is the button
Seat 1: Mahu2021 (310 in chips) 
Seat 2: tom7122 (250 in chips) 
Seat 3: r1-paul (940 in chips) 
r1-paul: posts small blind 30
Mahu2021: posts big blind 60
*** HOLE CARDS ***
Dealt to Mahu2021 [Qs Ts]
tom7122: raises 190 to 250 and is all-in
r1-paul: folds 
Mahu2021: calls 190
*** FLOP *** [Jh Tc Ah]
*** TURN *** [Jh Tc Ah] [2s]
*** RIVER *** [Jh Tc Ah 2s] [5d]
*** SHOW DOWN ***
Mahu2021: shows [Qs Ts] (a pair of Tens)
tom7122: shows [5c Kh] (a pair of Fives)
Mahu2021 collected 530 from pot
tom7122 finished the tournament in 3rd place
*** SUMMARY ***
Total pot 530 | Rake 0 
Board [Jh Tc Ah 2s 5d]
Seat 1: Mahu2021 (big blind) showed [Qs Ts] and won (530) with a pair of Tens
Seat 2: tom7122 (button) showed [5c Kh] and lost with a pair of Fives
Seat 3: r1-paul (small blind) folded before Flop



PokerStars Hand #252941818126: Tournament #3812277868, $1.84+$0.16 USD Hold'em No Limit - Level IV (30/60) - 2024/10/15 19:22:35 CET [2024/10/15 13:22:35 ET]
Table '3812277868 1' 3-max Seat #1 is the button
Seat 1: Mahu2021 (590 in chips) 
Seat 3: r1-paul (910 in chips) 
Mahu2021: posts small blind 30
r1-paul: posts big blind 60
*** HOLE CARDS ***
Dealt to Mahu2021 [6s Kh]
Mahu2021: calls 30
r1-paul: raises 60 to 120
Mahu2021: calls 60
*** FLOP *** [9d 9s 3h]
r1-paul: bets 60
Mahu2021: folds 
Uncalled bet (60) returned to r1-paul
r1-paul collected 240 from pot
*** SUMMARY ***
Total pot 240 | Rake 0 
Board [9d 9s 3h]
Seat 1: Mahu2021 (button) (small blind) folded on the Flop
Seat 3: r1-paul (big blind) collected (240)



PokerStars Hand #252941820943: Tournament #3812277868, $1.84+$0.16 USD Hold'em No Limit - Level IV (30/60) - 2024/10/15 19:22:46 CET [2024/10/15 13:22:46 ET]
Table '3812277868 1' 3-max Seat #3 is the button
Seat 1: Mahu2021 (470 in chips) 
Seat 3: r1-paul (1030 in chips) 
r1-paul: posts small blind 30
Mahu2021: posts big blind 60
*** HOLE CARDS ***
Dealt to Mahu2021 [6s Jc]
r1-paul: raises 120 to 180
Mahu2021: folds 
Uncalled bet (120) returned to r1-paul
r1-paul collected 120 from pot
*** SUMMARY ***
Total pot 120 | Rake 0 
Seat 1: Mahu2021 (big blind) folded before Flop
Seat 3: r1-paul (button) (small blind) collected (120)



PokerStars Hand #252941823346: Tournament #3812277868, $1.84+$0.16 USD Hold'em No Limit - Level IV (30/60) - 2024/10/15 19:22:56 CET [2024/10/15 13:22:56 ET]
Table '3812277868 1' 3-max Seat #1 is the button
Seat 1: Mahu2021 (410 in chips) 
Seat 3: r1-paul (1090 in chips) 
Mahu2021: posts small blind 30
r1-paul: posts big blind 60
*** HOLE CARDS ***
Dealt to Mahu2021 [Jd Ks]
Mahu2021: calls 30
r1-paul: checks 
*** FLOP *** [Js Tc Kc]
r1-paul: checks 
Mahu2021: checks 
*** TURN *** [Js Tc Kc] [Td]
r1-paul: checks 
Mahu2021: bets 60
r1-paul: calls 60
*** RIVER *** [Js Tc Kc Td] [6s]
r1-paul: checks 
Mahu2021: bets 240
r1-paul: folds 
Uncalled bet (240) returned to Mahu2021
Mahu2021 collected 240 from pot
Mahu2021: doesn't show hand 
*** SUMMARY ***
Total pot 240 | Rake 0 
Board [Js Tc Kc Td 6s]
Seat 1: Mahu2021 (button) (small blind) collected (240)
Seat 3: r1-paul (big blind) folded on the River



PokerStars Hand #252941829525: Tournament #3812277868, $1.84+$0.16 USD Hold'em No Limit - Level IV (30/60) - 2024/10/15 19:23:19 CET [2024/10/15 13:23:19 ET]
Table '3812277868 1' 3-max Seat #3 is the button
Seat 1: Mahu2021 (530 in chips) 
Seat 3: r1-paul (970 in chips) 
r1-paul: posts small blind 30
Mahu2021: posts big blind 60
*** HOLE CARDS ***
Dealt to Mahu2021 [3c 9d]
r1-paul: calls 30
Mahu2021: checks 
*** FLOP *** [8d Kc Qs]
Mahu2021: checks 
r1-paul: checks 
*** TURN *** [8d Kc Qs] [7h]
Mahu2021: checks 
r1-paul: checks 
*** RIVER *** [8d Kc Qs 7h] [3d]
Mahu2021: checks 
r1-paul: bets 60
Mahu2021: calls 60
*** SHOW DOWN ***
r1-paul: shows [2d 5d] (high card King)
Mahu2021: shows [3c 9d] (a pair of Threes)
Mahu2021 collected 240 from pot
*** SUMMARY ***
Total pot 240 | Rake 0 
Board [8d Kc Qs 7h 3d]
Seat 1: Mahu2021 (big blind) showed [3c 9d] and won (240) with a pair of Threes
Seat 3: r1-paul (button) (small blind) showed [2d 5d] and lost with high card King



PokerStars Hand #252941834437: Tournament #3812277868, $1.84+$0.16 USD Hold'em No Limit - Level IV (30/60) - 2024/10/15 19:23:38 CET [2024/10/15 13:23:38 ET]
Table '3812277868 1' 3-max Seat #1 is the button
Seat 1: Mahu2021 (650 in chips) 
Seat 3: r1-paul (850 in chips) 
Mahu2021: posts small blind 30
r1-paul: posts big blind 60
*** HOLE CARDS ***
Dealt to Mahu2021 [Th 6s]
Mahu2021: folds 
Uncalled bet (30) returned to r1-paul
r1-paul collected 60 from pot
*** SUMMARY ***
Total pot 60 | Rake 0 
Seat 1: Mahu2021 (button) (small blind) folded before Flop
Seat 3: r1-paul (big blind) collected (60)



PokerStars Hand #252941835564: Tournament #3812277868, $1.84+$0.16 USD Hold'em No Limit - Level IV (30/60) - 2024/10/15 19:23:42 CET [2024/10/15 13:23:42 ET]
Table '3812277868 1' 3-max Seat #3 is the button
Seat 1: Mahu2021 (620 in chips) 
Seat 3: r1-paul (880 in chips) 
r1-paul: posts small blind 30
Mahu2021: posts big blind 60
*** HOLE CARDS ***
Dealt to Mahu2021 [7d Td]
r1-paul: calls 30
Mahu2021: checks 
*** FLOP *** [5s As 4h]
Mahu2021: checks 
r1-paul: checks 
*** TURN *** [5s As 4h] [6c]
Mahu2021: checks 
r1-paul: checks 
*** RIVER *** [5s As 4h 6c] [Tc]
Mahu2021: bets 60
r1-paul: folds 
Uncalled bet (60) returned to Mahu2021
Mahu2021 collected 120 from pot
Mahu2021: doesn't show hand 
*** SUMMARY ***
Total pot 120 | Rake 0 
Board [5s As 4h 6c Tc]
Seat 1: Mahu2021 (big blind) collected (120)
Seat 3: r1-paul (button) (small blind) folded on the River



PokerStars Hand #252941839454: Tournament #3812277868, $1.84+$0.16 USD Hold'em No Limit - Level IV (30/60) - 2024/10/15 19:23:57 CET [2024/10/15 13:23:57 ET]
Table '3812277868 1' 3-max Seat #1 is the button
Seat 1: Mahu2021 (680 in chips) 
Seat 3: r1-paul (820 in chips) 
Mahu2021: posts small blind 30
r1-paul: posts big blind 60
*** HOLE CARDS ***
Dealt to Mahu2021 [Td 5d]
Mahu2021: calls 30
r1-paul: checks 
*** FLOP *** [8c Jd 9d]
r1-paul: checks 
Mahu2021: bets 120
r1-paul: raises 120 to 240
Mahu2021: raises 380 to 620 and is all-in
r1-paul: calls 380
*** TURN *** [8c Jd 9d] [4s]
*** RIVER *** [8c Jd 9d 4s] [Tc]
*** SHOW DOWN ***
r1-paul: shows [Th Jc] (two pair, Jacks and Tens)
Mahu2021: shows [Td 5d] (a pair of Tens)
r1-paul collected 1360 from pot
Mahu2021 finished the tournament in 2nd place
r1-paul wins the tournament and receives $4.00 - congratulations!
*** SUMMARY ***
Total pot 1360 | Rake 0 
Board [8c Jd 9d 4s Tc]
Seat 1: Mahu2021 (button) (small blind) showed [Td 5d] and lost with a pair of Tens
Seat 3: r1-paul (big blind) showed [Th Jc] and won (1360) with two pair, Jacks and Tens



