PokerStars Hand #245409216065: Tournament #3631773719, $0.92+$0.08 USD Hold'em No Limit - Level I (10/20) - 2023/08/15 20:53:38 CET [2023/08/15 14:53:38 ET]
Table '3631773719 1' 3-max Seat #1 is the button
Seat 1: alclruag (500 in chips) 
Seat 2: Mahu2021 (500 in chips) 
Seat 3: Breadmudoven (500 in chips) 
Mahu2021: posts small blind 10
Breadmudoven: posts big blind 20
*** HOLE CARDS ***
Dealt to Mahu2021 [Qd Ac]
alclruag: raises 20 to 40
Mahu2021: calls 30
Breadmudoven: folds 
*** FLOP *** [9s 7c 4c]
Mahu2021: checks 
alclruag: checks 
*** TURN *** [9s 7c 4c] [9d]
Mahu2021: checks 
alclruag: bets 60
Mahu2021: calls 60
*** RIVER *** [9s 7c 4c 9d] [Tc]
Mahu2021: checks 
alclruag: checks 
*** SHOW DOWN ***
Mahu2021: shows [Qd Ac] (a pair of Nines)
alclruag: shows [Ad 4h] (two pair, Nines and Fours)
alclruag collected 220 from pot
*** SUMMARY ***
Total pot 220 | Rake 0 
Board [9s 7c 4c 9d Tc]
Seat 1: alclruag (button) showed [Ad 4h] and won (220) with two pair, Nines and Fours
Seat 2: Mahu2021 (small blind) showed [Qd Ac] and lost with a pair of Nines
Seat 3: Breadmudoven (big blind) folded before Flop



PokerStars Hand #245409224411: Tournament #3631773719, $0.92+$0.08 USD Hold'em No Limit - Level I (10/20) - 2023/08/15 20:54:05 CET [2023/08/15 14:54:05 ET]
Table '3631773719 1' 3-max Seat #2 is the button
Seat 1: alclruag (620 in chips) 
Seat 2: Mahu2021 (400 in chips) 
Seat 3: Breadmudoven (480 in chips) 
Breadmudoven: posts small blind 10
alclruag: posts big blind 20
*** HOLE CARDS ***
Dealt to Mahu2021 [Qh 5h]
Mahu2021: folds 
Breadmudoven: raises 20 to 40
alclruag: folds 
Uncalled bet (20) returned to Breadmudoven
Breadmudoven collected 40 from pot
Breadmudoven: doesn't show hand 
*** SUMMARY ***
Total pot 40 | Rake 0 
Seat 1: alclruag (big blind) folded before Flop
Seat 2: Mahu2021 (button) folded before Flop (didn't bet)
Seat 3: Breadmudoven (small blind) collected (40)



PokerStars Hand #245409227354: Tournament #3631773719, $0.92+$0.08 USD Hold'em No Limit - Level I (10/20) - 2023/08/15 20:54:15 CET [2023/08/15 14:54:15 ET]
Table '3631773719 1' 3-max Seat #3 is the button
Seat 1: alclruag (600 in chips) 
Seat 2: Mahu2021 (400 in chips) 
Seat 3: Breadmudoven (500 in chips) 
alclruag: posts small blind 10
Mahu2021: posts big blind 20
*** HOLE CARDS ***
Dealt to Mahu2021 [7d 2c]
Breadmudoven: raises 20 to 40
alclruag: folds 
Mahu2021: folds 
Uncalled bet (20) returned to Breadmudoven
Breadmudoven collected 50 from pot
Breadmudoven: doesn't show hand 
*** SUMMARY ***
Total pot 50 | Rake 0 
Seat 1: alclruag (small blind) folded before Flop
Seat 2: Mahu2021 (big blind) folded before Flop
Seat 3: Breadmudoven (button) collected (50)



PokerStars Hand #245409231118: Tournament #3631773719, $0.92+$0.08 USD Hold'em No Limit - Level I (10/20) - 2023/08/15 20:54:28 CET [2023/08/15 14:54:28 ET]
Table '3631773719 1' 3-max Seat #1 is the button
Seat 1: alclruag (590 in chips) 
Seat 2: Mahu2021 (380 in chips) 
Seat 3: Breadmudoven (530 in chips) 
Mahu2021: posts small blind 10
Breadmudoven: posts big blind 20
*** HOLE CARDS ***
Dealt to Mahu2021 [6s 7h]
alclruag: folds 
Mahu2021: calls 10
Breadmudoven: checks 
*** FLOP *** [3c Kc 4h]
Mahu2021: checks 
Breadmudoven: bets 20
Mahu2021: calls 20
*** TURN *** [3c Kc 4h] [2d]
Mahu2021: checks 
Breadmudoven: bets 20
Mahu2021: calls 20
*** RIVER *** [3c Kc 4h 2d] [2h]
Mahu2021: checks 
Breadmudoven: checks 
*** SHOW DOWN ***
Mahu2021: shows [6s 7h] (a pair of Deuces)
Breadmudoven: shows [Td 4d] (two pair, Fours and Deuces)
Breadmudoven collected 120 from pot
*** SUMMARY ***
Total pot 120 | Rake 0 
Board [3c Kc 4h 2d 2h]
Seat 1: alclruag (button) folded before Flop (didn't bet)
Seat 2: Mahu2021 (small blind) showed [6s 7h] and lost with a pair of Deuces
Seat 3: Breadmudoven (big blind) showed [Td 4d] and won (120) with two pair, Fours and Deuces



PokerStars Hand #245409238337: Tournament #3631773719, $0.92+$0.08 USD Hold'em No Limit - Level I (10/20) - 2023/08/15 20:54:51 CET [2023/08/15 14:54:51 ET]
Table '3631773719 1' 3-max Seat #2 is the button
Seat 1: alclruag (590 in chips) 
Seat 2: Mahu2021 (320 in chips) 
Seat 3: Breadmudoven (590 in chips) 
Breadmudoven: posts small blind 10
alclruag: posts big blind 20
*** HOLE CARDS ***
Dealt to Mahu2021 [Jd Tc]
Mahu2021: raises 20 to 40
Breadmudoven: calls 30
alclruag: folds 
*** FLOP *** [2c 6h 6c]
Breadmudoven: checks 
Mahu2021: checks 
*** TURN *** [2c 6h 6c] [Ah]
Breadmudoven: checks 
Mahu2021: bets 40
Breadmudoven: calls 40
*** RIVER *** [2c 6h 6c Ah] [6s]
Breadmudoven: checks 
Mahu2021: bets 240 and is all-in
Breadmudoven: folds 
Uncalled bet (240) returned to Mahu2021
Mahu2021 collected 180 from pot
Mahu2021: doesn't show hand 
*** SUMMARY ***
Total pot 180 | Rake 0 
Board [2c 6h 6c Ah 6s]
Seat 1: alclruag (big blind) folded before Flop
Seat 2: Mahu2021 (button) collected (180)
Seat 3: Breadmudoven (small blind) folded on the River



PokerStars Hand #245409247354: Tournament #3631773719, $0.92+$0.08 USD Hold'em No Limit - Level I (10/20) - 2023/08/15 20:55:23 CET [2023/08/15 14:55:23 ET]
Table '3631773719 1' 3-max Seat #3 is the button
Seat 1: alclruag (570 in chips) 
Seat 2: Mahu2021 (420 in chips) 
Seat 3: Breadmudoven (510 in chips) 
alclruag: posts small blind 10
Mahu2021: posts big blind 20
*** HOLE CARDS ***
Dealt to Mahu2021 [6s Jd]
Breadmudoven: folds 
alclruag: raises 20 to 40
Mahu2021: calls 20
*** FLOP *** [6c 5d 4s]
alclruag: checks 
Mahu2021: bets 80
alclruag: folds 
Uncalled bet (80) returned to Mahu2021
Mahu2021 collected 80 from pot
Mahu2021: doesn't show hand 
*** SUMMARY ***
Total pot 80 | Rake 0 
Board [6c 5d 4s]
Seat 1: alclruag (small blind) folded on the Flop
Seat 2: Mahu2021 (big blind) collected (80)
Seat 3: Breadmudoven (button) folded before Flop (didn't bet)



PokerStars Hand #245409252569: Tournament #3631773719, $0.92+$0.08 USD Hold'em No Limit - Level I (10/20) - 2023/08/15 20:55:46 CET [2023/08/15 14:55:46 ET]
Table '3631773719 1' 3-max Seat #1 is the button
Seat 1: alclruag (530 in chips) 
Seat 2: Mahu2021 (460 in chips) 
Seat 3: Breadmudoven (510 in chips) 
Mahu2021: posts small blind 10
Breadmudoven: posts big blind 20
*** HOLE CARDS ***
Dealt to Mahu2021 [8c Th]
alclruag: folds 
Mahu2021: folds 
Uncalled bet (10) returned to Breadmudoven
Breadmudoven collected 20 from pot
Breadmudoven: doesn't show hand 
*** SUMMARY ***
Total pot 20 | Rake 0 
Seat 1: alclruag (button) folded before Flop (didn't bet)
Seat 2: Mahu2021 (small blind) folded before Flop
Seat 3: Breadmudoven (big blind) collected (20)



PokerStars Hand #245409254376: Tournament #3631773719, $0.92+$0.08 USD Hold'em No Limit - Level I (10/20) - 2023/08/15 20:55:54 CET [2023/08/15 14:55:54 ET]
Table '3631773719 1' 3-max Seat #2 is the button
Seat 1: alclruag (530 in chips) 
Seat 2: Mahu2021 (450 in chips) 
Seat 3: Breadmudoven (520 in chips) 
Breadmudoven: posts small blind 10
alclruag: posts big blind 20
*** HOLE CARDS ***
Dealt to Mahu2021 [Qs Jh]
Mahu2021: raises 20 to 40
Breadmudoven: folds 
alclruag: calls 20
*** FLOP *** [8d Td 7h]
alclruag: checks 
Mahu2021: checks 
*** TURN *** [8d Td 7h] [Th]
alclruag: bets 40
Mahu2021: calls 40
*** RIVER *** [8d Td 7h Th] [2c]
alclruag: checks 
Mahu2021: bets 120
alclruag: folds 
Uncalled bet (120) returned to Mahu2021
Mahu2021 collected 170 from pot
Mahu2021: doesn't show hand 
*** SUMMARY ***
Total pot 170 | Rake 0 
Board [8d Td 7h Th 2c]
Seat 1: alclruag (big blind) folded on the River
Seat 2: Mahu2021 (button) collected (170)
Seat 3: Breadmudoven (small blind) folded before Flop



PokerStars Hand #245409263769: Tournament #3631773719, $0.92+$0.08 USD Hold'em No Limit - Level I (10/20) - 2023/08/15 20:56:35 CET [2023/08/15 14:56:35 ET]
Table '3631773719 1' 3-max Seat #3 is the button
Seat 1: alclruag (450 in chips) 
Seat 2: Mahu2021 (540 in chips) 
Seat 3: Breadmudoven (510 in chips) 
alclruag: posts small blind 10
Mahu2021: posts big blind 20
*** HOLE CARDS ***
Dealt to Mahu2021 [6d 2d]
Breadmudoven: raises 20 to 40
alclruag: calls 30
Mahu2021: folds 
*** FLOP *** [4h 6h 5c]
alclruag: checks 
Breadmudoven: bets 40
alclruag: calls 40
*** TURN *** [4h 6h 5c] [Ad]
alclruag: checks 
Breadmudoven: bets 90
alclruag: calls 90
*** RIVER *** [4h 6h 5c Ad] [Js]
alclruag: checks 
Breadmudoven: checks 
*** SHOW DOWN ***
alclruag: shows [Jh 9h] (a pair of Jacks)
Breadmudoven: shows [Ts Jd] (a pair of Jacks - Ace+Ten kicker)
Breadmudoven collected 360 from pot
*** SUMMARY ***
Total pot 360 | Rake 0 
Board [4h 6h 5c Ad Js]
Seat 1: alclruag (small blind) showed [Jh 9h] and lost with a pair of Jacks
Seat 2: Mahu2021 (big blind) folded before Flop
Seat 3: Breadmudoven (button) showed [Ts Jd] and won (360) with a pair of Jacks



PokerStars Hand #245409272118: Tournament #3631773719, $0.92+$0.08 USD Hold'em No Limit - Level II (15/30) - 2023/08/15 20:57:11 CET [2023/08/15 14:57:11 ET]
Table '3631773719 1' 3-max Seat #1 is the button
Seat 1: alclruag (280 in chips) 
Seat 2: Mahu2021 (520 in chips) 
Seat 3: Breadmudoven (700 in chips) 
Mahu2021: posts small blind 15
Breadmudoven: posts big blind 30
*** HOLE CARDS ***
Dealt to Mahu2021 [5c Ks]
alclruag: folds 
Mahu2021: folds 
Uncalled bet (15) returned to Breadmudoven
Breadmudoven collected 30 from pot
Breadmudoven: doesn't show hand 
*** SUMMARY ***
Total pot 30 | Rake 0 
Seat 1: alclruag (button) folded before Flop (didn't bet)
Seat 2: Mahu2021 (small blind) folded before Flop
Seat 3: Breadmudoven (big blind) collected (30)



PokerStars Hand #245409273828: Tournament #3631773719, $0.92+$0.08 USD Hold'em No Limit - Level II (15/30) - 2023/08/15 20:57:18 CET [2023/08/15 14:57:18 ET]
Table '3631773719 1' 3-max Seat #2 is the button
Seat 1: alclruag (280 in chips) 
Seat 2: Mahu2021 (505 in chips) 
Seat 3: Breadmudoven (715 in chips) 
Breadmudoven: posts small blind 15
alclruag: posts big blind 30
*** HOLE CARDS ***
Dealt to Mahu2021 [2d 8d]
Mahu2021: folds 
Breadmudoven: raises 30 to 60
alclruag: raises 220 to 280 and is all-in
Breadmudoven: folds 
Uncalled bet (220) returned to alclruag
alclruag collected 120 from pot
alclruag: doesn't show hand 
*** SUMMARY ***
Total pot 120 | Rake 0 
Seat 1: alclruag (big blind) collected (120)
Seat 2: Mahu2021 (button) folded before Flop (didn't bet)
Seat 3: Breadmudoven (small blind) folded before Flop



PokerStars Hand #245409277380: Tournament #3631773719, $0.92+$0.08 USD Hold'em No Limit - Level II (15/30) - 2023/08/15 20:57:34 CET [2023/08/15 14:57:34 ET]
Table '3631773719 1' 3-max Seat #3 is the button
Seat 1: alclruag (340 in chips) 
Seat 2: Mahu2021 (505 in chips) 
Seat 3: Breadmudoven (655 in chips) 
alclruag: posts small blind 15
Mahu2021: posts big blind 30
*** HOLE CARDS ***
Dealt to Mahu2021 [3h Ts]
Breadmudoven: folds 
alclruag: raises 30 to 60
Mahu2021: folds 
Uncalled bet (30) returned to alclruag
alclruag collected 60 from pot
alclruag: doesn't show hand 
*** SUMMARY ***
Total pot 60 | Rake 0 
Seat 1: alclruag (small blind) collected (60)
Seat 2: Mahu2021 (big blind) folded before Flop
Seat 3: Breadmudoven (button) folded before Flop (didn't bet)



PokerStars Hand #245409279814: Tournament #3631773719, $0.92+$0.08 USD Hold'em No Limit - Level II (15/30) - 2023/08/15 20:57:45 CET [2023/08/15 14:57:45 ET]
Table '3631773719 1' 3-max Seat #1 is the button
Seat 1: alclruag (370 in chips) 
Seat 2: Mahu2021 (475 in chips) 
Seat 3: Breadmudoven (655 in chips) 
Mahu2021: posts small blind 15
Breadmudoven: posts big blind 30
*** HOLE CARDS ***
Dealt to Mahu2021 [3s 6s]
alclruag: folds 
Mahu2021: calls 15
Breadmudoven: checks 
*** FLOP *** [7h Qh Ks]
Mahu2021: bets 30
Breadmudoven: folds 
Uncalled bet (30) returned to Mahu2021
Mahu2021 collected 60 from pot
Mahu2021: doesn't show hand 
*** SUMMARY ***
Total pot 60 | Rake 0 
Board [7h Qh Ks]
Seat 1: alclruag (button) folded before Flop (didn't bet)
Seat 2: Mahu2021 (small blind) collected (60)
Seat 3: Breadmudoven (big blind) folded on the Flop



PokerStars Hand #245409282448: Tournament #3631773719, $0.92+$0.08 USD Hold'em No Limit - Level II (15/30) - 2023/08/15 20:57:56 CET [2023/08/15 14:57:56 ET]
Table '3631773719 1' 3-max Seat #2 is the button
Seat 1: alclruag (370 in chips) 
Seat 2: Mahu2021 (505 in chips) 
Seat 3: Breadmudoven (625 in chips) 
Breadmudoven: posts small blind 15
alclruag: posts big blind 30
*** HOLE CARDS ***
Dealt to Mahu2021 [9s 4d]
Mahu2021: folds 
Breadmudoven: folds 
Uncalled bet (15) returned to alclruag
alclruag collected 30 from pot
alclruag: doesn't show hand 
*** SUMMARY ***
Total pot 30 | Rake 0 
Seat 1: alclruag (big blind) collected (30)
Seat 2: Mahu2021 (button) folded before Flop (didn't bet)
Seat 3: Breadmudoven (small blind) folded before Flop



PokerStars Hand #245409283881: Tournament #3631773719, $0.92+$0.08 USD Hold'em No Limit - Level II (15/30) - 2023/08/15 20:58:03 CET [2023/08/15 14:58:03 ET]
Table '3631773719 1' 3-max Seat #3 is the button
Seat 1: alclruag (385 in chips) 
Seat 2: Mahu2021 (505 in chips) 
Seat 3: Breadmudoven (610 in chips) 
alclruag: posts small blind 15
Mahu2021: posts big blind 30
*** HOLE CARDS ***
Dealt to Mahu2021 [Js 8d]
Breadmudoven: raises 30 to 60
alclruag: raises 325 to 385 and is all-in
Mahu2021: folds 
Breadmudoven: folds 
Uncalled bet (325) returned to alclruag
alclruag collected 150 from pot
alclruag: doesn't show hand 
*** SUMMARY ***
Total pot 150 | Rake 0 
Seat 1: alclruag (small blind) collected (150)
Seat 2: Mahu2021 (big blind) folded before Flop
Seat 3: Breadmudoven (button) folded before Flop



PokerStars Hand #245409286009: Tournament #3631773719, $0.92+$0.08 USD Hold'em No Limit - Level II (15/30) - 2023/08/15 20:58:12 CET [2023/08/15 14:58:12 ET]
Table '3631773719 1' 3-max Seat #1 is the button
Seat 1: alclruag (475 in chips) 
Seat 2: Mahu2021 (475 in chips) 
Seat 3: Breadmudoven (550 in chips) 
Mahu2021: posts small blind 15
Breadmudoven: posts big blind 30
*** HOLE CARDS ***
Dealt to Mahu2021 [Th 3d]
alclruag: folds 
Mahu2021: folds 
Uncalled bet (15) returned to Breadmudoven
Breadmudoven collected 30 from pot
Breadmudoven: doesn't show hand 
*** SUMMARY ***
Total pot 30 | Rake 0 
Seat 1: alclruag (button) folded before Flop (didn't bet)
Seat 2: Mahu2021 (small blind) folded before Flop
Seat 3: Breadmudoven (big blind) collected (30)



PokerStars Hand #245409288099: Tournament #3631773719, $0.92+$0.08 USD Hold'em No Limit - Level II (15/30) - 2023/08/15 20:58:21 CET [2023/08/15 14:58:21 ET]
Table '3631773719 1' 3-max Seat #2 is the button
Seat 1: alclruag (475 in chips) 
Seat 2: Mahu2021 (460 in chips) 
Seat 3: Breadmudoven (565 in chips) 
Breadmudoven: posts small blind 15
alclruag: posts big blind 30
*** HOLE CARDS ***
Dealt to Mahu2021 [Ts 5d]
Mahu2021: folds 
Breadmudoven: folds 
Uncalled bet (15) returned to alclruag
alclruag collected 30 from pot
alclruag: doesn't show hand 
*** SUMMARY ***
Total pot 30 | Rake 0 
Seat 1: alclruag (big blind) collected (30)
Seat 2: Mahu2021 (button) folded before Flop (didn't bet)
Seat 3: Breadmudoven (small blind) folded before Flop



PokerStars Hand #245409289268: Tournament #3631773719, $0.92+$0.08 USD Hold'em No Limit - Level II (15/30) - 2023/08/15 20:58:26 CET [2023/08/15 14:58:26 ET]
Table '3631773719 1' 3-max Seat #3 is the button
Seat 1: alclruag (490 in chips) 
Seat 2: Mahu2021 (460 in chips) 
Seat 3: Breadmudoven (550 in chips) 
alclruag: posts small blind 15
Mahu2021: posts big blind 30
*** HOLE CARDS ***
Dealt to Mahu2021 [6c Ks]
Breadmudoven: raises 30 to 60
alclruag: folds 
Mahu2021: folds 
Uncalled bet (30) returned to Breadmudoven
Breadmudoven collected 75 from pot
Breadmudoven: doesn't show hand 
*** SUMMARY ***
Total pot 75 | Rake 0 
Seat 1: alclruag (small blind) folded before Flop
Seat 2: Mahu2021 (big blind) folded before Flop
Seat 3: Breadmudoven (button) collected (75)



PokerStars Hand #245409291321: Tournament #3631773719, $0.92+$0.08 USD Hold'em No Limit - Level II (15/30) - 2023/08/15 20:58:35 CET [2023/08/15 14:58:35 ET]
Table '3631773719 1' 3-max Seat #1 is the button
Seat 1: alclruag (475 in chips) 
Seat 2: Mahu2021 (430 in chips) 
Seat 3: Breadmudoven (595 in chips) 
Mahu2021: posts small blind 15
Breadmudoven: posts big blind 30
*** HOLE CARDS ***
Dealt to Mahu2021 [8h 2d]
alclruag: folds 
Mahu2021: folds 
Uncalled bet (15) returned to Breadmudoven
Breadmudoven collected 30 from pot
Breadmudoven: doesn't show hand 
*** SUMMARY ***
Total pot 30 | Rake 0 
Seat 1: alclruag (button) folded before Flop (didn't bet)
Seat 2: Mahu2021 (small blind) folded before Flop
Seat 3: Breadmudoven (big blind) collected (30)



PokerStars Hand #245409292574: Tournament #3631773719, $0.92+$0.08 USD Hold'em No Limit - Level II (15/30) - 2023/08/15 20:58:41 CET [2023/08/15 14:58:41 ET]
Table '3631773719 1' 3-max Seat #2 is the button
Seat 1: alclruag (475 in chips) 
Seat 2: Mahu2021 (415 in chips) 
Seat 3: Breadmudoven (610 in chips) 
Breadmudoven: posts small blind 15
alclruag: posts big blind 30
*** HOLE CARDS ***
Dealt to Mahu2021 [8s 4s]
Mahu2021: folds 
Breadmudoven: raises 30 to 60
alclruag: calls 30
*** FLOP *** [Qd 9s 2d]
Breadmudoven: checks 
alclruag: checks 
*** TURN *** [Qd 9s 2d] [6s]
Breadmudoven: checks 
alclruag: checks 
*** RIVER *** [Qd 9s 2d 6s] [5s]
Breadmudoven: checks 
alclruag: checks 
*** SHOW DOWN ***
Breadmudoven: shows [Ks 3d] (high card King)
alclruag: mucks hand 
Breadmudoven collected 120 from pot
*** SUMMARY ***
Total pot 120 | Rake 0 
Board [Qd 9s 2d 6s 5s]
Seat 1: alclruag (big blind) mucked [8h Jh]
Seat 2: Mahu2021 (button) folded before Flop (didn't bet)
Seat 3: Breadmudoven (small blind) showed [Ks 3d] and won (120) with high card King



PokerStars Hand #245409299748: Tournament #3631773719, $0.92+$0.08 USD Hold'em No Limit - Level II (15/30) - 2023/08/15 20:59:12 CET [2023/08/15 14:59:12 ET]
Table '3631773719 1' 3-max Seat #3 is the button
Seat 1: alclruag (415 in chips) 
Seat 2: Mahu2021 (415 in chips) 
Seat 3: Breadmudoven (670 in chips) 
alclruag: posts small blind 15
Mahu2021: posts big blind 30
*** HOLE CARDS ***
Dealt to Mahu2021 [2c 4c]
Breadmudoven: raises 30 to 60
alclruag: raises 355 to 415 and is all-in
Mahu2021: folds 
Breadmudoven: folds 
Uncalled bet (355) returned to alclruag
alclruag collected 150 from pot
alclruag: doesn't show hand 
*** SUMMARY ***
Total pot 150 | Rake 0 
Seat 1: alclruag (small blind) collected (150)
Seat 2: Mahu2021 (big blind) folded before Flop
Seat 3: Breadmudoven (button) folded before Flop



PokerStars Hand #245409301752: Tournament #3631773719, $0.92+$0.08 USD Hold'em No Limit - Level II (15/30) - 2023/08/15 20:59:20 CET [2023/08/15 14:59:20 ET]
Table '3631773719 1' 3-max Seat #1 is the button
Seat 1: alclruag (505 in chips) 
Seat 2: Mahu2021 (385 in chips) 
Seat 3: Breadmudoven (610 in chips) 
Mahu2021: posts small blind 15
Breadmudoven: posts big blind 30
*** HOLE CARDS ***
Dealt to Mahu2021 [Qh 2d]
alclruag: folds 
Mahu2021: folds 
Uncalled bet (15) returned to Breadmudoven
Breadmudoven collected 30 from pot
Breadmudoven: doesn't show hand 
*** SUMMARY ***
Total pot 30 | Rake 0 
Seat 1: alclruag (button) folded before Flop (didn't bet)
Seat 2: Mahu2021 (small blind) folded before Flop
Seat 3: Breadmudoven (big blind) collected (30)



PokerStars Hand #245409302969: Tournament #3631773719, $0.92+$0.08 USD Hold'em No Limit - Level II (15/30) - 2023/08/15 20:59:26 CET [2023/08/15 14:59:26 ET]
Table '3631773719 1' 3-max Seat #2 is the button
Seat 1: alclruag (505 in chips) 
Seat 2: Mahu2021 (370 in chips) 
Seat 3: Breadmudoven (625 in chips) 
Breadmudoven: posts small blind 15
alclruag: posts big blind 30
*** HOLE CARDS ***
Dealt to Mahu2021 [5d 7s]
Mahu2021: folds 
Breadmudoven: raises 30 to 60
alclruag: calls 30
*** FLOP *** [4d Qh 6c]
Breadmudoven: bets 60
alclruag: calls 60
*** TURN *** [4d Qh 6c] [5h]
Breadmudoven: bets 120
alclruag: calls 120
*** RIVER *** [4d Qh 6c 5h] [Jd]
Breadmudoven: bets 385 and is all-in
alclruag: calls 265 and is all-in
Uncalled bet (120) returned to Breadmudoven
*** SHOW DOWN ***
Breadmudoven: shows [8d 8c] (a pair of Eights)
alclruag: shows [6h Kc] (a pair of Sixes)
Breadmudoven collected 1010 from pot
alclruag finished the tournament in 3rd place
*** SUMMARY ***
Total pot 1010 | Rake 0 
Board [4d Qh 6c 5h Jd]
Seat 1: alclruag (big blind) showed [6h Kc] and lost with a pair of Sixes
Seat 2: Mahu2021 (button) folded before Flop (didn't bet)
Seat 3: Breadmudoven (small blind) showed [8d 8c] and won (1010) with a pair of Eights



PokerStars Hand #245409313680: Tournament #3631773719, $0.92+$0.08 USD Hold'em No Limit - Level III (20/40) - 2023/08/15 21:00:12 CET [2023/08/15 15:00:12 ET]
Table '3631773719 1' 3-max Seat #3 is the button
Seat 2: Mahu2021 (370 in chips) 
Seat 3: Breadmudoven (1130 in chips) 
Breadmudoven: posts small blind 20
Mahu2021: posts big blind 40
*** HOLE CARDS ***
Dealt to Mahu2021 [6s 4h]
Breadmudoven: raises 40 to 80
Mahu2021: folds 
Uncalled bet (40) returned to Breadmudoven
Breadmudoven collected 80 from pot
Breadmudoven: doesn't show hand 
*** SUMMARY ***
Total pot 80 | Rake 0 
Seat 2: Mahu2021 (big blind) folded before Flop
Seat 3: Breadmudoven (button) (small blind) collected (80)



PokerStars Hand #245409315180: Tournament #3631773719, $0.92+$0.08 USD Hold'em No Limit - Level III (20/40) - 2023/08/15 21:00:18 CET [2023/08/15 15:00:18 ET]
Table '3631773719 1' 3-max Seat #2 is the button
Seat 2: Mahu2021 (330 in chips) 
Seat 3: Breadmudoven (1170 in chips) 
Mahu2021: posts small blind 20
Breadmudoven: posts big blind 40
*** HOLE CARDS ***
Dealt to Mahu2021 [Kh Jd]
Mahu2021: raises 40 to 80
Breadmudoven: calls 40
*** FLOP *** [4c 7c 8c]
Breadmudoven: bets 80
Mahu2021: folds 
Uncalled bet (80) returned to Breadmudoven
Breadmudoven collected 160 from pot
Breadmudoven: doesn't show hand 
*** SUMMARY ***
Total pot 160 | Rake 0 
Board [4c 7c 8c]
Seat 2: Mahu2021 (button) (small blind) folded on the Flop
Seat 3: Breadmudoven (big blind) collected (160)



PokerStars Hand #245409318095: Tournament #3631773719, $0.92+$0.08 USD Hold'em No Limit - Level III (20/40) - 2023/08/15 21:00:31 CET [2023/08/15 15:00:31 ET]
Table '3631773719 1' 3-max Seat #3 is the button
Seat 2: Mahu2021 (250 in chips) 
Seat 3: Breadmudoven (1250 in chips) 
Breadmudoven: posts small blind 20
Mahu2021: posts big blind 40
*** HOLE CARDS ***
Dealt to Mahu2021 [Js Qc]
Breadmudoven: raises 40 to 80
Mahu2021: raises 170 to 250 and is all-in
Breadmudoven: calls 170
*** FLOP *** [Ks 6c Jc]
*** TURN *** [Ks 6c Jc] [Th]
*** RIVER *** [Ks 6c Jc Th] [7c]
*** SHOW DOWN ***
Mahu2021: shows [Js Qc] (a pair of Jacks)
Breadmudoven: shows [9c 9h] (a pair of Nines)
Mahu2021 collected 500 from pot
*** SUMMARY ***
Total pot 500 | Rake 0 
Board [Ks 6c Jc Th 7c]
Seat 2: Mahu2021 (big blind) showed [Js Qc] and won (500) with a pair of Jacks
Seat 3: Breadmudoven (button) (small blind) showed [9c 9h] and lost with a pair of Nines



PokerStars Hand #245409321592: Tournament #3631773719, $0.92+$0.08 USD Hold'em No Limit - Level III (20/40) - 2023/08/15 21:00:45 CET [2023/08/15 15:00:45 ET]
Table '3631773719 1' 3-max Seat #2 is the button
Seat 2: Mahu2021 (500 in chips) 
Seat 3: Breadmudoven (1000 in chips) 
Mahu2021: posts small blind 20
Breadmudoven: posts big blind 40
*** HOLE CARDS ***
Dealt to Mahu2021 [Ks 7s]
Mahu2021: raises 40 to 80
Breadmudoven: calls 40
*** FLOP *** [Ac 3s Jd]
Breadmudoven: checks 
Mahu2021: checks 
*** TURN *** [Ac 3s Jd] [Ah]
Breadmudoven: checks 
Mahu2021: checks 
*** RIVER *** [Ac 3s Jd Ah] [4c]
Breadmudoven: checks 
Mahu2021: checks 
*** SHOW DOWN ***
Breadmudoven: shows [8h 5s] (a pair of Aces)
Mahu2021: shows [Ks 7s] (a pair of Aces - King kicker)
Mahu2021 collected 160 from pot
*** SUMMARY ***
Total pot 160 | Rake 0 
Board [Ac 3s Jd Ah 4c]
Seat 2: Mahu2021 (button) (small blind) showed [Ks 7s] and won (160) with a pair of Aces
Seat 3: Breadmudoven (big blind) showed [8h 5s] and lost with a pair of Aces



PokerStars Hand #245409325634: Tournament #3631773719, $0.92+$0.08 USD Hold'em No Limit - Level III (20/40) - 2023/08/15 21:01:01 CET [2023/08/15 15:01:01 ET]
Table '3631773719 1' 3-max Seat #3 is the button
Seat 2: Mahu2021 (580 in chips) 
Seat 3: Breadmudoven (920 in chips) 
Breadmudoven: posts small blind 20
Mahu2021: posts big blind 40
*** HOLE CARDS ***
Dealt to Mahu2021 [3c Ks]
Breadmudoven: folds 
Uncalled bet (20) returned to Mahu2021
Mahu2021 collected 40 from pot
Mahu2021: doesn't show hand 
*** SUMMARY ***
Total pot 40 | Rake 0 
Seat 2: Mahu2021 (big blind) collected (40)
Seat 3: Breadmudoven (button) (small blind) folded before Flop



PokerStars Hand #245409326841: Tournament #3631773719, $0.92+$0.08 USD Hold'em No Limit - Level III (20/40) - 2023/08/15 21:01:05 CET [2023/08/15 15:01:05 ET]
Table '3631773719 1' 3-max Seat #2 is the button
Seat 2: Mahu2021 (600 in chips) 
Seat 3: Breadmudoven (900 in chips) 
Mahu2021: posts small blind 20
Breadmudoven: posts big blind 40
*** HOLE CARDS ***
Dealt to Mahu2021 [Ah 7c]
Mahu2021: raises 40 to 80
Breadmudoven: calls 40
*** FLOP *** [4h 7h Td]
Breadmudoven: bets 80
Mahu2021: calls 80
*** TURN *** [4h 7h Td] [6d]
Breadmudoven: bets 740 and is all-in
Mahu2021: calls 440 and is all-in
Uncalled bet (300) returned to Breadmudoven
*** RIVER *** [4h 7h Td 6d] [5d]
*** SHOW DOWN ***
Breadmudoven: shows [9s Ts] (a pair of Tens)
Mahu2021: shows [Ah 7c] (a pair of Sevens)
Breadmudoven collected 1200 from pot
Mahu2021 finished the tournament in 2nd place
Breadmudoven wins the tournament and receives $3.00 - congratulations!
*** SUMMARY ***
Total pot 1200 | Rake 0 
Board [4h 7h Td 6d 5d]
Seat 2: Mahu2021 (button) (small blind) showed [Ah 7c] and lost with a pair of Sevens
Seat 3: Breadmudoven (big blind) showed [9s Ts] and won (1200) with a pair of Tens



