PokerStars Hand #255614396064: Tournament #3876527350, $0.46+$0.04 USD Hold'em No Limit - Level I (10/20) - 2025/04/06 12:38:24 CET [2025/04/06 6:38:24 ET]
Table '3876527350 1' 3-max Seat #1 is the button
Seat 1: Mahu2021 (500 in chips) 
Seat 2: MM5M74 (500 in chips) 
Seat 3: Ton_Tizz (500 in chips) 
MM5M74: posts small blind 10
Ton_Tizz: posts big blind 20
*** HOLE CARDS ***
Dealt to Mahu2021 [4s Kc]
Mahu2021: folds 
MM5M74: calls 10
Ton_Tizz: checks 
*** FLOP *** [Th 2h 6d]
MM5M74: checks 
Ton_Tizz: bets 40
MM5M74: calls 40
*** TURN *** [Th 2h 6d] [5s]
MM5M74: checks 
Ton_Tizz: bets 120
MM5M74: folds 
Uncalled bet (120) returned to Ton_Tizz
Ton_Tizz collected 120 from pot
Ton_Tizz: doesn't show hand 
*** SUMMARY ***
Total pot 120 | Rake 0 
Board [Th 2h 6d 5s]
Seat 1: Mahu2021 (button) folded before Flop (didn't bet)
Seat 2: MM5M74 (small blind) folded on the Turn
Seat 3: Ton_Tizz (big blind) collected (120)



PokerStars Hand #255614399231: Tournament #3876527350, $0.46+$0.04 USD Hold'em No Limit - Level I (10/20) - 2025/04/06 12:38:52 CET [2025/04/06 6:38:52 ET]
Table '3876527350 1' 3-max Seat #2 is the button
Seat 1: Mahu2021 (500 in chips) 
Seat 2: MM5M74 (440 in chips) 
Seat 3: Ton_Tizz (560 in chips) 
Ton_Tizz: posts small blind 10
Mahu2021: posts big blind 20
*** HOLE CARDS ***
Dealt to Mahu2021 [Qh Kh]
MM5M74: raises 20 to 40
Ton_Tizz: folds 
Mahu2021: calls 20
*** FLOP *** [2s Jc 7s]
Mahu2021: checks 
MM5M74: bets 20
Mahu2021: calls 20
*** TURN *** [2s Jc 7s] [Js]
Mahu2021: checks 
MM5M74: checks 
*** RIVER *** [2s Jc 7s Js] [3s]
Mahu2021: bets 80
MM5M74: calls 80
*** SHOW DOWN ***
Mahu2021: shows [Qh Kh] (a pair of Jacks)
MM5M74: shows [3d Ah] (two pair, Jacks and Threes)
MM5M74 collected 290 from pot
*** SUMMARY ***
Total pot 290 | Rake 0 
Board [2s Jc 7s Js 3s]
Seat 1: Mahu2021 (big blind) showed [Qh Kh] and lost with a pair of Jacks
Seat 2: MM5M74 (button) showed [3d Ah] and won (290) with two pair, Jacks and Threes
Seat 3: Ton_Tizz (small blind) folded before Flop



PokerStars Hand #255614403038: Tournament #3876527350, $0.46+$0.04 USD Hold'em No Limit - Level I (10/20) - 2025/04/06 12:39:25 CET [2025/04/06 6:39:25 ET]
Table '3876527350 1' 3-max Seat #3 is the button
Seat 1: Mahu2021 (360 in chips) 
Seat 2: MM5M74 (590 in chips) 
Seat 3: Ton_Tizz (550 in chips) 
Mahu2021: posts small blind 10
MM5M74: posts big blind 20
*** HOLE CARDS ***
Dealt to Mahu2021 [Ac Qh]
Ton_Tizz: calls 20
Mahu2021: raises 340 to 360 and is all-in
MM5M74: folds 
Ton_Tizz: calls 340
*** FLOP *** [8s 6d Qc]
*** TURN *** [8s 6d Qc] [9h]
*** RIVER *** [8s 6d Qc 9h] [Th]
*** SHOW DOWN ***
Mahu2021: shows [Ac Qh] (a pair of Queens)
Ton_Tizz: shows [Tc Kh] (a pair of Tens)
Mahu2021 collected 740 from pot
*** SUMMARY ***
Total pot 740 | Rake 0 
Board [8s 6d Qc 9h Th]
Seat 1: Mahu2021 (small blind) showed [Ac Qh] and won (740) with a pair of Queens
Seat 2: MM5M74 (big blind) folded before Flop
Seat 3: Ton_Tizz (button) showed [Tc Kh] and lost with a pair of Tens



PokerStars Hand #255614405698: Tournament #3876527350, $0.46+$0.04 USD Hold'em No Limit - Level I (10/20) - 2025/04/06 12:39:48 CET [2025/04/06 6:39:48 ET]
Table '3876527350 1' 3-max Seat #1 is the button
Seat 1: Mahu2021 (740 in chips) 
Seat 2: MM5M74 (570 in chips) 
Seat 3: Ton_Tizz (190 in chips) 
MM5M74: posts small blind 10
Ton_Tizz: posts big blind 20
*** HOLE CARDS ***
Dealt to Mahu2021 [6d Jd]
Mahu2021: folds 
MM5M74: calls 10
Ton_Tizz: checks 
*** FLOP *** [6c Tc 4h]
MM5M74: checks 
Ton_Tizz: checks 
*** TURN *** [6c Tc 4h] [As]
MM5M74: checks 
Ton_Tizz: checks 
*** RIVER *** [6c Tc 4h As] [5d]
MM5M74: checks 
Ton_Tizz: checks 
*** SHOW DOWN ***
MM5M74: shows [Js 7c] (high card Ace)
Ton_Tizz: mucks hand 
MM5M74 collected 40 from pot
*** SUMMARY ***
Total pot 40 | Rake 0 
Board [6c Tc 4h As 5d]
Seat 1: Mahu2021 (button) folded before Flop (didn't bet)
Seat 2: MM5M74 (small blind) showed [Js 7c] and won (40) with high card Ace
Seat 3: Ton_Tizz (big blind) mucked [Jh 2d]



PokerStars Hand #255614408568: Tournament #3876527350, $0.46+$0.04 USD Hold'em No Limit - Level I (10/20) - 2025/04/06 12:40:13 CET [2025/04/06 6:40:13 ET]
Table '3876527350 1' 3-max Seat #2 is the button
Seat 1: Mahu2021 (740 in chips) 
Seat 2: MM5M74 (590 in chips) 
Seat 3: Ton_Tizz (170 in chips) 
Ton_Tizz: posts small blind 10
Mahu2021: posts big blind 20
*** HOLE CARDS ***
Dealt to Mahu2021 [Ah 3c]
MM5M74: calls 20
Ton_Tizz: calls 10
Mahu2021: checks 
*** FLOP *** [8h 4d 7s]
Ton_Tizz: bets 60
Mahu2021: folds 
MM5M74: calls 60
*** TURN *** [8h 4d 7s] [Qd]
Ton_Tizz: bets 90 and is all-in
MM5M74: calls 90
*** RIVER *** [8h 4d 7s Qd] [Qc]
*** SHOW DOWN ***
Ton_Tizz: shows [2h 7c] (two pair, Queens and Sevens)
MM5M74: shows [9s Tc] (a pair of Queens)
Ton_Tizz collected 360 from pot
*** SUMMARY ***
Total pot 360 | Rake 0 
Board [8h 4d 7s Qd Qc]
Seat 1: Mahu2021 (big blind) folded on the Flop
Seat 2: MM5M74 (button) showed [9s Tc] and lost with a pair of Queens
Seat 3: Ton_Tizz (small blind) showed [2h 7c] and won (360) with two pair, Queens and Sevens



PokerStars Hand #255614412480: Tournament #3876527350, $0.46+$0.04 USD Hold'em No Limit - Level II (15/30) - 2025/04/06 12:40:47 CET [2025/04/06 6:40:47 ET]
Table '3876527350 1' 3-max Seat #3 is the button
Seat 1: Mahu2021 (720 in chips) 
Seat 2: MM5M74 (420 in chips) 
Seat 3: Ton_Tizz (360 in chips) 
Mahu2021: posts small blind 15
MM5M74: posts big blind 30
*** HOLE CARDS ***
Dealt to Mahu2021 [2s 8d]
Ton_Tizz: calls 30
Mahu2021: folds 
MM5M74: raises 390 to 420 and is all-in
Ton_Tizz: folds 
Uncalled bet (390) returned to MM5M74
MM5M74 collected 75 from pot
MM5M74: doesn't show hand 
*** SUMMARY ***
Total pot 75 | Rake 0 
Seat 1: Mahu2021 (small blind) folded before Flop
Seat 2: MM5M74 (big blind) collected (75)
Seat 3: Ton_Tizz (button) folded before Flop



PokerStars Hand #255614413775: Tournament #3876527350, $0.46+$0.04 USD Hold'em No Limit - Level II (15/30) - 2025/04/06 12:40:58 CET [2025/04/06 6:40:58 ET]
Table '3876527350 1' 3-max Seat #1 is the button
Seat 1: Mahu2021 (705 in chips) 
Seat 2: MM5M74 (465 in chips) 
Seat 3: Ton_Tizz (330 in chips) 
MM5M74: posts small blind 15
Ton_Tizz: posts big blind 30
*** HOLE CARDS ***
Dealt to Mahu2021 [Qc Kc]
Mahu2021: raises 30 to 60
MM5M74: folds 
Ton_Tizz: raises 270 to 330 and is all-in
Mahu2021: calls 270
*** FLOP *** [5d Js 6h]
*** TURN *** [5d Js 6h] [Kh]
*** RIVER *** [5d Js 6h Kh] [Ac]
*** SHOW DOWN ***
Ton_Tizz: shows [7s Qs] (high card Ace)
Mahu2021: shows [Qc Kc] (a pair of Kings)
Mahu2021 collected 675 from pot
Ton_Tizz finished the tournament in 3rd place
*** SUMMARY ***
Total pot 675 | Rake 0 
Board [5d Js 6h Kh Ac]
Seat 1: Mahu2021 (button) showed [Qc Kc] and won (675) with a pair of Kings
Seat 2: MM5M74 (small blind) folded before Flop
Seat 3: Ton_Tizz (big blind) showed [7s Qs] and lost with high card Ace



PokerStars Hand #255614417995: Tournament #3876527350, $0.46+$0.04 USD Hold'em No Limit - Level II (15/30) - 2025/04/06 12:41:34 CET [2025/04/06 6:41:34 ET]
Table '3876527350 1' 3-max Seat #2 is the button
Seat 1: Mahu2021 (1050 in chips) 
Seat 2: MM5M74 (450 in chips) 
MM5M74: posts small blind 15
Mahu2021: posts big blind 30
*** HOLE CARDS ***
Dealt to Mahu2021 [9h 7s]
MM5M74: calls 15
Mahu2021: checks 
*** FLOP *** [4c 8h Jh]
Mahu2021: checks 
MM5M74: checks 
*** TURN *** [4c 8h Jh] [Jd]
Mahu2021: bets 30
MM5M74: folds 
Uncalled bet (30) returned to Mahu2021
Mahu2021 collected 60 from pot
Mahu2021: doesn't show hand 
*** SUMMARY ***
Total pot 60 | Rake 0 
Board [4c 8h Jh Jd]
Seat 1: Mahu2021 (big blind) collected (60)
Seat 2: MM5M74 (button) (small blind) folded on the Turn



PokerStars Hand #255614420349: Tournament #3876527350, $0.46+$0.04 USD Hold'em No Limit - Level II (15/30) - 2025/04/06 12:41:54 CET [2025/04/06 6:41:54 ET]
Table '3876527350 1' 3-max Seat #1 is the button
Seat 1: Mahu2021 (1080 in chips) 
Seat 2: MM5M74 (420 in chips) 
Mahu2021: posts small blind 15
MM5M74: posts big blind 30
*** HOLE CARDS ***
Dealt to Mahu2021 [Kc 4c]
Mahu2021: raises 30 to 60
MM5M74: folds 
Uncalled bet (30) returned to Mahu2021
Mahu2021 collected 60 from pot
Mahu2021: doesn't show hand 
*** SUMMARY ***
Total pot 60 | Rake 0 
Seat 1: Mahu2021 (button) (small blind) collected (60)
Seat 2: MM5M74 (big blind) folded before Flop



PokerStars Hand #255614421403: Tournament #3876527350, $0.46+$0.04 USD Hold'em No Limit - Level II (15/30) - 2025/04/06 12:42:03 CET [2025/04/06 6:42:03 ET]
Table '3876527350 1' 3-max Seat #2 is the button
Seat 1: Mahu2021 (1110 in chips) 
Seat 2: MM5M74 (390 in chips) 
MM5M74: posts small blind 15
Mahu2021: posts big blind 30
*** HOLE CARDS ***
Dealt to Mahu2021 [3h Qc]
MM5M74: calls 15
Mahu2021: checks 
*** FLOP *** [9s 7s 8h]
Mahu2021: checks 
MM5M74: bets 30
Mahu2021: folds 
Uncalled bet (30) returned to MM5M74
MM5M74 collected 60 from pot
MM5M74: doesn't show hand 
*** SUMMARY ***
Total pot 60 | Rake 0 
Board [9s 7s 8h]
Seat 1: Mahu2021 (big blind) folded on the Flop
Seat 2: MM5M74 (button) (small blind) collected (60)



PokerStars Hand #255614423025: Tournament #3876527350, $0.46+$0.04 USD Hold'em No Limit - Level II (15/30) - 2025/04/06 12:42:17 CET [2025/04/06 6:42:17 ET]
Table '3876527350 1' 3-max Seat #1 is the button
Seat 1: Mahu2021 (1080 in chips) 
Seat 2: MM5M74 (420 in chips) 
Mahu2021: posts small blind 15
MM5M74: posts big blind 30
*** HOLE CARDS ***
Dealt to Mahu2021 [Jh Js]
Mahu2021: raises 30 to 60
MM5M74: raises 360 to 420 and is all-in
Mahu2021: calls 360
*** FLOP *** [9c 6s 5c]
*** TURN *** [9c 6s 5c] [2d]
*** RIVER *** [9c 6s 5c 2d] [8h]
*** SHOW DOWN ***
MM5M74: shows [As Td] (high card Ace)
Mahu2021: shows [Jh Js] (a pair of Jacks)
Mahu2021 collected 840 from pot
MM5M74 finished the tournament in 2nd place
Mahu2021 wins the tournament - congratulations!
Mahu2021 wins a '$1.00 Power Path Step 2 Ticket' ticket
*** SUMMARY ***
Total pot 840 | Rake 0 
Board [9c 6s 5c 2d 8h]
Seat 1: Mahu2021 (button) (small blind) showed [Jh Js] and won (840) with a pair of Jacks
Seat 2: MM5M74 (big blind) showed [As Td] and lost with high card Ace



