PokerStars Hand #245050204264: Tournament #3623122196, $0.92+$0.08 USD Hold'em No Limit - Level I (10/20) - 2023/07/27 18:34:07 CET [2023/07/27 12:34:07 ET]
Table '3623122196 1' 3-max Seat #1 is the button
Seat 1: Mahu2021 (500 in chips) 
Seat 2: ediandrei631 (500 in chips) 
Seat 3: ThallesMS98 (500 in chips) 
ediandrei631: posts small blind 10
ThallesMS98: posts big blind 20
*** HOLE CARDS ***
Dealt to Mahu2021 [7c 5h]
Mahu2021: folds 
ediandrei631: folds 
Uncalled bet (10) returned to ThallesMS98
ThallesMS98 collected 20 from pot
*** SUMMARY ***
Total pot 20 | Rake 0 
Seat 1: Mahu2021 (button) folded before Flop (didn't bet)
Seat 2: ediandrei631 (small blind) folded before Flop
Seat 3: ThallesMS98 (big blind) collected (20)



PokerStars Hand #245050205754: Tournament #3623122196, $0.92+$0.08 USD Hold'em No Limit - Level I (10/20) - 2023/07/27 18:34:13 CET [2023/07/27 12:34:13 ET]
Table '3623122196 1' 3-max Seat #2 is the button
Seat 1: Mahu2021 (500 in chips) 
Seat 2: ediandrei631 (490 in chips) 
Seat 3: ThallesMS98 (510 in chips) 
ThallesMS98: posts small blind 10
Mahu2021: posts big blind 20
*** HOLE CARDS ***
Dealt to Mahu2021 [7d Ks]
ediandrei631: folds 
ThallesMS98: calls 10
Mahu2021: checks 
*** FLOP *** [2d 3d 9c]
ThallesMS98: checks 
Mahu2021: checks 
*** TURN *** [2d 3d 9c] [As]
ThallesMS98: bets 20
Mahu2021: folds 
Uncalled bet (20) returned to ThallesMS98
ThallesMS98 collected 40 from pot
*** SUMMARY ***
Total pot 40 | Rake 0 
Board [2d 3d 9c As]
Seat 1: Mahu2021 (big blind) folded on the Turn
Seat 2: ediandrei631 (button) folded before Flop (didn't bet)
Seat 3: ThallesMS98 (small blind) collected (40)



PokerStars Hand #245050209952: Tournament #3623122196, $0.92+$0.08 USD Hold'em No Limit - Level I (10/20) - 2023/07/27 18:34:28 CET [2023/07/27 12:34:28 ET]
Table '3623122196 1' 3-max Seat #3 is the button
Seat 1: Mahu2021 (480 in chips) 
Seat 2: ediandrei631 (490 in chips) 
Seat 3: ThallesMS98 (530 in chips) 
Mahu2021: posts small blind 10
ediandrei631: posts big blind 20
*** HOLE CARDS ***
Dealt to Mahu2021 [Qh 8s]
ThallesMS98: calls 20
Mahu2021: calls 10
ediandrei631: checks 
*** FLOP *** [5h Jc 2s]
Mahu2021: checks 
ediandrei631: checks 
ThallesMS98: checks 
*** TURN *** [5h Jc 2s] [Ac]
Mahu2021: checks 
ediandrei631: checks 
ThallesMS98: checks 
*** RIVER *** [5h Jc 2s Ac] [9h]
Mahu2021: checks 
ediandrei631: checks 
ThallesMS98: bets 20
Mahu2021: folds 
ediandrei631: calls 20
*** SHOW DOWN ***
ThallesMS98: shows [3d Kd] (high card Ace)
ediandrei631: shows [2h 4h] (a pair of Deuces)
ediandrei631 collected 100 from pot
*** SUMMARY ***
Total pot 100 | Rake 0 
Board [5h Jc 2s Ac 9h]
Seat 1: Mahu2021 (small blind) folded on the River
Seat 2: ediandrei631 (big blind) showed [2h 4h] and won (100) with a pair of Deuces
Seat 3: ThallesMS98 (button) showed [3d Kd] and lost with high card Ace



PokerStars Hand #245050215035: Tournament #3623122196, $0.92+$0.08 USD Hold'em No Limit - Level I (10/20) - 2023/07/27 18:34:46 CET [2023/07/27 12:34:46 ET]
Table '3623122196 1' 3-max Seat #1 is the button
Seat 1: Mahu2021 (460 in chips) 
Seat 2: ediandrei631 (550 in chips) 
Seat 3: ThallesMS98 (490 in chips) 
ediandrei631: posts small blind 10
ThallesMS98: posts big blind 20
*** HOLE CARDS ***
Dealt to Mahu2021 [7d 3h]
Mahu2021: folds 
ediandrei631: raises 20 to 40
ThallesMS98: folds 
Uncalled bet (20) returned to ediandrei631
ediandrei631 collected 40 from pot
*** SUMMARY ***
Total pot 40 | Rake 0 
Seat 1: Mahu2021 (button) folded before Flop (didn't bet)
Seat 2: ediandrei631 (small blind) collected (40)
Seat 3: ThallesMS98 (big blind) folded before Flop



PokerStars Hand #245050217896: Tournament #3623122196, $0.92+$0.08 USD Hold'em No Limit - Level I (10/20) - 2023/07/27 18:34:56 CET [2023/07/27 12:34:56 ET]
Table '3623122196 1' 3-max Seat #2 is the button
Seat 1: Mahu2021 (460 in chips) 
Seat 2: ediandrei631 (570 in chips) 
Seat 3: ThallesMS98 (470 in chips) 
ThallesMS98: posts small blind 10
Mahu2021: posts big blind 20
*** HOLE CARDS ***
Dealt to Mahu2021 [3c Qc]
ediandrei631: folds 
ThallesMS98: calls 10
Mahu2021: checks 
*** FLOP *** [Jd 9h 9d]
ThallesMS98: checks 
Mahu2021: checks 
*** TURN *** [Jd 9h 9d] [Jh]
ThallesMS98: bets 20
Mahu2021: calls 20
*** RIVER *** [Jd 9h 9d Jh] [Kc]
ThallesMS98: bets 20
Mahu2021: raises 100 to 120
ThallesMS98: calls 100
*** SHOW DOWN ***
Mahu2021: shows [3c Qc] (two pair, Jacks and Nines)
ThallesMS98: shows [9s Qs] (a full house, Nines full of Jacks)
ThallesMS98 collected 320 from pot
*** SUMMARY ***
Total pot 320 | Rake 0 
Board [Jd 9h 9d Jh Kc]
Seat 1: Mahu2021 (big blind) showed [3c Qc] and lost with two pair, Jacks and Nines
Seat 2: ediandrei631 (button) folded before Flop (didn't bet)
Seat 3: ThallesMS98 (small blind) showed [9s Qs] and won (320) with a full house, Nines full of Jacks



PokerStars Hand #245050224154: Tournament #3623122196, $0.92+$0.08 USD Hold'em No Limit - Level I (10/20) - 2023/07/27 18:35:19 CET [2023/07/27 12:35:19 ET]
Table '3623122196 1' 3-max Seat #3 is the button
Seat 1: Mahu2021 (300 in chips) 
Seat 2: ediandrei631 (570 in chips) 
Seat 3: ThallesMS98 (630 in chips) 
Mahu2021: posts small blind 10
ediandrei631: posts big blind 20
*** HOLE CARDS ***
Dealt to Mahu2021 [Ks Qh]
ThallesMS98: folds 
Mahu2021: raises 40 to 60
ediandrei631: calls 40
*** FLOP *** [Ad Qs 2h]
Mahu2021: checks 
ediandrei631: checks 
*** TURN *** [Ad Qs 2h] [9s]
Mahu2021: bets 120
ediandrei631: folds 
Uncalled bet (120) returned to Mahu2021
Mahu2021 collected 120 from pot
Mahu2021: doesn't show hand 
*** SUMMARY ***
Total pot 120 | Rake 0 
Board [Ad Qs 2h 9s]
Seat 1: Mahu2021 (small blind) collected (120)
Seat 2: ediandrei631 (big blind) folded on the Turn
Seat 3: ThallesMS98 (button) folded before Flop (didn't bet)



PokerStars Hand #245050228631: Tournament #3623122196, $0.92+$0.08 USD Hold'em No Limit - Level I (10/20) - 2023/07/27 18:35:35 CET [2023/07/27 12:35:35 ET]
Table '3623122196 1' 3-max Seat #1 is the button
Seat 1: Mahu2021 (360 in chips) 
Seat 2: ediandrei631 (510 in chips) 
Seat 3: ThallesMS98 (630 in chips) 
ediandrei631: posts small blind 10
ThallesMS98: posts big blind 20
*** HOLE CARDS ***
Dealt to Mahu2021 [2d 9c]
Mahu2021: folds 
ediandrei631: raises 20 to 40
ThallesMS98: calls 20
*** FLOP *** [Kh 2h Tc]
ediandrei631: bets 20
ThallesMS98: folds 
Uncalled bet (20) returned to ediandrei631
ediandrei631 collected 80 from pot
*** SUMMARY ***
Total pot 80 | Rake 0 
Board [Kh 2h Tc]
Seat 1: Mahu2021 (button) folded before Flop (didn't bet)
Seat 2: ediandrei631 (small blind) collected (80)
Seat 3: ThallesMS98 (big blind) folded on the Flop



PokerStars Hand #245050236011: Tournament #3623122196, $0.92+$0.08 USD Hold'em No Limit - Level I (10/20) - 2023/07/27 18:36:02 CET [2023/07/27 12:36:02 ET]
Table '3623122196 1' 3-max Seat #2 is the button
Seat 1: Mahu2021 (360 in chips) 
Seat 2: ediandrei631 (550 in chips) 
Seat 3: ThallesMS98 (590 in chips) 
ThallesMS98: posts small blind 10
Mahu2021: posts big blind 20
*** HOLE CARDS ***
Dealt to Mahu2021 [Qh Th]
ediandrei631: folds 
ThallesMS98: calls 10
Mahu2021: checks 
*** FLOP *** [4h Td Ts]
ThallesMS98: checks 
Mahu2021: checks 
*** TURN *** [4h Td Ts] [7c]
ThallesMS98: checks 
Mahu2021: checks 
*** RIVER *** [4h Td Ts 7c] [4s]
ThallesMS98: checks 
Mahu2021: bets 340 and is all-in
ThallesMS98: folds 
Uncalled bet (340) returned to Mahu2021
Mahu2021 collected 40 from pot
Mahu2021: doesn't show hand 
*** SUMMARY ***
Total pot 40 | Rake 0 
Board [4h Td Ts 7c 4s]
Seat 1: Mahu2021 (big blind) collected (40)
Seat 2: ediandrei631 (button) folded before Flop (didn't bet)
Seat 3: ThallesMS98 (small blind) folded on the River



PokerStars Hand #245050242184: Tournament #3623122196, $0.92+$0.08 USD Hold'em No Limit - Level I (10/20) - 2023/07/27 18:36:24 CET [2023/07/27 12:36:24 ET]
Table '3623122196 1' 3-max Seat #3 is the button
Seat 1: Mahu2021 (380 in chips) 
Seat 2: ediandrei631 (550 in chips) 
Seat 3: ThallesMS98 (570 in chips) 
Mahu2021: posts small blind 10
ediandrei631: posts big blind 20
*** HOLE CARDS ***
Dealt to Mahu2021 [3d 9c]
ThallesMS98: folds 
Mahu2021: folds 
Uncalled bet (10) returned to ediandrei631
ediandrei631 collected 20 from pot
*** SUMMARY ***
Total pot 20 | Rake 0 
Seat 1: Mahu2021 (small blind) folded before Flop
Seat 2: ediandrei631 (big blind) collected (20)
Seat 3: ThallesMS98 (button) folded before Flop (didn't bet)



PokerStars Hand #245050243790: Tournament #3623122196, $0.92+$0.08 USD Hold'em No Limit - Level I (10/20) - 2023/07/27 18:36:30 CET [2023/07/27 12:36:30 ET]
Table '3623122196 1' 3-max Seat #1 is the button
Seat 1: Mahu2021 (370 in chips) 
Seat 2: ediandrei631 (560 in chips) 
Seat 3: ThallesMS98 (570 in chips) 
ediandrei631: posts small blind 10
ThallesMS98: posts big blind 20
*** HOLE CARDS ***
Dealt to Mahu2021 [5s 3h]
Mahu2021: folds 
ediandrei631: folds 
Uncalled bet (10) returned to ThallesMS98
ThallesMS98 collected 20 from pot
*** SUMMARY ***
Total pot 20 | Rake 0 
Seat 1: Mahu2021 (button) folded before Flop (didn't bet)
Seat 2: ediandrei631 (small blind) folded before Flop
Seat 3: ThallesMS98 (big blind) collected (20)



PokerStars Hand #245050245200: Tournament #3623122196, $0.92+$0.08 USD Hold'em No Limit - Level I (10/20) - 2023/07/27 18:36:35 CET [2023/07/27 12:36:35 ET]
Table '3623122196 1' 3-max Seat #2 is the button
Seat 1: Mahu2021 (370 in chips) 
Seat 2: ediandrei631 (550 in chips) 
Seat 3: ThallesMS98 (580 in chips) 
ThallesMS98: posts small blind 10
Mahu2021: posts big blind 20
*** HOLE CARDS ***
Dealt to Mahu2021 [Qh As]
ediandrei631: folds 
ThallesMS98: folds 
Uncalled bet (10) returned to Mahu2021
Mahu2021 collected 20 from pot
Mahu2021: doesn't show hand 
*** SUMMARY ***
Total pot 20 | Rake 0 
Seat 1: Mahu2021 (big blind) collected (20)
Seat 2: ediandrei631 (button) folded before Flop (didn't bet)
Seat 3: ThallesMS98 (small blind) folded before Flop



PokerStars Hand #245050246698: Tournament #3623122196, $0.92+$0.08 USD Hold'em No Limit - Level I (10/20) - 2023/07/27 18:36:41 CET [2023/07/27 12:36:41 ET]
Table '3623122196 1' 3-max Seat #3 is the button
Seat 1: Mahu2021 (380 in chips) 
Seat 2: ediandrei631 (550 in chips) 
Seat 3: ThallesMS98 (570 in chips) 
Mahu2021: posts small blind 10
ediandrei631: posts big blind 20
*** HOLE CARDS ***
Dealt to Mahu2021 [6d 5h]
ThallesMS98: calls 20
Mahu2021: calls 10
ediandrei631: raises 40 to 60
ThallesMS98: calls 40
Mahu2021: calls 40
*** FLOP *** [3d As Kc]
Mahu2021: checks 
ediandrei631: checks 
ThallesMS98: checks 
*** TURN *** [3d As Kc] [7c]
Mahu2021: checks 
ediandrei631: checks 
ThallesMS98: checks 
*** RIVER *** [3d As Kc 7c] [2d]
Mahu2021: checks 
ediandrei631: bets 80
ThallesMS98: folds 
Mahu2021: folds 
Uncalled bet (80) returned to ediandrei631
ediandrei631 collected 180 from pot
*** SUMMARY ***
Total pot 180 | Rake 0 
Board [3d As Kc 7c 2d]
Seat 1: Mahu2021 (small blind) folded on the River
Seat 2: ediandrei631 (big blind) collected (180)
Seat 3: ThallesMS98 (button) folded on the River



PokerStars Hand #245050253896: Tournament #3623122196, $0.92+$0.08 USD Hold'em No Limit - Level I (10/20) - 2023/07/27 18:37:07 CET [2023/07/27 12:37:07 ET]
Table '3623122196 1' 3-max Seat #1 is the button
Seat 1: Mahu2021 (320 in chips) 
Seat 2: ediandrei631 (670 in chips) 
Seat 3: ThallesMS98 (510 in chips) 
ediandrei631: posts small blind 10
ThallesMS98: posts big blind 20
*** HOLE CARDS ***
Dealt to Mahu2021 [Jh 8s]
Mahu2021: folds 
ediandrei631: folds 
Uncalled bet (10) returned to ThallesMS98
ThallesMS98 collected 20 from pot
*** SUMMARY ***
Total pot 20 | Rake 0 
Seat 1: Mahu2021 (button) folded before Flop (didn't bet)
Seat 2: ediandrei631 (small blind) folded before Flop
Seat 3: ThallesMS98 (big blind) collected (20)



PokerStars Hand #245050256353: Tournament #3623122196, $0.92+$0.08 USD Hold'em No Limit - Level II (15/30) - 2023/07/27 18:37:16 CET [2023/07/27 12:37:16 ET]
Table '3623122196 1' 3-max Seat #2 is the button
Seat 1: Mahu2021 (320 in chips) 
Seat 2: ediandrei631 (660 in chips) 
Seat 3: ThallesMS98 (520 in chips) 
ThallesMS98: posts small blind 15
Mahu2021: posts big blind 30
*** HOLE CARDS ***
Dealt to Mahu2021 [Kd As]
ediandrei631: raises 30 to 60
ThallesMS98: folds 
Mahu2021: raises 260 to 320 and is all-in
ediandrei631: calls 260
*** FLOP *** [Ah 8s Kc]
*** TURN *** [Ah 8s Kc] [Qc]
*** RIVER *** [Ah 8s Kc Qc] [2h]
*** SHOW DOWN ***
Mahu2021: shows [Kd As] (two pair, Aces and Kings)
ediandrei631: shows [Qs Ad] (two pair, Aces and Queens)
Mahu2021 collected 655 from pot
*** SUMMARY ***
Total pot 655 | Rake 0 
Board [Ah 8s Kc Qc 2h]
Seat 1: Mahu2021 (big blind) showed [Kd As] and won (655) with two pair, Aces and Kings
Seat 2: ediandrei631 (button) showed [Qs Ad] and lost with two pair, Aces and Queens
Seat 3: ThallesMS98 (small blind) folded before Flop



PokerStars Hand #245050262269: Tournament #3623122196, $0.92+$0.08 USD Hold'em No Limit - Level II (15/30) - 2023/07/27 18:37:37 CET [2023/07/27 12:37:37 ET]
Table '3623122196 1' 3-max Seat #3 is the button
Seat 1: Mahu2021 (655 in chips) 
Seat 2: ediandrei631 (340 in chips) 
Seat 3: ThallesMS98 (505 in chips) 
Mahu2021: posts small blind 15
ediandrei631: posts big blind 30
*** HOLE CARDS ***
Dealt to Mahu2021 [2c Tc]
ThallesMS98: folds 
Mahu2021: folds 
Uncalled bet (15) returned to ediandrei631
ediandrei631 collected 30 from pot
*** SUMMARY ***
Total pot 30 | Rake 0 
Seat 1: Mahu2021 (small blind) folded before Flop
Seat 2: ediandrei631 (big blind) collected (30)
Seat 3: ThallesMS98 (button) folded before Flop (didn't bet)



PokerStars Hand #245050264192: Tournament #3623122196, $0.92+$0.08 USD Hold'em No Limit - Level II (15/30) - 2023/07/27 18:37:44 CET [2023/07/27 12:37:44 ET]
Table '3623122196 1' 3-max Seat #1 is the button
Seat 1: Mahu2021 (640 in chips) 
Seat 2: ediandrei631 (355 in chips) 
Seat 3: ThallesMS98 (505 in chips) 
ediandrei631: posts small blind 15
ThallesMS98: posts big blind 30
*** HOLE CARDS ***
Dealt to Mahu2021 [Ad Ts]
Mahu2021: raises 30 to 60
ediandrei631: calls 45
ThallesMS98: folds 
*** FLOP *** [Kc 3h 5s]
ediandrei631: checks 
Mahu2021: checks 
*** TURN *** [Kc 3h 5s] [Tc]
ediandrei631: checks 
Mahu2021: checks 
*** RIVER *** [Kc 3h 5s Tc] [3c]
ediandrei631: bets 150
Mahu2021: calls 150
*** SHOW DOWN ***
ediandrei631: shows [2c Kh] (two pair, Kings and Threes)
Mahu2021: mucks hand 
ediandrei631 collected 450 from pot
*** SUMMARY ***
Total pot 450 | Rake 0 
Board [Kc 3h 5s Tc 3c]
Seat 1: Mahu2021 (button) mucked [Ad Ts]
Seat 2: ediandrei631 (small blind) showed [2c Kh] and won (450) with two pair, Kings and Threes
Seat 3: ThallesMS98 (big blind) folded before Flop



PokerStars Hand #245050269533: Tournament #3623122196, $0.92+$0.08 USD Hold'em No Limit - Level II (15/30) - 2023/07/27 18:38:04 CET [2023/07/27 12:38:04 ET]
Table '3623122196 1' 3-max Seat #2 is the button
Seat 1: Mahu2021 (430 in chips) 
Seat 2: ediandrei631 (595 in chips) 
Seat 3: ThallesMS98 (475 in chips) 
ThallesMS98: posts small blind 15
Mahu2021: posts big blind 30
*** HOLE CARDS ***
Dealt to Mahu2021 [4s Qd]
ediandrei631: raises 30 to 60
ThallesMS98: folds 
Mahu2021: folds 
Uncalled bet (30) returned to ediandrei631
ediandrei631 collected 75 from pot
*** SUMMARY ***
Total pot 75 | Rake 0 
Seat 1: Mahu2021 (big blind) folded before Flop
Seat 2: ediandrei631 (button) collected (75)
Seat 3: ThallesMS98 (small blind) folded before Flop



PokerStars Hand #245050272003: Tournament #3623122196, $0.92+$0.08 USD Hold'em No Limit - Level II (15/30) - 2023/07/27 18:38:13 CET [2023/07/27 12:38:13 ET]
Table '3623122196 1' 3-max Seat #3 is the button
Seat 1: Mahu2021 (400 in chips) 
Seat 2: ediandrei631 (640 in chips) 
Seat 3: ThallesMS98 (460 in chips) 
Mahu2021: posts small blind 15
ediandrei631: posts big blind 30
*** HOLE CARDS ***
Dealt to Mahu2021 [Jc 2c]
ThallesMS98: folds 
Mahu2021: calls 15
ediandrei631: checks 
*** FLOP *** [7d 4s 4h]
Mahu2021: checks 
ediandrei631: checks 
*** TURN *** [7d 4s 4h] [Ad]
Mahu2021: checks 
ediandrei631: checks 
*** RIVER *** [7d 4s 4h Ad] [Ts]
Mahu2021: bets 30
ediandrei631: calls 30
*** SHOW DOWN ***
Mahu2021: shows [Jc 2c] (a pair of Fours)
ediandrei631: shows [Kh 5c] (a pair of Fours - Ace+King kicker)
ediandrei631 collected 120 from pot
*** SUMMARY ***
Total pot 120 | Rake 0 
Board [7d 4s 4h Ad Ts]
Seat 1: Mahu2021 (small blind) showed [Jc 2c] and lost with a pair of Fours
Seat 2: ediandrei631 (big blind) showed [Kh 5c] and won (120) with a pair of Fours
Seat 3: ThallesMS98 (button) folded before Flop (didn't bet)



PokerStars Hand #245050275500: Tournament #3623122196, $0.92+$0.08 USD Hold'em No Limit - Level II (15/30) - 2023/07/27 18:38:25 CET [2023/07/27 12:38:25 ET]
Table '3623122196 1' 3-max Seat #1 is the button
Seat 1: Mahu2021 (340 in chips) 
Seat 2: ediandrei631 (700 in chips) 
Seat 3: ThallesMS98 (460 in chips) 
ediandrei631: posts small blind 15
ThallesMS98: posts big blind 30
*** HOLE CARDS ***
Dealt to Mahu2021 [5s 9s]
Mahu2021: calls 30
ediandrei631: folds 
ThallesMS98: checks 
*** FLOP *** [Js 5d Qs]
ThallesMS98: checks 
Mahu2021: bets 75
ThallesMS98: folds 
Uncalled bet (75) returned to Mahu2021
Mahu2021 collected 75 from pot
Mahu2021: doesn't show hand 
*** SUMMARY ***
Total pot 75 | Rake 0 
Board [Js 5d Qs]
Seat 1: Mahu2021 (button) collected (75)
Seat 2: ediandrei631 (small blind) folded before Flop
Seat 3: ThallesMS98 (big blind) folded on the Flop



PokerStars Hand #245050282329: Tournament #3623122196, $0.92+$0.08 USD Hold'em No Limit - Level II (15/30) - 2023/07/27 18:38:50 CET [2023/07/27 12:38:50 ET]
Table '3623122196 1' 3-max Seat #2 is the button
Seat 1: Mahu2021 (385 in chips) 
Seat 2: ediandrei631 (685 in chips) 
Seat 3: ThallesMS98 (430 in chips) 
ThallesMS98: posts small blind 15
Mahu2021: posts big blind 30
*** HOLE CARDS ***
Dealt to Mahu2021 [2c 9d]
ediandrei631: raises 30 to 60
ThallesMS98: folds 
Mahu2021: folds 
Uncalled bet (30) returned to ediandrei631
ediandrei631 collected 75 from pot
*** SUMMARY ***
Total pot 75 | Rake 0 
Seat 1: Mahu2021 (big blind) folded before Flop
Seat 2: ediandrei631 (button) collected (75)
Seat 3: ThallesMS98 (small blind) folded before Flop



PokerStars Hand #245050284829: Tournament #3623122196, $0.92+$0.08 USD Hold'em No Limit - Level II (15/30) - 2023/07/27 18:38:59 CET [2023/07/27 12:38:59 ET]
Table '3623122196 1' 3-max Seat #3 is the button
Seat 1: Mahu2021 (355 in chips) 
Seat 2: ediandrei631 (730 in chips) 
Seat 3: ThallesMS98 (415 in chips) 
Mahu2021: posts small blind 15
ediandrei631: posts big blind 30
*** HOLE CARDS ***
Dealt to Mahu2021 [6c Jh]
ThallesMS98: folds 
Mahu2021: folds 
Uncalled bet (15) returned to ediandrei631
ediandrei631 collected 30 from pot
*** SUMMARY ***
Total pot 30 | Rake 0 
Seat 1: Mahu2021 (small blind) folded before Flop
Seat 2: ediandrei631 (big blind) collected (30)
Seat 3: ThallesMS98 (button) folded before Flop (didn't bet)



PokerStars Hand #245050286520: Tournament #3623122196, $0.92+$0.08 USD Hold'em No Limit - Level II (15/30) - 2023/07/27 18:39:06 CET [2023/07/27 12:39:06 ET]
Table '3623122196 1' 3-max Seat #1 is the button
Seat 1: Mahu2021 (340 in chips) 
Seat 2: ediandrei631 (745 in chips) 
Seat 3: ThallesMS98 (415 in chips) 
ediandrei631: posts small blind 15
ThallesMS98: posts big blind 30
*** HOLE CARDS ***
Dealt to Mahu2021 [Kd 7c]
Mahu2021: raises 30 to 60
ediandrei631: calls 45
ThallesMS98: folds 
*** FLOP *** [2h Ac 4c]
ediandrei631: checks 
Mahu2021: checks 
*** TURN *** [2h Ac 4c] [Jd]
ediandrei631: checks 
Mahu2021: checks 
*** RIVER *** [2h Ac 4c Jd] [Qs]
ediandrei631: checks 
Mahu2021: checks 
*** SHOW DOWN ***
ediandrei631: shows [8h 9c] (high card Ace)
Mahu2021: shows [Kd 7c] (high card Ace - King kicker)
Mahu2021 collected 150 from pot
*** SUMMARY ***
Total pot 150 | Rake 0 
Board [2h Ac 4c Jd Qs]
Seat 1: Mahu2021 (button) showed [Kd 7c] and won (150) with high card Ace
Seat 2: ediandrei631 (small blind) showed [8h 9c] and lost with high card Ace
Seat 3: ThallesMS98 (big blind) folded before Flop



PokerStars Hand #245050291072: Tournament #3623122196, $0.92+$0.08 USD Hold'em No Limit - Level II (15/30) - 2023/07/27 18:39:22 CET [2023/07/27 12:39:22 ET]
Table '3623122196 1' 3-max Seat #2 is the button
Seat 1: Mahu2021 (430 in chips) 
Seat 2: ediandrei631 (685 in chips) 
Seat 3: ThallesMS98 (385 in chips) 
ThallesMS98: posts small blind 15
Mahu2021: posts big blind 30
*** HOLE CARDS ***
Dealt to Mahu2021 [2d 9c]
ediandrei631: raises 30 to 60
ThallesMS98: folds 
Mahu2021: folds 
Uncalled bet (30) returned to ediandrei631
ediandrei631 collected 75 from pot
*** SUMMARY ***
Total pot 75 | Rake 0 
Seat 1: Mahu2021 (big blind) folded before Flop
Seat 2: ediandrei631 (button) collected (75)
Seat 3: ThallesMS98 (small blind) folded before Flop



PokerStars Hand #245050292852: Tournament #3623122196, $0.92+$0.08 USD Hold'em No Limit - Level II (15/30) - 2023/07/27 18:39:29 CET [2023/07/27 12:39:29 ET]
Table '3623122196 1' 3-max Seat #3 is the button
Seat 1: Mahu2021 (400 in chips) 
Seat 2: ediandrei631 (730 in chips) 
Seat 3: ThallesMS98 (370 in chips) 
Mahu2021: posts small blind 15
ediandrei631: posts big blind 30
*** HOLE CARDS ***
Dealt to Mahu2021 [5h As]
ThallesMS98: folds 
Mahu2021: raises 30 to 60
ediandrei631: calls 30
*** FLOP *** [6s 3c 2s]
Mahu2021: bets 120
ediandrei631: calls 120
*** TURN *** [6s 3c 2s] [3d]
Mahu2021: bets 220 and is all-in
ediandrei631: calls 220
*** RIVER *** [6s 3c 2s 3d] [5s]
*** SHOW DOWN ***
Mahu2021: shows [5h As] (two pair, Fives and Threes)
ediandrei631: shows [Kh 7d] (a pair of Threes)
Mahu2021 collected 800 from pot
*** SUMMARY ***
Total pot 800 | Rake 0 
Board [6s 3c 2s 3d 5s]
Seat 1: Mahu2021 (small blind) showed [5h As] and won (800) with two pair, Fives and Threes
Seat 2: ediandrei631 (big blind) showed [Kh 7d] and lost with a pair of Threes
Seat 3: ThallesMS98 (button) folded before Flop (didn't bet)



PokerStars Hand #245050298546: Tournament #3623122196, $0.92+$0.08 USD Hold'em No Limit - Level II (15/30) - 2023/07/27 18:39:50 CET [2023/07/27 12:39:50 ET]
Table '3623122196 1' 3-max Seat #1 is the button
Seat 1: Mahu2021 (800 in chips) 
Seat 2: ediandrei631 (330 in chips) 
Seat 3: ThallesMS98 (370 in chips) 
ediandrei631: posts small blind 15
ThallesMS98: posts big blind 30
*** HOLE CARDS ***
Dealt to Mahu2021 [7d Kd]
Mahu2021: calls 30
ediandrei631: calls 15
ThallesMS98: checks 
*** FLOP *** [Js 7c 4c]
ediandrei631: checks 
ThallesMS98: checks 
Mahu2021: bets 30
ediandrei631: calls 30
ThallesMS98: folds 
*** TURN *** [Js 7c 4c] [5c]
ediandrei631: checks 
Mahu2021: checks 
*** RIVER *** [Js 7c 4c 5c] [Ac]
ediandrei631: bets 90
Mahu2021: folds 
Uncalled bet (90) returned to ediandrei631
ediandrei631 collected 150 from pot
*** SUMMARY ***
Total pot 150 | Rake 0 
Board [Js 7c 4c 5c Ac]
Seat 1: Mahu2021 (button) folded on the River
Seat 2: ediandrei631 (small blind) collected (150)
Seat 3: ThallesMS98 (big blind) folded on the Flop



PokerStars Hand #245050306135: Tournament #3623122196, $0.92+$0.08 USD Hold'em No Limit - Level III (20/40) - 2023/07/27 18:40:17 CET [2023/07/27 12:40:17 ET]
Table '3623122196 1' 3-max Seat #2 is the button
Seat 1: Mahu2021 (740 in chips) 
Seat 2: ediandrei631 (420 in chips) 
Seat 3: ThallesMS98 (340 in chips) 
ThallesMS98: posts small blind 20
Mahu2021: posts big blind 40
*** HOLE CARDS ***
Dealt to Mahu2021 [8d Jh]
ediandrei631: folds 
ThallesMS98: folds 
Uncalled bet (20) returned to Mahu2021
Mahu2021 collected 40 from pot
Mahu2021: doesn't show hand 
*** SUMMARY ***
Total pot 40 | Rake 0 
Seat 1: Mahu2021 (big blind) collected (40)
Seat 2: ediandrei631 (button) folded before Flop (didn't bet)
Seat 3: ThallesMS98 (small blind) folded before Flop



PokerStars Hand #245050307619: Tournament #3623122196, $0.92+$0.08 USD Hold'em No Limit - Level III (20/40) - 2023/07/27 18:40:22 CET [2023/07/27 12:40:22 ET]
Table '3623122196 1' 3-max Seat #3 is the button
Seat 1: Mahu2021 (760 in chips) 
Seat 2: ediandrei631 (420 in chips) 
Seat 3: ThallesMS98 (320 in chips) 
Mahu2021: posts small blind 20
ediandrei631: posts big blind 40
*** HOLE CARDS ***
Dealt to Mahu2021 [4d Jd]
ThallesMS98: folds 
Mahu2021: calls 20
ediandrei631: checks 
*** FLOP *** [5s 8s 7h]
Mahu2021: checks 
ediandrei631: checks 
*** TURN *** [5s 8s 7h] [5d]
Mahu2021: bets 40
ediandrei631: calls 40
*** RIVER *** [5s 8s 7h 5d] [Qc]
Mahu2021: checks 
ediandrei631: bets 80
Mahu2021: folds 
Uncalled bet (80) returned to ediandrei631
ediandrei631 collected 160 from pot
*** SUMMARY ***
Total pot 160 | Rake 0 
Board [5s 8s 7h 5d Qc]
Seat 1: Mahu2021 (small blind) folded on the River
Seat 2: ediandrei631 (big blind) collected (160)
Seat 3: ThallesMS98 (button) folded before Flop (didn't bet)



PokerStars Hand #245050313073: Tournament #3623122196, $0.92+$0.08 USD Hold'em No Limit - Level III (20/40) - 2023/07/27 18:40:42 CET [2023/07/27 12:40:42 ET]
Table '3623122196 1' 3-max Seat #1 is the button
Seat 1: Mahu2021 (680 in chips) 
Seat 2: ediandrei631 (500 in chips) 
Seat 3: ThallesMS98 (320 in chips) 
ediandrei631: posts small blind 20
ThallesMS98: posts big blind 40
*** HOLE CARDS ***
Dealt to Mahu2021 [3d 2s]
Mahu2021: folds 
ediandrei631: raises 40 to 80
ThallesMS98: raises 240 to 320 and is all-in
ediandrei631: calls 240
*** FLOP *** [As Qd 5c]
*** TURN *** [As Qd 5c] [9c]
*** RIVER *** [As Qd 5c 9c] [4c]
*** SHOW DOWN ***
ediandrei631: shows [9s Td] (a pair of Nines)
ThallesMS98: shows [Tc 6s] (high card Ace)
ediandrei631 collected 640 from pot
ThallesMS98 finished the tournament in 3rd place
*** SUMMARY ***
Total pot 640 | Rake 0 
Board [As Qd 5c 9c 4c]
Seat 1: Mahu2021 (button) folded before Flop (didn't bet)
Seat 2: ediandrei631 (small blind) showed [9s Td] and won (640) with a pair of Nines
Seat 3: ThallesMS98 (big blind) showed [Tc 6s] and lost with high card Ace



PokerStars Hand #245050318406: Tournament #3623122196, $0.92+$0.08 USD Hold'em No Limit - Level III (20/40) - 2023/07/27 18:41:02 CET [2023/07/27 12:41:02 ET]
Table '3623122196 1' 3-max Seat #2 is the button
Seat 1: Mahu2021 (680 in chips) 
Seat 2: ediandrei631 (820 in chips) 
ediandrei631: posts small blind 20
Mahu2021: posts big blind 40
*** HOLE CARDS ***
Dealt to Mahu2021 [7d 2h]
ediandrei631: raises 780 to 820 and is all-in
Mahu2021: folds 
Uncalled bet (780) returned to ediandrei631
ediandrei631 collected 80 from pot
*** SUMMARY ***
Total pot 80 | Rake 0 
Seat 1: Mahu2021 (big blind) folded before Flop
Seat 2: ediandrei631 (button) (small blind) collected (80)



PokerStars Hand #245050319847: Tournament #3623122196, $0.92+$0.08 USD Hold'em No Limit - Level III (20/40) - 2023/07/27 18:41:07 CET [2023/07/27 12:41:07 ET]
Table '3623122196 1' 3-max Seat #1 is the button
Seat 1: Mahu2021 (640 in chips) 
Seat 2: ediandrei631 (860 in chips) 
Mahu2021: posts small blind 20
ediandrei631: posts big blind 40
*** HOLE CARDS ***
Dealt to Mahu2021 [7s 5d]
Mahu2021: folds 
Uncalled bet (20) returned to ediandrei631
ediandrei631 collected 40 from pot
*** SUMMARY ***
Total pot 40 | Rake 0 
Seat 1: Mahu2021 (button) (small blind) folded before Flop
Seat 2: ediandrei631 (big blind) collected (40)



PokerStars Hand #245050321117: Tournament #3623122196, $0.92+$0.08 USD Hold'em No Limit - Level III (20/40) - 2023/07/27 18:41:11 CET [2023/07/27 12:41:11 ET]
Table '3623122196 1' 3-max Seat #2 is the button
Seat 1: Mahu2021 (620 in chips) 
Seat 2: ediandrei631 (880 in chips) 
ediandrei631: posts small blind 20
Mahu2021: posts big blind 40
*** HOLE CARDS ***
Dealt to Mahu2021 [Ks Ts]
ediandrei631: calls 20
Mahu2021: raises 80 to 120
ediandrei631: calls 80
*** FLOP *** [7c Kd 3d]
Mahu2021: checks 
ediandrei631: checks 
*** TURN *** [7c Kd 3d] [6h]
Mahu2021: checks 
ediandrei631: bets 80
Mahu2021: raises 160 to 240
ediandrei631: calls 160
*** RIVER *** [7c Kd 3d 6h] [8d]
Mahu2021: bets 260 and is all-in
ediandrei631: calls 260
*** SHOW DOWN ***
Mahu2021: shows [Ks Ts] (a pair of Kings)
ediandrei631: shows [5c 9d] (a straight, Five to Nine)
ediandrei631 collected 1240 from pot
Mahu2021 finished the tournament in 2nd place
ediandrei631 wins the tournament and receives $3.00 - congratulations!
*** SUMMARY ***
Total pot 1240 | Rake 0 
Board [7c Kd 3d 6h 8d]
Seat 1: Mahu2021 (big blind) showed [Ks Ts] and lost with a pair of Kings
Seat 2: ediandrei631 (button) (small blind) showed [5c 9d] and won (1240) with a straight, Five to Nine



