PokerStars Hand #249560803649: Tournament #3732135375, $1.84+$0.16 USD Hold'em No Limit - Level I (10/20) - 2024/03/22 17:29:04 CET [2024/03/22 12:29:04 ET]
Table '3732135375 1' 3-max Seat #1 is the button
Seat 1: Gonning (500 in chips) 
Seat 2: Mahu2021 (500 in chips) 
Seat 3: jovac2811 (500 in chips) 
Mahu2021: posts small blind 10
jovac2811: posts big blind 20
*** HOLE CARDS ***
Dealt to Mahu2021 [Js Ac]
Gonning: raises 20 to 40
Mahu2021: calls 30
jovac2811: folds 
*** FLOP *** [2d 5h 6c]
Mahu2021: checks 
Gonning: checks 
*** TURN *** [2d 5h 6c] [Qd]
Mahu2021: checks 
Gonning: folds 
Mahu2021 collected 100 from pot
Mahu2021: doesn't show hand 
*** SUMMARY ***
Total pot 100 | Rake 0 
Board [2d 5h 6c Qd]
Seat 1: Gonning (button) folded on the Turn
Seat 2: Mahu2021 (small blind) collected (100)
Seat 3: jovac2811 (big blind) folded before Flop



PokerStars Hand #249560808506: Tournament #3732135375, $1.84+$0.16 USD Hold'em No Limit - Level I (10/20) - 2024/03/22 17:29:23 CET [2024/03/22 12:29:23 ET]
Table '3732135375 1' 3-max Seat #2 is the button
Seat 1: Gonning (460 in chips) 
Seat 2: Mahu2021 (560 in chips) 
Seat 3: jovac2811 (480 in chips) 
jovac2811: posts small blind 10
Gonning: posts big blind 20
*** HOLE CARDS ***
Dealt to Mahu2021 [9h 3h]
Mahu2021: folds 
jovac2811: calls 10
Gonning: checks 
*** FLOP *** [3c Kh 2h]
jovac2811: checks 
Gonning: folds 
jovac2811 collected 40 from pot
jovac2811: doesn't show hand 
*** SUMMARY ***
Total pot 40 | Rake 0 
Board [3c Kh 2h]
Seat 1: Gonning (big blind) folded on the Flop
Seat 2: Mahu2021 (button) folded before Flop (didn't bet)
Seat 3: jovac2811 (small blind) collected (40)



PokerStars Hand #249560813116: Tournament #3732135375, $1.84+$0.16 USD Hold'em No Limit - Level I (10/20) - 2024/03/22 17:29:41 CET [2024/03/22 12:29:41 ET]
Table '3732135375 1' 3-max Seat #3 is the button
Seat 1: Gonning (440 in chips) 
Seat 2: Mahu2021 (560 in chips) 
Seat 3: jovac2811 (500 in chips) 
Gonning: posts small blind 10
Mahu2021: posts big blind 20
*** HOLE CARDS ***
Dealt to Mahu2021 [3h 8c]
jovac2811: raises 20 to 40
Gonning: raises 20 to 60
Mahu2021: folds 
jovac2811: calls 20
*** FLOP *** [As Tc Ah]
Gonning: bets 20
jovac2811: raises 40 to 60
Gonning: raises 40 to 100
jovac2811: calls 40
*** TURN *** [As Tc Ah] [Td]
Gonning: bets 20
jovac2811: raises 320 to 340 and is all-in
Gonning: folds 
Uncalled bet (320) returned to jovac2811
jovac2811 collected 380 from pot
jovac2811: doesn't show hand 
*** SUMMARY ***
Total pot 380 | Rake 0 
Board [As Tc Ah Td]
Seat 1: Gonning (small blind) folded on the Turn
Seat 2: Mahu2021 (big blind) folded before Flop
Seat 3: jovac2811 (button) collected (380)



PokerStars Hand #249560823464: Tournament #3732135375, $1.84+$0.16 USD Hold'em No Limit - Level I (10/20) - 2024/03/22 17:30:22 CET [2024/03/22 12:30:22 ET]
Table '3732135375 1' 3-max Seat #1 is the button
Seat 1: Gonning (260 in chips) 
Seat 2: Mahu2021 (540 in chips) 
Seat 3: jovac2811 (700 in chips) 
Mahu2021: posts small blind 10
jovac2811: posts big blind 20
*** HOLE CARDS ***
Dealt to Mahu2021 [7c 9h]
Gonning: raises 20 to 40
Mahu2021: folds 
jovac2811: calls 20
*** FLOP *** [8c Ts Js]
jovac2811: checks 
Gonning: bets 20
jovac2811: folds 
Uncalled bet (20) returned to Gonning
Gonning collected 90 from pot
Gonning: doesn't show hand 
*** SUMMARY ***
Total pot 90 | Rake 0 
Board [8c Ts Js]
Seat 1: Gonning (button) collected (90)
Seat 2: Mahu2021 (small blind) folded before Flop
Seat 3: jovac2811 (big blind) folded on the Flop



PokerStars Hand #249560827910: Tournament #3732135375, $1.84+$0.16 USD Hold'em No Limit - Level I (10/20) - 2024/03/22 17:30:39 CET [2024/03/22 12:30:39 ET]
Table '3732135375 1' 3-max Seat #2 is the button
Seat 1: Gonning (310 in chips) 
Seat 2: Mahu2021 (530 in chips) 
Seat 3: jovac2811 (660 in chips) 
jovac2811: posts small blind 10
Gonning: posts big blind 20
*** HOLE CARDS ***
Dealt to Mahu2021 [Td 2s]
Mahu2021: folds 
jovac2811: folds 
Uncalled bet (10) returned to Gonning
Gonning collected 20 from pot
Gonning: doesn't show hand 
*** SUMMARY ***
Total pot 20 | Rake 0 
Seat 1: Gonning (big blind) collected (20)
Seat 2: Mahu2021 (button) folded before Flop (didn't bet)
Seat 3: jovac2811 (small blind) folded before Flop



PokerStars Hand #249560831266: Tournament #3732135375, $1.84+$0.16 USD Hold'em No Limit - Level I (10/20) - 2024/03/22 17:30:52 CET [2024/03/22 12:30:52 ET]
Table '3732135375 1' 3-max Seat #3 is the button
Seat 1: Gonning (320 in chips) 
Seat 2: Mahu2021 (530 in chips) 
Seat 3: jovac2811 (650 in chips) 
Gonning: posts small blind 10
Mahu2021: posts big blind 20
*** HOLE CARDS ***
Dealt to Mahu2021 [4d Qs]
jovac2811: folds 
Gonning: calls 10
Mahu2021: checks 
*** FLOP *** [5s 9s 7d]
Gonning: bets 20
Mahu2021: calls 20
*** TURN *** [5s 9s 7d] [3c]
Gonning: bets 20
Mahu2021: calls 20
*** RIVER *** [5s 9s 7d 3c] [5c]
Gonning: bets 20
Mahu2021: folds 
Uncalled bet (20) returned to Gonning
Gonning collected 120 from pot
Gonning: doesn't show hand 
*** SUMMARY ***
Total pot 120 | Rake 0 
Board [5s 9s 7d 3c 5c]
Seat 1: Gonning (small blind) collected (120)
Seat 2: Mahu2021 (big blind) folded on the River
Seat 3: jovac2811 (button) folded before Flop (didn't bet)



PokerStars Hand #249560837589: Tournament #3732135375, $1.84+$0.16 USD Hold'em No Limit - Level II (15/30) - 2024/03/22 17:31:17 CET [2024/03/22 12:31:17 ET]
Table '3732135375 1' 3-max Seat #1 is the button
Seat 1: Gonning (380 in chips) 
Seat 2: Mahu2021 (470 in chips) 
Seat 3: jovac2811 (650 in chips) 
Mahu2021: posts small blind 15
jovac2811: posts big blind 30
*** HOLE CARDS ***
Dealt to Mahu2021 [3c 3s]
Gonning: raises 30 to 60
Mahu2021: folds 
jovac2811: folds 
Uncalled bet (30) returned to Gonning
Gonning collected 75 from pot
Gonning: doesn't show hand 
*** SUMMARY ***
Total pot 75 | Rake 0 
Seat 1: Gonning (button) collected (75)
Seat 2: Mahu2021 (small blind) folded before Flop
Seat 3: jovac2811 (big blind) folded before Flop



PokerStars Hand #249560840387: Tournament #3732135375, $1.84+$0.16 USD Hold'em No Limit - Level II (15/30) - 2024/03/22 17:31:28 CET [2024/03/22 12:31:28 ET]
Table '3732135375 1' 3-max Seat #2 is the button
Seat 1: Gonning (425 in chips) 
Seat 2: Mahu2021 (455 in chips) 
Seat 3: jovac2811 (620 in chips) 
jovac2811: posts small blind 15
Gonning: posts big blind 30
*** HOLE CARDS ***
Dealt to Mahu2021 [Kc 8h]
Mahu2021: folds 
jovac2811: raises 30 to 60
Gonning: folds 
Uncalled bet (30) returned to jovac2811
jovac2811 collected 60 from pot
jovac2811: doesn't show hand 
*** SUMMARY ***
Total pot 60 | Rake 0 
Seat 1: Gonning (big blind) folded before Flop
Seat 2: Mahu2021 (button) folded before Flop (didn't bet)
Seat 3: jovac2811 (small blind) collected (60)



PokerStars Hand #249560842712: Tournament #3732135375, $1.84+$0.16 USD Hold'em No Limit - Level II (15/30) - 2024/03/22 17:31:37 CET [2024/03/22 12:31:37 ET]
Table '3732135375 1' 3-max Seat #3 is the button
Seat 1: Gonning (395 in chips) 
Seat 2: Mahu2021 (455 in chips) 
Seat 3: jovac2811 (650 in chips) 
Gonning: posts small blind 15
Mahu2021: posts big blind 30
*** HOLE CARDS ***
Dealt to Mahu2021 [Qd 8c]
jovac2811: raises 30 to 60
Gonning: calls 45
Mahu2021: calls 30
*** FLOP *** [7c 9s 7d]
Gonning: folds 
Mahu2021: checks 
jovac2811: bets 60
Mahu2021: folds 
Uncalled bet (60) returned to jovac2811
jovac2811 collected 180 from pot
jovac2811: doesn't show hand 
*** SUMMARY ***
Total pot 180 | Rake 0 
Board [7c 9s 7d]
Seat 1: Gonning (small blind) folded on the Flop
Seat 2: Mahu2021 (big blind) folded on the Flop
Seat 3: jovac2811 (button) collected (180)



PokerStars Hand #249560846640: Tournament #3732135375, $1.84+$0.16 USD Hold'em No Limit - Level II (15/30) - 2024/03/22 17:31:53 CET [2024/03/22 12:31:53 ET]
Table '3732135375 1' 3-max Seat #1 is the button
Seat 1: Gonning (335 in chips) 
Seat 2: Mahu2021 (395 in chips) 
Seat 3: jovac2811 (770 in chips) 
Mahu2021: posts small blind 15
jovac2811: posts big blind 30
*** HOLE CARDS ***
Dealt to Mahu2021 [3d Th]
Gonning: raises 30 to 60
Mahu2021: folds 
jovac2811: calls 30
*** FLOP *** [Ts Qd 9d]
jovac2811: checks 
Gonning: bets 68
jovac2811: folds 
Uncalled bet (68) returned to Gonning
Gonning collected 135 from pot
Gonning: doesn't show hand 
*** SUMMARY ***
Total pot 135 | Rake 0 
Board [Ts Qd 9d]
Seat 1: Gonning (button) collected (135)
Seat 2: Mahu2021 (small blind) folded before Flop
Seat 3: jovac2811 (big blind) folded on the Flop



PokerStars Hand #249560850948: Tournament #3732135375, $1.84+$0.16 USD Hold'em No Limit - Level II (15/30) - 2024/03/22 17:32:09 CET [2024/03/22 12:32:09 ET]
Table '3732135375 1' 3-max Seat #2 is the button
Seat 1: Gonning (410 in chips) 
Seat 2: Mahu2021 (380 in chips) 
Seat 3: jovac2811 (710 in chips) 
jovac2811: posts small blind 15
Gonning: posts big blind 30
*** HOLE CARDS ***
Dealt to Mahu2021 [5d Kc]
Mahu2021: folds 
jovac2811: calls 15
Gonning: checks 
*** FLOP *** [Jh 9s As]
jovac2811: checks 
Gonning: bets 30
jovac2811: calls 30
*** TURN *** [Jh 9s As] [Td]
jovac2811: checks 
Gonning: bets 30
jovac2811: calls 30
*** RIVER *** [Jh 9s As Td] [8d]
jovac2811: checks 
Gonning: bets 30
jovac2811: calls 30
*** SHOW DOWN ***
Gonning: shows [5h Jc] (a pair of Jacks)
jovac2811: shows [4d Ad] (a pair of Aces)
jovac2811 collected 240 from pot
*** SUMMARY ***
Total pot 240 | Rake 0 
Board [Jh 9s As Td 8d]
Seat 1: Gonning (big blind) showed [5h Jc] and lost with a pair of Jacks
Seat 2: Mahu2021 (button) folded before Flop (didn't bet)
Seat 3: jovac2811 (small blind) showed [4d Ad] and won (240) with a pair of Aces



PokerStars Hand #249560858297: Tournament #3732135375, $1.84+$0.16 USD Hold'em No Limit - Level II (15/30) - 2024/03/22 17:32:38 CET [2024/03/22 12:32:38 ET]
Table '3732135375 1' 3-max Seat #3 is the button
Seat 1: Gonning (290 in chips) 
Seat 2: Mahu2021 (380 in chips) 
Seat 3: jovac2811 (830 in chips) 
Gonning: posts small blind 15
Mahu2021: posts big blind 30
*** HOLE CARDS ***
Dealt to Mahu2021 [Jd 6s]
jovac2811: folds 
Gonning: raises 30 to 60
Mahu2021: folds 
Uncalled bet (30) returned to Gonning
Gonning collected 60 from pot
Gonning: doesn't show hand 
*** SUMMARY ***
Total pot 60 | Rake 0 
Seat 1: Gonning (small blind) collected (60)
Seat 2: Mahu2021 (big blind) folded before Flop
Seat 3: jovac2811 (button) folded before Flop (didn't bet)



PokerStars Hand #249560860205: Tournament #3732135375, $1.84+$0.16 USD Hold'em No Limit - Level II (15/30) - 2024/03/22 17:32:45 CET [2024/03/22 12:32:45 ET]
Table '3732135375 1' 3-max Seat #1 is the button
Seat 1: Gonning (320 in chips) 
Seat 2: Mahu2021 (350 in chips) 
Seat 3: jovac2811 (830 in chips) 
Mahu2021: posts small blind 15
jovac2811: posts big blind 30
*** HOLE CARDS ***
Dealt to Mahu2021 [Qs 8c]
Gonning: raises 30 to 60
Mahu2021: calls 45
jovac2811: folds 
*** FLOP *** [Ts 8d 8h]
Mahu2021: checks 
Gonning: bets 30
Mahu2021: calls 30
*** TURN *** [Ts 8d 8h] [Ac]
Mahu2021: checks 
Gonning: checks 
*** RIVER *** [Ts 8d 8h Ac] [4c]
Mahu2021: bets 60
Gonning: folds 
Uncalled bet (60) returned to Mahu2021
Mahu2021 collected 210 from pot
Mahu2021: doesn't show hand 
*** SUMMARY ***
Total pot 210 | Rake 0 
Board [Ts 8d 8h Ac 4c]
Seat 1: Gonning (button) folded on the River
Seat 2: Mahu2021 (small blind) collected (210)
Seat 3: jovac2811 (big blind) folded before Flop



PokerStars Hand #249560868644: Tournament #3732135375, $1.84+$0.16 USD Hold'em No Limit - Level III (20/40) - 2024/03/22 17:33:18 CET [2024/03/22 12:33:18 ET]
Table '3732135375 1' 3-max Seat #2 is the button
Seat 1: Gonning (230 in chips) 
Seat 2: Mahu2021 (470 in chips) 
Seat 3: jovac2811 (800 in chips) 
jovac2811: posts small blind 20
Gonning: posts big blind 40
*** HOLE CARDS ***
Dealt to Mahu2021 [Qd 2c]
Mahu2021: folds 
jovac2811: folds 
Uncalled bet (20) returned to Gonning
Gonning collected 40 from pot
Gonning: doesn't show hand 
*** SUMMARY ***
Total pot 40 | Rake 0 
Seat 1: Gonning (big blind) collected (40)
Seat 2: Mahu2021 (button) folded before Flop (didn't bet)
Seat 3: jovac2811 (small blind) folded before Flop



PokerStars Hand #249560870090: Tournament #3732135375, $1.84+$0.16 USD Hold'em No Limit - Level III (20/40) - 2024/03/22 17:33:23 CET [2024/03/22 12:33:23 ET]
Table '3732135375 1' 3-max Seat #3 is the button
Seat 1: Gonning (250 in chips) 
Seat 2: Mahu2021 (470 in chips) 
Seat 3: jovac2811 (780 in chips) 
Gonning: posts small blind 20
Mahu2021: posts big blind 40
*** HOLE CARDS ***
Dealt to Mahu2021 [9d Jh]
jovac2811: folds 
Gonning: raises 40 to 80
Mahu2021: calls 40
*** FLOP *** [7s 9s 2c]
Gonning: folds 
Mahu2021 collected 160 from pot
Mahu2021: doesn't show hand 
*** SUMMARY ***
Total pot 160 | Rake 0 
Board [7s 9s 2c]
Seat 1: Gonning (small blind) folded on the Flop
Seat 2: Mahu2021 (big blind) collected (160)
Seat 3: jovac2811 (button) folded before Flop (didn't bet)



PokerStars Hand #249560873078: Tournament #3732135375, $1.84+$0.16 USD Hold'em No Limit - Level III (20/40) - 2024/03/22 17:33:35 CET [2024/03/22 12:33:35 ET]
Table '3732135375 1' 3-max Seat #1 is the button
Seat 1: Gonning (170 in chips) 
Seat 2: Mahu2021 (550 in chips) 
Seat 3: jovac2811 (780 in chips) 
Mahu2021: posts small blind 20
jovac2811: posts big blind 40
*** HOLE CARDS ***
Dealt to Mahu2021 [Ad 4h]
Gonning: folds 
Mahu2021: calls 20
jovac2811: raises 40 to 80
Mahu2021: calls 40
*** FLOP *** [2h Ac 8c]
Mahu2021: checks 
jovac2811: bets 40
Mahu2021: calls 40
*** TURN *** [2h Ac 8c] [4c]
Mahu2021: checks 
jovac2811: bets 80
Mahu2021: raises 160 to 240
jovac2811: folds 
Uncalled bet (160) returned to Mahu2021
Mahu2021 collected 400 from pot
Mahu2021: doesn't show hand 
*** SUMMARY ***
Total pot 400 | Rake 0 
Board [2h Ac 8c 4c]
Seat 1: Gonning (button) folded before Flop (didn't bet)
Seat 2: Mahu2021 (small blind) collected (400)
Seat 3: jovac2811 (big blind) folded on the Turn



PokerStars Hand #249560881560: Tournament #3732135375, $1.84+$0.16 USD Hold'em No Limit - Level III (20/40) - 2024/03/22 17:34:08 CET [2024/03/22 12:34:08 ET]
Table '3732135375 1' 3-max Seat #2 is the button
Seat 1: Gonning (170 in chips) 
Seat 2: Mahu2021 (750 in chips) 
Seat 3: jovac2811 (580 in chips) 
jovac2811: posts small blind 20
Gonning: posts big blind 40
*** HOLE CARDS ***
Dealt to Mahu2021 [6d Jh]
Mahu2021: folds 
jovac2811: calls 20
Gonning: checks 
*** FLOP *** [8c 6h 2s]
jovac2811: checks 
Gonning: bets 40
jovac2811: calls 40
*** TURN *** [8c 6h 2s] [Tc]
jovac2811: checks 
Gonning: checks 
*** RIVER *** [8c 6h 2s Tc] [5s]
jovac2811: checks 
Gonning: checks 
*** SHOW DOWN ***
jovac2811: shows [7h Kh] (high card King)
Gonning: shows [5h 7d] (a pair of Fives)
Gonning collected 160 from pot
*** SUMMARY ***
Total pot 160 | Rake 0 
Board [8c 6h 2s Tc 5s]
Seat 1: Gonning (big blind) showed [5h 7d] and won (160) with a pair of Fives
Seat 2: Mahu2021 (button) folded before Flop (didn't bet)
Seat 3: jovac2811 (small blind) showed [7h Kh] and lost with high card King



PokerStars Hand #249560890379: Tournament #3732135375, $1.84+$0.16 USD Hold'em No Limit - Level III (20/40) - 2024/03/22 17:34:42 CET [2024/03/22 12:34:42 ET]
Table '3732135375 1' 3-max Seat #3 is the button
Seat 1: Gonning (250 in chips) 
Seat 2: Mahu2021 (750 in chips) 
Seat 3: jovac2811 (500 in chips) 
Gonning: posts small blind 20
Mahu2021: posts big blind 40
*** HOLE CARDS ***
Dealt to Mahu2021 [Qc 5h]
jovac2811: raises 40 to 80
Gonning: calls 60
Mahu2021: folds 
*** FLOP *** [4h 3h 5d]
Gonning: folds 
jovac2811 collected 200 from pot
jovac2811: doesn't show hand 
*** SUMMARY ***
Total pot 200 | Rake 0 
Board [4h 3h 5d]
Seat 1: Gonning (small blind) folded on the Flop
Seat 2: Mahu2021 (big blind) folded before Flop
Seat 3: jovac2811 (button) collected (200)



PokerStars Hand #249560894741: Tournament #3732135375, $1.84+$0.16 USD Hold'em No Limit - Level III (20/40) - 2024/03/22 17:34:58 CET [2024/03/22 12:34:58 ET]
Table '3732135375 1' 3-max Seat #1 is the button
Seat 1: Gonning (170 in chips) 
Seat 2: Mahu2021 (710 in chips) 
Seat 3: jovac2811 (620 in chips) 
Mahu2021: posts small blind 20
jovac2811: posts big blind 40
*** HOLE CARDS ***
Dealt to Mahu2021 [5c 2d]
Gonning: folds 
Mahu2021: folds 
Uncalled bet (20) returned to jovac2811
jovac2811 collected 40 from pot
jovac2811: doesn't show hand 
*** SUMMARY ***
Total pot 40 | Rake 0 
Seat 1: Gonning (button) folded before Flop (didn't bet)
Seat 2: Mahu2021 (small blind) folded before Flop
Seat 3: jovac2811 (big blind) collected (40)



PokerStars Hand #249560895862: Tournament #3732135375, $1.84+$0.16 USD Hold'em No Limit - Level III (20/40) - 2024/03/22 17:35:03 CET [2024/03/22 12:35:03 ET]
Table '3732135375 1' 3-max Seat #2 is the button
Seat 1: Gonning (170 in chips) 
Seat 2: Mahu2021 (690 in chips) 
Seat 3: jovac2811 (640 in chips) 
jovac2811: posts small blind 20
Gonning: posts big blind 40
*** HOLE CARDS ***
Dealt to Mahu2021 [4s 4c]
Mahu2021: calls 40
jovac2811: calls 20
Gonning: checks 
*** FLOP *** [Qh 8h 3h]
jovac2811: checks 
Gonning: folds 
Mahu2021: bets 40
jovac2811: calls 40
*** TURN *** [Qh 8h 3h] [Kc]
jovac2811: checks 
Mahu2021: bets 40
jovac2811: raises 80 to 120
Mahu2021: folds 
Uncalled bet (80) returned to jovac2811
jovac2811 collected 280 from pot
jovac2811: doesn't show hand 
*** SUMMARY ***
Total pot 280 | Rake 0 
Board [Qh 8h 3h Kc]
Seat 1: Gonning (big blind) folded on the Flop
Seat 2: Mahu2021 (button) folded on the Turn
Seat 3: jovac2811 (small blind) collected (280)



PokerStars Hand #249560905292: Tournament #3732135375, $1.84+$0.16 USD Hold'em No Limit - Level IV (30/60) - 2024/03/22 17:35:40 CET [2024/03/22 12:35:40 ET]
Table '3732135375 1' 3-max Seat #3 is the button
Seat 1: Gonning (130 in chips) 
Seat 2: Mahu2021 (570 in chips) 
Seat 3: jovac2811 (800 in chips) 
Gonning: posts small blind 30
Mahu2021: posts big blind 60
*** HOLE CARDS ***
Dealt to Mahu2021 [6c Qc]
jovac2811: raises 740 to 800 and is all-in
Gonning: calls 100 and is all-in
Mahu2021: folds 
Uncalled bet (670) returned to jovac2811
*** FLOP *** [7s 3s Ks]
*** TURN *** [7s 3s Ks] [Jd]
*** RIVER *** [7s 3s Ks Jd] [4s]
*** SHOW DOWN ***
Gonning: shows [9h Ah] (high card Ace)
jovac2811: shows [7h Ac] (a pair of Sevens)
jovac2811 collected 320 from pot
Gonning finished the tournament in 3rd place
*** SUMMARY ***
Total pot 320 | Rake 0 
Board [7s 3s Ks Jd 4s]
Seat 1: Gonning (small blind) showed [9h Ah] and lost with high card Ace
Seat 2: Mahu2021 (big blind) folded before Flop
Seat 3: jovac2811 (button) showed [7h Ac] and won (320) with a pair of Sevens



PokerStars Hand #249560911396: Tournament #3732135375, $1.84+$0.16 USD Hold'em No Limit - Level IV (30/60) - 2024/03/22 17:36:04 CET [2024/03/22 12:36:04 ET]
Table '3732135375 1' 3-max Seat #2 is the button
Seat 2: Mahu2021 (510 in chips) 
Seat 3: jovac2811 (990 in chips) 
Mahu2021: posts small blind 30
jovac2811: posts big blind 60
*** HOLE CARDS ***
Dealt to Mahu2021 [4d Qc]
Mahu2021: calls 30
jovac2811: raises 60 to 120
Mahu2021: calls 60
*** FLOP *** [Th 2c 7h]
jovac2811: bets 60
Mahu2021: folds 
Uncalled bet (60) returned to jovac2811
jovac2811 collected 240 from pot
jovac2811: doesn't show hand 
*** SUMMARY ***
Total pot 240 | Rake 0 
Board [Th 2c 7h]
Seat 2: Mahu2021 (button) (small blind) folded on the Flop
Seat 3: jovac2811 (big blind) collected (240)



PokerStars Hand #249560917457: Tournament #3732135375, $1.84+$0.16 USD Hold'em No Limit - Level IV (30/60) - 2024/03/22 17:36:27 CET [2024/03/22 12:36:27 ET]
Table '3732135375 1' 3-max Seat #3 is the button
Seat 2: Mahu2021 (390 in chips) 
Seat 3: jovac2811 (1110 in chips) 
jovac2811: posts small blind 30
Mahu2021: posts big blind 60
*** HOLE CARDS ***
Dealt to Mahu2021 [Tc 6c]
jovac2811: calls 30
Mahu2021: checks 
*** FLOP *** [Jd 2d Jh]
Mahu2021: checks 
jovac2811: bets 60
Mahu2021: folds 
Uncalled bet (60) returned to jovac2811
jovac2811 collected 120 from pot
jovac2811: doesn't show hand 
*** SUMMARY ***
Total pot 120 | Rake 0 
Board [Jd 2d Jh]
Seat 2: Mahu2021 (big blind) folded on the Flop
Seat 3: jovac2811 (button) (small blind) collected (120)



PokerStars Hand #249560920067: Tournament #3732135375, $1.84+$0.16 USD Hold'em No Limit - Level IV (30/60) - 2024/03/22 17:36:37 CET [2024/03/22 12:36:37 ET]
Table '3732135375 1' 3-max Seat #2 is the button
Seat 2: Mahu2021 (330 in chips) 
Seat 3: jovac2811 (1170 in chips) 
Mahu2021: posts small blind 30
jovac2811: posts big blind 60
*** HOLE CARDS ***
Dealt to Mahu2021 [4h Js]
Mahu2021: folds 
Uncalled bet (30) returned to jovac2811
jovac2811 collected 60 from pot
jovac2811: doesn't show hand 
*** SUMMARY ***
Total pot 60 | Rake 0 
Seat 2: Mahu2021 (button) (small blind) folded before Flop
Seat 3: jovac2811 (big blind) collected (60)



PokerStars Hand #249560921347: Tournament #3732135375, $1.84+$0.16 USD Hold'em No Limit - Level IV (30/60) - 2024/03/22 17:36:42 CET [2024/03/22 12:36:42 ET]
Table '3732135375 1' 3-max Seat #3 is the button
Seat 2: Mahu2021 (300 in chips) 
Seat 3: jovac2811 (1200 in chips) 
jovac2811: posts small blind 30
Mahu2021: posts big blind 60
*** HOLE CARDS ***
Dealt to Mahu2021 [9c 6h]
jovac2811: calls 30
Mahu2021: checks 
*** FLOP *** [Kc As 3s]
Mahu2021: checks 
jovac2811: bets 60
Mahu2021: folds 
Uncalled bet (60) returned to jovac2811
jovac2811 collected 120 from pot
jovac2811: doesn't show hand 
*** SUMMARY ***
Total pot 120 | Rake 0 
Board [Kc As 3s]
Seat 2: Mahu2021 (big blind) folded on the Flop
Seat 3: jovac2811 (button) (small blind) collected (120)



PokerStars Hand #249560923467: Tournament #3732135375, $1.84+$0.16 USD Hold'em No Limit - Level IV (30/60) - 2024/03/22 17:36:51 CET [2024/03/22 12:36:51 ET]
Table '3732135375 1' 3-max Seat #2 is the button
Seat 2: Mahu2021 (240 in chips) 
Seat 3: jovac2811 (1260 in chips) 
Mahu2021: posts small blind 30
jovac2811: posts big blind 60
*** HOLE CARDS ***
Dealt to Mahu2021 [6d 6s]
Mahu2021: calls 30
jovac2811: raises 60 to 120
Mahu2021: raises 120 to 240 and is all-in
jovac2811: calls 120
*** FLOP *** [2h Jh Th]
*** TURN *** [2h Jh Th] [3h]
*** RIVER *** [2h Jh Th 3h] [8c]
*** SHOW DOWN ***
jovac2811: shows [Kd 5d] (high card King)
Mahu2021: shows [6d 6s] (a pair of Sixes)
Mahu2021 collected 480 from pot
*** SUMMARY ***
Total pot 480 | Rake 0 
Board [2h Jh Th 3h 8c]
Seat 2: Mahu2021 (button) (small blind) showed [6d 6s] and won (480) with a pair of Sixes
Seat 3: jovac2811 (big blind) showed [Kd 5d] and lost with high card King



PokerStars Hand #249560928375: Tournament #3732135375, $1.84+$0.16 USD Hold'em No Limit - Level V (40/80) - 2024/03/22 17:37:10 CET [2024/03/22 12:37:10 ET]
Table '3732135375 1' 3-max Seat #3 is the button
Seat 2: Mahu2021 (480 in chips) 
Seat 3: jovac2811 (1020 in chips) 
jovac2811: posts small blind 40
Mahu2021: posts big blind 80
*** HOLE CARDS ***
Dealt to Mahu2021 [Qs Js]
jovac2811: raises 80 to 160
Mahu2021: raises 320 to 480 and is all-in
jovac2811: folds [6h 4d]
Uncalled bet (320) returned to Mahu2021
Mahu2021 collected 320 from pot
Mahu2021: doesn't show hand 
*** SUMMARY ***
Total pot 320 | Rake 0 
Seat 2: Mahu2021 (big blind) collected (320)
Seat 3: jovac2811 (button) (small blind) folded before Flop



PokerStars Hand #249560930803: Tournament #3732135375, $1.84+$0.16 USD Hold'em No Limit - Level V (40/80) - 2024/03/22 17:37:20 CET [2024/03/22 12:37:20 ET]
Table '3732135375 1' 3-max Seat #2 is the button
Seat 2: Mahu2021 (640 in chips) 
Seat 3: jovac2811 (860 in chips) 
Mahu2021: posts small blind 40
jovac2811: posts big blind 80
*** HOLE CARDS ***
Dealt to Mahu2021 [3d 3c]
Mahu2021: raises 560 to 640 and is all-in
jovac2811: folds 
Uncalled bet (560) returned to Mahu2021
Mahu2021 collected 160 from pot
Mahu2021: doesn't show hand 
*** SUMMARY ***
Total pot 160 | Rake 0 
Seat 2: Mahu2021 (button) (small blind) collected (160)
Seat 3: jovac2811 (big blind) folded before Flop



PokerStars Hand #249560932390: Tournament #3732135375, $1.84+$0.16 USD Hold'em No Limit - Level V (40/80) - 2024/03/22 17:37:26 CET [2024/03/22 12:37:26 ET]
Table '3732135375 1' 3-max Seat #3 is the button
Seat 2: Mahu2021 (720 in chips) 
Seat 3: jovac2811 (780 in chips) 
jovac2811: posts small blind 40
Mahu2021: posts big blind 80
*** HOLE CARDS ***
Dealt to Mahu2021 [Jh 3s]
jovac2811: raises 80 to 160
Mahu2021: folds 
Uncalled bet (80) returned to jovac2811
jovac2811 collected 160 from pot
jovac2811: doesn't show hand 
*** SUMMARY ***
Total pot 160 | Rake 0 
Seat 2: Mahu2021 (big blind) folded before Flop
Seat 3: jovac2811 (button) (small blind) collected (160)



PokerStars Hand #249560933575: Tournament #3732135375, $1.84+$0.16 USD Hold'em No Limit - Level V (40/80) - 2024/03/22 17:37:31 CET [2024/03/22 12:37:31 ET]
Table '3732135375 1' 3-max Seat #2 is the button
Seat 2: Mahu2021 (640 in chips) 
Seat 3: jovac2811 (860 in chips) 
Mahu2021: posts small blind 40
jovac2811: posts big blind 80
*** HOLE CARDS ***
Dealt to Mahu2021 [5c 8d]
Mahu2021: folds 
Uncalled bet (40) returned to jovac2811
jovac2811 collected 80 from pot
jovac2811: doesn't show hand 
*** SUMMARY ***
Total pot 80 | Rake 0 
Seat 2: Mahu2021 (button) (small blind) folded before Flop
Seat 3: jovac2811 (big blind) collected (80)



PokerStars Hand #249560934702: Tournament #3732135375, $1.84+$0.16 USD Hold'em No Limit - Level V (40/80) - 2024/03/22 17:37:35 CET [2024/03/22 12:37:35 ET]
Table '3732135375 1' 3-max Seat #3 is the button
Seat 2: Mahu2021 (600 in chips) 
Seat 3: jovac2811 (900 in chips) 
jovac2811: posts small blind 40
Mahu2021: posts big blind 80
*** HOLE CARDS ***
Dealt to Mahu2021 [7c As]
jovac2811: raises 80 to 160
Mahu2021: raises 440 to 600 and is all-in
jovac2811: folds 
Uncalled bet (440) returned to Mahu2021
Mahu2021 collected 320 from pot
Mahu2021: doesn't show hand 
*** SUMMARY ***
Total pot 320 | Rake 0 
Seat 2: Mahu2021 (big blind) collected (320)
Seat 3: jovac2811 (button) (small blind) folded before Flop



PokerStars Hand #249560936784: Tournament #3732135375, $1.84+$0.16 USD Hold'em No Limit - Level V (40/80) - 2024/03/22 17:37:43 CET [2024/03/22 12:37:43 ET]
Table '3732135375 1' 3-max Seat #2 is the button
Seat 2: Mahu2021 (760 in chips) 
Seat 3: jovac2811 (740 in chips) 
Mahu2021: posts small blind 40
jovac2811: posts big blind 80
*** HOLE CARDS ***
Dealt to Mahu2021 [9d Kd]
Mahu2021: raises 80 to 160
jovac2811: calls 80
*** FLOP *** [3d 4c 2h]
jovac2811: checks 
Mahu2021: bets 160
jovac2811: calls 160
*** TURN *** [3d 4c 2h] [Qh]
jovac2811: checks 
Mahu2021: bets 440 and is all-in
jovac2811: folds 
Uncalled bet (440) returned to Mahu2021
Mahu2021 collected 640 from pot
Mahu2021: doesn't show hand 
*** SUMMARY ***
Total pot 640 | Rake 0 
Board [3d 4c 2h Qh]
Seat 2: Mahu2021 (button) (small blind) collected (640)
Seat 3: jovac2811 (big blind) folded on the Turn



PokerStars Hand #249560940639: Tournament #3732135375, $1.84+$0.16 USD Hold'em No Limit - Level V (40/80) - 2024/03/22 17:37:58 CET [2024/03/22 12:37:58 ET]
Table '3732135375 1' 3-max Seat #3 is the button
Seat 2: Mahu2021 (1080 in chips) 
Seat 3: jovac2811 (420 in chips) 
jovac2811: posts small blind 40
Mahu2021: posts big blind 80
*** HOLE CARDS ***
Dealt to Mahu2021 [Kc Qh]
jovac2811: raises 340 to 420 and is all-in
Mahu2021: calls 340
*** FLOP *** [7h Td 4s]
*** TURN *** [7h Td 4s] [2h]
*** RIVER *** [7h Td 4s 2h] [Ad]
*** SHOW DOWN ***
Mahu2021: shows [Kc Qh] (high card Ace)
jovac2811: shows [4c 4h] (three of a kind, Fours)
jovac2811 collected 840 from pot
*** SUMMARY ***
Total pot 840 | Rake 0 
Board [7h Td 4s 2h Ad]
Seat 2: Mahu2021 (big blind) showed [Kc Qh] and lost with high card Ace
Seat 3: jovac2811 (button) (small blind) showed [4c 4h] and won (840) with three of a kind, Fours



PokerStars Hand #249560944308: Tournament #3732135375, $1.84+$0.16 USD Hold'em No Limit - Level V (40/80) - 2024/03/22 17:38:12 CET [2024/03/22 12:38:12 ET]
Table '3732135375 1' 3-max Seat #2 is the button
Seat 2: Mahu2021 (660 in chips) 
Seat 3: jovac2811 (840 in chips) 
Mahu2021: posts small blind 40
jovac2811: posts big blind 80
*** HOLE CARDS ***
Dealt to Mahu2021 [Ac 4s]
Mahu2021: raises 80 to 160
jovac2811: calls 80
*** FLOP *** [7s 8d 7h]
jovac2811: checks 
Mahu2021: bets 160
jovac2811: calls 160
*** TURN *** [7s 8d 7h] [Qs]
jovac2811: checks 
Mahu2021: bets 340 and is all-in
jovac2811: folds 
Uncalled bet (340) returned to Mahu2021
Mahu2021 collected 640 from pot
Mahu2021: doesn't show hand 
*** SUMMARY ***
Total pot 640 | Rake 0 
Board [7s 8d 7h Qs]
Seat 2: Mahu2021 (button) (small blind) collected (640)
Seat 3: jovac2811 (big blind) folded on the Turn



PokerStars Hand #249560948535: Tournament #3732135375, $1.84+$0.16 USD Hold'em No Limit - Level V (40/80) - 2024/03/22 17:38:29 CET [2024/03/22 12:38:29 ET]
Table '3732135375 1' 3-max Seat #3 is the button
Seat 2: Mahu2021 (980 in chips) 
Seat 3: jovac2811 (520 in chips) 
jovac2811: posts small blind 40
Mahu2021: posts big blind 80
*** HOLE CARDS ***
Dealt to Mahu2021 [6d 3h]
jovac2811: calls 40
Mahu2021: checks 
*** FLOP *** [Kh 3c 4h]
Mahu2021: checks 
jovac2811: bets 80
Mahu2021: calls 80
*** TURN *** [Kh 3c 4h] [4d]
Mahu2021: checks 
jovac2811: checks 
*** RIVER *** [Kh 3c 4h 4d] [Ad]
Mahu2021: bets 80
jovac2811: folds 
Uncalled bet (80) returned to Mahu2021
Mahu2021 collected 320 from pot
Mahu2021: doesn't show hand 
*** SUMMARY ***
Total pot 320 | Rake 0 
Board [Kh 3c 4h 4d Ad]
Seat 2: Mahu2021 (big blind) collected (320)
Seat 3: jovac2811 (button) (small blind) folded on the River



PokerStars Hand #249560952283: Tournament #3732135375, $1.84+$0.16 USD Hold'em No Limit - Level V (40/80) - 2024/03/22 17:38:43 CET [2024/03/22 12:38:43 ET]
Table '3732135375 1' 3-max Seat #2 is the button
Seat 2: Mahu2021 (1140 in chips) 
Seat 3: jovac2811 (360 in chips) 
Mahu2021: posts small blind 40
jovac2811: posts big blind 80
*** HOLE CARDS ***
Dealt to Mahu2021 [5h Ad]
Mahu2021: calls 40
jovac2811: checks 
*** FLOP *** [Qs 7s Qd]
jovac2811: bets 280 and is all-in
Mahu2021: folds 
Uncalled bet (280) returned to jovac2811
jovac2811 collected 160 from pot
jovac2811: doesn't show hand 
*** SUMMARY ***
Total pot 160 | Rake 0 
Board [Qs 7s Qd]
Seat 2: Mahu2021 (button) (small blind) folded on the Flop
Seat 3: jovac2811 (big blind) collected (160)



PokerStars Hand #249560955882: Tournament #3732135375, $1.84+$0.16 USD Hold'em No Limit - Level V (40/80) - 2024/03/22 17:38:58 CET [2024/03/22 12:38:58 ET]
Table '3732135375 1' 3-max Seat #3 is the button
Seat 2: Mahu2021 (1060 in chips) 
Seat 3: jovac2811 (440 in chips) 
jovac2811: posts small blind 40
Mahu2021: posts big blind 80
*** HOLE CARDS ***
Dealt to Mahu2021 [Ks Tc]
jovac2811: calls 40
Mahu2021: raises 240 to 320
jovac2811: folds 
Uncalled bet (240) returned to Mahu2021
Mahu2021 collected 160 from pot
Mahu2021: doesn't show hand 
*** SUMMARY ***
Total pot 160 | Rake 0 
Seat 2: Mahu2021 (big blind) collected (160)
Seat 3: jovac2811 (button) (small blind) folded before Flop



PokerStars Hand #249560959213: Tournament #3732135375, $1.84+$0.16 USD Hold'em No Limit - Level VI (50/100) - 2024/03/22 17:39:11 CET [2024/03/22 12:39:11 ET]
Table '3732135375 1' 3-max Seat #2 is the button
Seat 2: Mahu2021 (1140 in chips) 
Seat 3: jovac2811 (360 in chips) 
Mahu2021: posts small blind 50
jovac2811: posts big blind 100
*** HOLE CARDS ***
Dealt to Mahu2021 [3s 8d]
Mahu2021: folds 
Uncalled bet (50) returned to jovac2811
jovac2811 collected 100 from pot
jovac2811: doesn't show hand 
*** SUMMARY ***
Total pot 100 | Rake 0 
Seat 2: Mahu2021 (button) (small blind) folded before Flop
Seat 3: jovac2811 (big blind) collected (100)



PokerStars Hand #249560960468: Tournament #3732135375, $1.84+$0.16 USD Hold'em No Limit - Level VI (50/100) - 2024/03/22 17:39:16 CET [2024/03/22 12:39:16 ET]
Table '3732135375 1' 3-max Seat #3 is the button
Seat 2: Mahu2021 (1090 in chips) 
Seat 3: jovac2811 (410 in chips) 
jovac2811: posts small blind 50
Mahu2021: posts big blind 100
*** HOLE CARDS ***
Dealt to Mahu2021 [7c Jh]
jovac2811: raises 310 to 410 and is all-in
Mahu2021: folds 
Uncalled bet (310) returned to jovac2811
jovac2811 collected 200 from pot
jovac2811: doesn't show hand 
*** SUMMARY ***
Total pot 200 | Rake 0 
Seat 2: Mahu2021 (big blind) folded before Flop
Seat 3: jovac2811 (button) (small blind) collected (200)



PokerStars Hand #249560962158: Tournament #3732135375, $1.84+$0.16 USD Hold'em No Limit - Level VI (50/100) - 2024/03/22 17:39:22 CET [2024/03/22 12:39:22 ET]
Table '3732135375 1' 3-max Seat #2 is the button
Seat 2: Mahu2021 (990 in chips) 
Seat 3: jovac2811 (510 in chips) 
Mahu2021: posts small blind 50
jovac2811: posts big blind 100
*** HOLE CARDS ***
Dealt to Mahu2021 [Qd Th]
Mahu2021: raises 100 to 200
jovac2811: raises 310 to 510 and is all-in
Mahu2021: calls 310
*** FLOP *** [8h 3d 6c]
*** TURN *** [8h 3d 6c] [Kd]
*** RIVER *** [8h 3d 6c Kd] [As]
*** SHOW DOWN ***
jovac2811: shows [2d 2s] (a pair of Deuces)
Mahu2021: shows [Qd Th] (high card Ace)
jovac2811 collected 1020 from pot
*** SUMMARY ***
Total pot 1020 | Rake 0 
Board [8h 3d 6c Kd As]
Seat 2: Mahu2021 (button) (small blind) showed [Qd Th] and lost with high card Ace
Seat 3: jovac2811 (big blind) showed [2d 2s] and won (1020) with a pair of Deuces



PokerStars Hand #249560965670: Tournament #3732135375, $1.84+$0.16 USD Hold'em No Limit - Level VI (50/100) - 2024/03/22 17:39:36 CET [2024/03/22 12:39:36 ET]
Table '3732135375 1' 3-max Seat #3 is the button
Seat 2: Mahu2021 (480 in chips) 
Seat 3: jovac2811 (1020 in chips) 
jovac2811: posts small blind 50
Mahu2021: posts big blind 100
*** HOLE CARDS ***
Dealt to Mahu2021 [7h 6h]
jovac2811: calls 50
Mahu2021: checks 
*** FLOP *** [9c Td Js]
Mahu2021: checks 
jovac2811: bets 100
Mahu2021: folds 
Uncalled bet (100) returned to jovac2811
jovac2811 collected 200 from pot
jovac2811: doesn't show hand 
*** SUMMARY ***
Total pot 200 | Rake 0 
Board [9c Td Js]
Seat 2: Mahu2021 (big blind) folded on the Flop
Seat 3: jovac2811 (button) (small blind) collected (200)



PokerStars Hand #249560968084: Tournament #3732135375, $1.84+$0.16 USD Hold'em No Limit - Level VI (50/100) - 2024/03/22 17:39:46 CET [2024/03/22 12:39:46 ET]
Table '3732135375 1' 3-max Seat #2 is the button
Seat 2: Mahu2021 (380 in chips) 
Seat 3: jovac2811 (1120 in chips) 
Mahu2021: posts small blind 50
jovac2811: posts big blind 100
*** HOLE CARDS ***
Dealt to Mahu2021 [4d 9s]
Mahu2021: folds 
Uncalled bet (50) returned to jovac2811
jovac2811 collected 100 from pot
jovac2811: doesn't show hand 
*** SUMMARY ***
Total pot 100 | Rake 0 
Seat 2: Mahu2021 (button) (small blind) folded before Flop
Seat 3: jovac2811 (big blind) collected (100)



PokerStars Hand #249560969233: Tournament #3732135375, $1.84+$0.16 USD Hold'em No Limit - Level VI (50/100) - 2024/03/22 17:39:50 CET [2024/03/22 12:39:50 ET]
Table '3732135375 1' 3-max Seat #3 is the button
Seat 2: Mahu2021 (330 in chips) 
Seat 3: jovac2811 (1170 in chips) 
jovac2811: posts small blind 50
Mahu2021: posts big blind 100
*** HOLE CARDS ***
Dealt to Mahu2021 [8h 4h]
jovac2811: calls 50
Mahu2021: checks 
*** FLOP *** [6c Ts Kh]
Mahu2021: checks 
jovac2811: bets 100
Mahu2021: folds 
Uncalled bet (100) returned to jovac2811
jovac2811 collected 200 from pot
jovac2811: doesn't show hand 
*** SUMMARY ***
Total pot 200 | Rake 0 
Board [6c Ts Kh]
Seat 2: Mahu2021 (big blind) folded on the Flop
Seat 3: jovac2811 (button) (small blind) collected (200)



PokerStars Hand #249560971516: Tournament #3732135375, $1.84+$0.16 USD Hold'em No Limit - Level VI (50/100) - 2024/03/22 17:39:59 CET [2024/03/22 12:39:59 ET]
Table '3732135375 1' 3-max Seat #2 is the button
Seat 2: Mahu2021 (230 in chips) 
Seat 3: jovac2811 (1270 in chips) 
Mahu2021: posts small blind 50
jovac2811: posts big blind 100
*** HOLE CARDS ***
Dealt to Mahu2021 [Ts 7c]
Mahu2021: folds 
Uncalled bet (50) returned to jovac2811
jovac2811 collected 100 from pot
jovac2811: doesn't show hand 
*** SUMMARY ***
Total pot 100 | Rake 0 
Seat 2: Mahu2021 (button) (small blind) folded before Flop
Seat 3: jovac2811 (big blind) collected (100)



PokerStars Hand #249560972786: Tournament #3732135375, $1.84+$0.16 USD Hold'em No Limit - Level VI (50/100) - 2024/03/22 17:40:04 CET [2024/03/22 12:40:04 ET]
Table '3732135375 1' 3-max Seat #3 is the button
Seat 2: Mahu2021 (180 in chips) 
Seat 3: jovac2811 (1320 in chips) 
jovac2811: posts small blind 50
Mahu2021: posts big blind 100
*** HOLE CARDS ***
Dealt to Mahu2021 [4d Ah]
jovac2811: raises 100 to 200
Mahu2021: calls 80 and is all-in
Uncalled bet (20) returned to jovac2811
*** FLOP *** [5c Ks Kh]
*** TURN *** [5c Ks Kh] [2d]
*** RIVER *** [5c Ks Kh 2d] [4h]
*** SHOW DOWN ***
Mahu2021: shows [4d Ah] (two pair, Kings and Fours)
jovac2811: shows [9s 3c] (a pair of Kings)
Mahu2021 collected 360 from pot
*** SUMMARY ***
Total pot 360 | Rake 0 
Board [5c Ks Kh 2d 4h]
Seat 2: Mahu2021 (big blind) showed [4d Ah] and won (360) with two pair, Kings and Fours
Seat 3: jovac2811 (button) (small blind) showed [9s 3c] and lost with a pair of Kings



PokerStars Hand #249560976118: Tournament #3732135375, $1.84+$0.16 USD Hold'em No Limit - Level VI (50/100) - 2024/03/22 17:40:17 CET [2024/03/22 12:40:17 ET]
Table '3732135375 1' 3-max Seat #2 is the button
Seat 2: Mahu2021 (360 in chips) 
Seat 3: jovac2811 (1140 in chips) 
Mahu2021: posts small blind 50
jovac2811: posts big blind 100
*** HOLE CARDS ***
Dealt to Mahu2021 [Ah 9c]
Mahu2021: raises 100 to 200
jovac2811: calls 100
*** FLOP *** [Jh 4h 5s]
jovac2811: checks 
Mahu2021: bets 160 and is all-in
jovac2811: folds 
Uncalled bet (160) returned to Mahu2021
Mahu2021 collected 400 from pot
Mahu2021: doesn't show hand 
*** SUMMARY ***
Total pot 400 | Rake 0 
Board [Jh 4h 5s]
Seat 2: Mahu2021 (button) (small blind) collected (400)
Seat 3: jovac2811 (big blind) folded on the Flop



PokerStars Hand #249560979090: Tournament #3732135375, $1.84+$0.16 USD Hold'em No Limit - Level VI (50/100) - 2024/03/22 17:40:29 CET [2024/03/22 12:40:29 ET]
Table '3732135375 1' 3-max Seat #3 is the button
Seat 2: Mahu2021 (560 in chips) 
Seat 3: jovac2811 (940 in chips) 
jovac2811: posts small blind 50
Mahu2021: posts big blind 100
*** HOLE CARDS ***
Dealt to Mahu2021 [8c 4s]
jovac2811: calls 50
Mahu2021: checks 
*** FLOP *** [Ks 9s Ad]
Mahu2021: checks 
jovac2811: bets 100
Mahu2021: folds 
Uncalled bet (100) returned to jovac2811
jovac2811 collected 200 from pot
jovac2811: doesn't show hand 
*** SUMMARY ***
Total pot 200 | Rake 0 
Board [Ks 9s Ad]
Seat 2: Mahu2021 (big blind) folded on the Flop
Seat 3: jovac2811 (button) (small blind) collected (200)



PokerStars Hand #249560981226: Tournament #3732135375, $1.84+$0.16 USD Hold'em No Limit - Level VI (50/100) - 2024/03/22 17:40:37 CET [2024/03/22 12:40:37 ET]
Table '3732135375 1' 3-max Seat #2 is the button
Seat 2: Mahu2021 (460 in chips) 
Seat 3: jovac2811 (1040 in chips) 
Mahu2021: posts small blind 50
jovac2811: posts big blind 100
*** HOLE CARDS ***
Dealt to Mahu2021 [2h 2s]
Mahu2021: raises 360 to 460 and is all-in
jovac2811: calls 360
*** FLOP *** [8h 6d 9h]
*** TURN *** [8h 6d 9h] [7h]
*** RIVER *** [8h 6d 9h 7h] [5d]
*** SHOW DOWN ***
jovac2811: shows [Ad Jc] (a straight, Five to Nine)
Mahu2021: shows [2h 2s] (a straight, Five to Nine)
jovac2811 collected 460 from pot
Mahu2021 collected 460 from pot
*** SUMMARY ***
Total pot 920 | Rake 0 
Board [8h 6d 9h 7h 5d]
Seat 2: Mahu2021 (button) (small blind) showed [2h 2s] and won (460) with a straight, Five to Nine
Seat 3: jovac2811 (big blind) showed [Ad Jc] and won (460) with a straight, Five to Nine



PokerStars Hand #249560984517: Tournament #3732135375, $1.84+$0.16 USD Hold'em No Limit - Level VI (50/100) - 2024/03/22 17:40:50 CET [2024/03/22 12:40:50 ET]
Table '3732135375 1' 3-max Seat #3 is the button
Seat 2: Mahu2021 (460 in chips) 
Seat 3: jovac2811 (1040 in chips) 
jovac2811: posts small blind 50
Mahu2021: posts big blind 100
*** HOLE CARDS ***
Dealt to Mahu2021 [4s Th]
jovac2811: calls 50
Mahu2021: checks 
*** FLOP *** [Ac 6d Qc]
Mahu2021: checks 
jovac2811: bets 100
Mahu2021: folds 
Uncalled bet (100) returned to jovac2811
jovac2811 collected 200 from pot
jovac2811: doesn't show hand 
*** SUMMARY ***
Total pot 200 | Rake 0 
Board [Ac 6d Qc]
Seat 2: Mahu2021 (big blind) folded on the Flop
Seat 3: jovac2811 (button) (small blind) collected (200)



PokerStars Hand #249560986611: Tournament #3732135375, $1.84+$0.16 USD Hold'em No Limit - Level VI (50/100) - 2024/03/22 17:40:58 CET [2024/03/22 12:40:58 ET]
Table '3732135375 1' 3-max Seat #2 is the button
Seat 2: Mahu2021 (360 in chips) 
Seat 3: jovac2811 (1140 in chips) 
Mahu2021: posts small blind 50
jovac2811: posts big blind 100
*** HOLE CARDS ***
Dealt to Mahu2021 [5d Qs]
Mahu2021: raises 260 to 360 and is all-in
jovac2811: folds 
Uncalled bet (260) returned to Mahu2021
Mahu2021 collected 200 from pot
Mahu2021: doesn't show hand 
*** SUMMARY ***
Total pot 200 | Rake 0 
Seat 2: Mahu2021 (button) (small blind) collected (200)
Seat 3: jovac2811 (big blind) folded before Flop



PokerStars Hand #249560989226: Tournament #3732135375, $1.84+$0.16 USD Hold'em No Limit - Level VII (60/120) - 2024/03/22 17:41:09 CET [2024/03/22 12:41:09 ET]
Table '3732135375 1' 3-max Seat #3 is the button
Seat 2: Mahu2021 (460 in chips) 
Seat 3: jovac2811 (1040 in chips) 
jovac2811: posts small blind 60
Mahu2021: posts big blind 120
*** HOLE CARDS ***
Dealt to Mahu2021 [7s Qc]
jovac2811: calls 60
Mahu2021: raises 340 to 460 and is all-in
jovac2811: folds 
Uncalled bet (340) returned to Mahu2021
Mahu2021 collected 240 from pot
Mahu2021: doesn't show hand 
*** SUMMARY ***
Total pot 240 | Rake 0 
Seat 2: Mahu2021 (big blind) collected (240)
Seat 3: jovac2811 (button) (small blind) folded before Flop



PokerStars Hand #249560993933: Tournament #3732135375, $1.84+$0.16 USD Hold'em No Limit - Level VII (60/120) - 2024/03/22 17:41:27 CET [2024/03/22 12:41:27 ET]
Table '3732135375 1' 3-max Seat #2 is the button
Seat 2: Mahu2021 (580 in chips) 
Seat 3: jovac2811 (920 in chips) 
Mahu2021: posts small blind 60
jovac2811: posts big blind 120
*** HOLE CARDS ***
Dealt to Mahu2021 [9c Ts]
Mahu2021: calls 60
jovac2811: checks 
*** FLOP *** [Jd 4s Th]
jovac2811: checks 
Mahu2021: bets 120
jovac2811: folds 
Uncalled bet (120) returned to Mahu2021
Mahu2021 collected 240 from pot
Mahu2021: doesn't show hand 
*** SUMMARY ***
Total pot 240 | Rake 0 
Board [Jd 4s Th]
Seat 2: Mahu2021 (button) (small blind) collected (240)
Seat 3: jovac2811 (big blind) folded on the Flop



PokerStars Hand #249560996848: Tournament #3732135375, $1.84+$0.16 USD Hold'em No Limit - Level VII (60/120) - 2024/03/22 17:41:39 CET [2024/03/22 12:41:39 ET]
Table '3732135375 1' 3-max Seat #3 is the button
Seat 2: Mahu2021 (700 in chips) 
Seat 3: jovac2811 (800 in chips) 
jovac2811: posts small blind 60
Mahu2021: posts big blind 120
*** HOLE CARDS ***
Dealt to Mahu2021 [5h Td]
jovac2811: calls 60
Mahu2021: checks 
*** FLOP *** [2s Jh 2d]
Mahu2021: checks 
jovac2811: bets 120
Mahu2021: folds 
Uncalled bet (120) returned to jovac2811
jovac2811 collected 240 from pot
jovac2811: doesn't show hand 
*** SUMMARY ***
Total pot 240 | Rake 0 
Board [2s Jh 2d]
Seat 2: Mahu2021 (big blind) folded on the Flop
Seat 3: jovac2811 (button) (small blind) collected (240)



PokerStars Hand #249560999614: Tournament #3732135375, $1.84+$0.16 USD Hold'em No Limit - Level VII (60/120) - 2024/03/22 17:41:49 CET [2024/03/22 12:41:49 ET]
Table '3732135375 1' 3-max Seat #2 is the button
Seat 2: Mahu2021 (580 in chips) 
Seat 3: jovac2811 (920 in chips) 
Mahu2021: posts small blind 60
jovac2811: posts big blind 120
*** HOLE CARDS ***
Dealt to Mahu2021 [Kh 4c]
Mahu2021: raises 120 to 240
jovac2811: calls 120
*** FLOP *** [8c As Qh]
jovac2811: checks 
Mahu2021: bets 340 and is all-in
jovac2811: folds 
Uncalled bet (340) returned to Mahu2021
Mahu2021 collected 480 from pot
Mahu2021: doesn't show hand 
*** SUMMARY ***
Total pot 480 | Rake 0 
Board [8c As Qh]
Seat 2: Mahu2021 (button) (small blind) collected (480)
Seat 3: jovac2811 (big blind) folded on the Flop



PokerStars Hand #249561003002: Tournament #3732135375, $1.84+$0.16 USD Hold'em No Limit - Level VII (60/120) - 2024/03/22 17:42:02 CET [2024/03/22 12:42:02 ET]
Table '3732135375 1' 3-max Seat #3 is the button
Seat 2: Mahu2021 (820 in chips) 
Seat 3: jovac2811 (680 in chips) 
jovac2811: posts small blind 60
Mahu2021: posts big blind 120
*** HOLE CARDS ***
Dealt to Mahu2021 [9h 5s]
jovac2811: raises 560 to 680 and is all-in
Mahu2021: folds 
Uncalled bet (560) returned to jovac2811
jovac2811 collected 240 from pot
jovac2811: doesn't show hand 
*** SUMMARY ***
Total pot 240 | Rake 0 
Seat 2: Mahu2021 (big blind) folded before Flop
Seat 3: jovac2811 (button) (small blind) collected (240)



PokerStars Hand #249561004283: Tournament #3732135375, $1.84+$0.16 USD Hold'em No Limit - Level VII (60/120) - 2024/03/22 17:42:07 CET [2024/03/22 12:42:07 ET]
Table '3732135375 1' 3-max Seat #2 is the button
Seat 2: Mahu2021 (700 in chips) 
Seat 3: jovac2811 (800 in chips) 
Mahu2021: posts small blind 60
jovac2811: posts big blind 120
*** HOLE CARDS ***
Dealt to Mahu2021 [3c 4c]
Mahu2021: calls 60
jovac2811: raises 680 to 800 and is all-in
Mahu2021: folds 
Uncalled bet (680) returned to jovac2811
jovac2811 collected 240 from pot
jovac2811: doesn't show hand 
*** SUMMARY ***
Total pot 240 | Rake 0 
Seat 2: Mahu2021 (button) (small blind) folded before Flop
Seat 3: jovac2811 (big blind) collected (240)



PokerStars Hand #249561006710: Tournament #3732135375, $1.84+$0.16 USD Hold'em No Limit - Level VII (60/120) - 2024/03/22 17:42:16 CET [2024/03/22 12:42:16 ET]
Table '3732135375 1' 3-max Seat #3 is the button
Seat 2: Mahu2021 (580 in chips) 
Seat 3: jovac2811 (920 in chips) 
jovac2811: posts small blind 60
Mahu2021: posts big blind 120
*** HOLE CARDS ***
Dealt to Mahu2021 [8c Ts]
jovac2811: calls 60
Mahu2021: checks 
*** FLOP *** [6d Qh Ks]
Mahu2021: checks 
jovac2811: bets 120
Mahu2021: folds 
Uncalled bet (120) returned to jovac2811
jovac2811 collected 240 from pot
jovac2811: doesn't show hand 
*** SUMMARY ***
Total pot 240 | Rake 0 
Board [6d Qh Ks]
Seat 2: Mahu2021 (big blind) folded on the Flop
Seat 3: jovac2811 (button) (small blind) collected (240)



PokerStars Hand #249561009274: Tournament #3732135375, $1.84+$0.16 USD Hold'em No Limit - Level VII (60/120) - 2024/03/22 17:42:26 CET [2024/03/22 12:42:26 ET]
Table '3732135375 1' 3-max Seat #2 is the button
Seat 2: Mahu2021 (460 in chips) 
Seat 3: jovac2811 (1040 in chips) 
Mahu2021: posts small blind 60
jovac2811: posts big blind 120
*** HOLE CARDS ***
Dealt to Mahu2021 [9d 9s]
Mahu2021: raises 120 to 240
jovac2811: folds 
Uncalled bet (120) returned to Mahu2021
Mahu2021 collected 240 from pot
Mahu2021: doesn't show hand 
*** SUMMARY ***
Total pot 240 | Rake 0 
Seat 2: Mahu2021 (button) (small blind) collected (240)
Seat 3: jovac2811 (big blind) folded before Flop



PokerStars Hand #249561011399: Tournament #3732135375, $1.84+$0.16 USD Hold'em No Limit - Level VII (60/120) - 2024/03/22 17:42:34 CET [2024/03/22 12:42:34 ET]
Table '3732135375 1' 3-max Seat #3 is the button
Seat 2: Mahu2021 (580 in chips) 
Seat 3: jovac2811 (920 in chips) 
jovac2811: posts small blind 60
Mahu2021: posts big blind 120
*** HOLE CARDS ***
Dealt to Mahu2021 [As 9h]
jovac2811: raises 800 to 920 and is all-in
Mahu2021: calls 460 and is all-in
Uncalled bet (340) returned to jovac2811
*** FLOP *** [6c 6s 7h]
*** TURN *** [6c 6s 7h] [3s]
*** RIVER *** [6c 6s 7h 3s] [Ah]
*** SHOW DOWN ***
Mahu2021: shows [As 9h] (two pair, Aces and Sixes)
jovac2811: shows [5c Ad] (two pair, Aces and Sixes - lower kicker)
Mahu2021 collected 1160 from pot
*** SUMMARY ***
Total pot 1160 | Rake 0 
Board [6c 6s 7h 3s Ah]
Seat 2: Mahu2021 (big blind) showed [As 9h] and won (1160) with two pair, Aces and Sixes
Seat 3: jovac2811 (button) (small blind) showed [5c Ad] and lost with two pair, Aces and Sixes



PokerStars Hand #249561015375: Tournament #3732135375, $1.84+$0.16 USD Hold'em No Limit - Level VII (60/120) - 2024/03/22 17:42:50 CET [2024/03/22 12:42:50 ET]
Table '3732135375 1' 3-max Seat #2 is the button
Seat 2: Mahu2021 (1160 in chips) 
Seat 3: jovac2811 (340 in chips) 
Mahu2021: posts small blind 60
jovac2811: posts big blind 120
*** HOLE CARDS ***
Dealt to Mahu2021 [9d Kd]
Mahu2021: raises 240 to 360
jovac2811: calls 220 and is all-in
Uncalled bet (20) returned to Mahu2021
*** FLOP *** [Kh 8c 9c]
*** TURN *** [Kh 8c 9c] [As]
*** RIVER *** [Kh 8c 9c As] [Ts]
*** SHOW DOWN ***
jovac2811: shows [5c 6s] (high card Ace)
Mahu2021: shows [9d Kd] (two pair, Kings and Nines)
Mahu2021 collected 680 from pot
jovac2811 finished the tournament in 2nd place
Mahu2021 wins the tournament and receives $4.00 - congratulations!
*** SUMMARY ***
Total pot 680 | Rake 0 
Board [Kh 8c 9c As Ts]
Seat 2: Mahu2021 (button) (small blind) showed [9d Kd] and won (680) with two pair, Kings and Nines
Seat 3: jovac2811 (big blind) showed [5c 6s] and lost with high card Ace



