PokerStars Hand #249871338412: Tournament #3739393117, $1.84+$0.16 USD Hold'em No Limit - Level I (10/20) - 2024/04/08 22:25:17 CET [2024/04/08 16:25:17 ET]
Table '3739393117 1' 3-max Seat #1 is the button
Seat 1: Pursey77 (500 in chips) 
Seat 2: nubixsas (500 in chips) 
Seat 3: Mahu2021 (500 in chips) 
nubixsas: posts small blind 10
Mahu2021: posts big blind 20
*** HOLE CARDS ***
Dealt to Mahu2021 [As 5s]
Pursey77: calls 20
nubixsas: folds 
Mahu2021: checks 
*** FLOP *** [Jd Th 2s]
Mahu2021: checks 
Pursey77: checks 
*** TURN *** [Jd Th 2s] [3s]
Mahu2021: bets 40
Pursey77: calls 40
*** RIVER *** [Jd Th 2s 3s] [4s]
Mahu2021: bets 130
Pursey77: folds 
Uncalled bet (130) returned to Mahu2021
Mahu2021 collected 130 from pot
Mahu2021: doesn't show hand 
*** SUMMARY ***
Total pot 130 | Rake 0 
Board [Jd Th 2s 3s 4s]
Seat 1: Pursey77 (button) folded on the River
Seat 2: nubixsas (small blind) folded before Flop
Seat 3: Mahu2021 (big blind) collected (130)



PokerStars Hand #249871353396: Tournament #3739393117, $1.84+$0.16 USD Hold'em No Limit - Level I (10/20) - 2024/04/08 22:25:55 CET [2024/04/08 16:25:55 ET]
Table '3739393117 1' 3-max Seat #2 is the button
Seat 1: Pursey77 (440 in chips) 
Seat 2: nubixsas (490 in chips) 
Seat 3: Mahu2021 (570 in chips) 
Mahu2021: posts small blind 10
Pursey77: posts big blind 20
*** HOLE CARDS ***
Dealt to Mahu2021 [Ad 2d]
nubixsas: raises 20 to 40
Mahu2021: calls 30
Pursey77: calls 20
*** FLOP *** [Th 6c Tc]
Mahu2021: checks 
Pursey77: checks 
nubixsas: bets 20
Mahu2021: folds 
Pursey77: folds 
Uncalled bet (20) returned to nubixsas
nubixsas collected 120 from pot
*** SUMMARY ***
Total pot 120 | Rake 0 
Board [Th 6c Tc]
Seat 1: Pursey77 (big blind) folded on the Flop
Seat 2: nubixsas (button) collected (120)
Seat 3: Mahu2021 (small blind) folded on the Flop



PokerStars Hand #249871361823: Tournament #3739393117, $1.84+$0.16 USD Hold'em No Limit - Level I (10/20) - 2024/04/08 22:26:17 CET [2024/04/08 16:26:17 ET]
Table '3739393117 1' 3-max Seat #3 is the button
Seat 1: Pursey77 (400 in chips) 
Seat 2: nubixsas (570 in chips) 
Seat 3: Mahu2021 (530 in chips) 
Pursey77: posts small blind 10
nubixsas: posts big blind 20
*** HOLE CARDS ***
Dealt to Mahu2021 [6s 7c]
Mahu2021: calls 20
Pursey77: calls 10
nubixsas: checks 
*** FLOP *** [Ks Js 5d]
Pursey77: checks 
nubixsas: checks 
Mahu2021: checks 
*** TURN *** [Ks Js 5d] [Td]
Pursey77: bets 100
nubixsas: folds 
Mahu2021: folds 
Uncalled bet (100) returned to Pursey77
Pursey77 collected 60 from pot
Pursey77: doesn't show hand 
*** SUMMARY ***
Total pot 60 | Rake 0 
Board [Ks Js 5d Td]
Seat 1: Pursey77 (small blind) collected (60)
Seat 2: nubixsas (big blind) folded on the Turn
Seat 3: Mahu2021 (button) folded on the Turn



PokerStars Hand #249871377002: Tournament #3739393117, $1.84+$0.16 USD Hold'em No Limit - Level I (10/20) - 2024/04/08 22:26:56 CET [2024/04/08 16:26:56 ET]
Table '3739393117 1' 3-max Seat #1 is the button
Seat 1: Pursey77 (440 in chips) 
Seat 2: nubixsas (550 in chips) 
Seat 3: Mahu2021 (510 in chips) 
nubixsas: posts small blind 10
Mahu2021: posts big blind 20
*** HOLE CARDS ***
Dealt to Mahu2021 [8d 3s]
Pursey77: calls 20
nubixsas: folds 
Mahu2021: checks 
*** FLOP *** [6s Ac 3d]
Mahu2021: checks 
Pursey77: checks 
*** TURN *** [6s Ac 3d] [2s]
Mahu2021: bets 40
Pursey77: calls 40
*** RIVER *** [6s Ac 3d 2s] [8s]
Mahu2021: bets 130
Pursey77: calls 130
*** SHOW DOWN ***
Mahu2021: shows [8d 3s] (two pair, Eights and Threes)
Pursey77: mucks hand 
Mahu2021 collected 390 from pot
*** SUMMARY ***
Total pot 390 | Rake 0 
Board [6s Ac 3d 2s 8s]
Seat 1: Pursey77 (button) mucked [As 5d]
Seat 2: nubixsas (small blind) folded before Flop
Seat 3: Mahu2021 (big blind) showed [8d 3s] and won (390) with two pair, Eights and Threes



PokerStars Hand #249871387870: Tournament #3739393117, $1.84+$0.16 USD Hold'em No Limit - Level I (10/20) - 2024/04/08 22:27:23 CET [2024/04/08 16:27:23 ET]
Table '3739393117 1' 3-max Seat #2 is the button
Seat 1: Pursey77 (250 in chips) 
Seat 2: nubixsas (540 in chips) 
Seat 3: Mahu2021 (710 in chips) 
Mahu2021: posts small blind 10
Pursey77: posts big blind 20
*** HOLE CARDS ***
Dealt to Mahu2021 [2d Kd]
nubixsas: folds 
Mahu2021: calls 10
Pursey77: checks 
*** FLOP *** [9d Ts Jd]
Mahu2021: checks 
Pursey77: checks 
*** TURN *** [9d Ts Jd] [3s]
Mahu2021: bets 40
Pursey77: folds 
Uncalled bet (40) returned to Mahu2021
Mahu2021 collected 40 from pot
Mahu2021: doesn't show hand 
*** SUMMARY ***
Total pot 40 | Rake 0 
Board [9d Ts Jd 3s]
Seat 1: Pursey77 (big blind) folded on the Turn
Seat 2: nubixsas (button) folded before Flop (didn't bet)
Seat 3: Mahu2021 (small blind) collected (40)



PokerStars Hand #249871395681: Tournament #3739393117, $1.84+$0.16 USD Hold'em No Limit - Level I (10/20) - 2024/04/08 22:27:44 CET [2024/04/08 16:27:44 ET]
Table '3739393117 1' 3-max Seat #3 is the button
Seat 1: Pursey77 (230 in chips) 
Seat 2: nubixsas (540 in chips) 
Seat 3: Mahu2021 (730 in chips) 
Pursey77: posts small blind 10
nubixsas: posts big blind 20
*** HOLE CARDS ***
Dealt to Mahu2021 [5d Th]
Mahu2021: folds 
Pursey77: raises 20 to 40
nubixsas: calls 20
*** FLOP *** [2h Js Qh]
Pursey77: bets 120
nubixsas: raises 380 to 500 and is all-in
Pursey77: calls 70 and is all-in
Uncalled bet (310) returned to nubixsas
*** TURN *** [2h Js Qh] [2s]
*** RIVER *** [2h Js Qh 2s] [7d]
*** SHOW DOWN ***
Pursey77: shows [6h As] (a pair of Deuces)
nubixsas: shows [Jc Kh] (two pair, Jacks and Deuces)
nubixsas collected 460 from pot
Pursey77 finished the tournament in 3rd place
*** SUMMARY ***
Total pot 460 | Rake 0 
Board [2h Js Qh 2s 7d]
Seat 1: Pursey77 (small blind) showed [6h As] and lost with a pair of Deuces
Seat 2: nubixsas (big blind) showed [Jc Kh] and won (460) with two pair, Jacks and Deuces
Seat 3: Mahu2021 (button) folded before Flop (didn't bet)



PokerStars Hand #249871407500: Tournament #3739393117, $1.84+$0.16 USD Hold'em No Limit - Level I (10/20) - 2024/04/08 22:28:14 CET [2024/04/08 16:28:14 ET]
Table '3739393117 1' 3-max Seat #2 is the button
Seat 2: nubixsas (770 in chips) 
Seat 3: Mahu2021 (730 in chips) 
nubixsas: posts small blind 10
Mahu2021: posts big blind 20
*** HOLE CARDS ***
Dealt to Mahu2021 [Qh Kc]
nubixsas: raises 20 to 40
Mahu2021: calls 20
*** FLOP *** [Th Js 5h]
Mahu2021: checks 
nubixsas: bets 40
Mahu2021: calls 40
*** TURN *** [Th Js 5h] [Td]
Mahu2021: checks 
nubixsas: bets 80
Mahu2021: calls 80
*** RIVER *** [Th Js 5h Td] [3c]
Mahu2021: checks 
nubixsas: bets 160
Mahu2021: folds 
Uncalled bet (160) returned to nubixsas
nubixsas collected 320 from pot
*** SUMMARY ***
Total pot 320 | Rake 0 
Board [Th Js 5h Td 3c]
Seat 2: nubixsas (button) (small blind) collected (320)
Seat 3: Mahu2021 (big blind) folded on the River



PokerStars Hand #249871418200: Tournament #3739393117, $1.84+$0.16 USD Hold'em No Limit - Level II (15/30) - 2024/04/08 22:28:42 CET [2024/04/08 16:28:42 ET]
Table '3739393117 1' 3-max Seat #3 is the button
Seat 2: nubixsas (930 in chips) 
Seat 3: Mahu2021 (570 in chips) 
Mahu2021: posts small blind 15
nubixsas: posts big blind 30
*** HOLE CARDS ***
Dealt to Mahu2021 [Jh Td]
Mahu2021: raises 30 to 60
nubixsas: raises 870 to 930 and is all-in
Mahu2021: folds 
Uncalled bet (870) returned to nubixsas
nubixsas collected 120 from pot
*** SUMMARY ***
Total pot 120 | Rake 0 
Seat 2: nubixsas (big blind) collected (120)
Seat 3: Mahu2021 (button) (small blind) folded before Flop



PokerStars Hand #249871421060: Tournament #3739393117, $1.84+$0.16 USD Hold'em No Limit - Level II (15/30) - 2024/04/08 22:28:50 CET [2024/04/08 16:28:50 ET]
Table '3739393117 1' 3-max Seat #2 is the button
Seat 2: nubixsas (990 in chips) 
Seat 3: Mahu2021 (510 in chips) 
nubixsas: posts small blind 15
Mahu2021: posts big blind 30
*** HOLE CARDS ***
Dealt to Mahu2021 [Kd 7s]
nubixsas: calls 15
Mahu2021: checks 
*** FLOP *** [8d Td 4c]
Mahu2021: checks 
nubixsas: bets 60
Mahu2021: calls 60
*** TURN *** [8d Td 4c] [4s]
Mahu2021: checks 
nubixsas: bets 60
Mahu2021: calls 60
*** RIVER *** [8d Td 4c 4s] [9h]
Mahu2021: bets 360 and is all-in
nubixsas: calls 360
*** SHOW DOWN ***
Mahu2021: shows [Kd 7s] (a pair of Fours)
nubixsas: shows [As Th] (two pair, Tens and Fours)
nubixsas collected 1020 from pot
Mahu2021 finished the tournament in 2nd place
nubixsas wins the tournament and receives $8.00 - congratulations!
*** SUMMARY ***
Total pot 1020 | Rake 0 
Board [8d Td 4c 4s 9h]
Seat 2: nubixsas (button) (small blind) showed [As Th] and won (1020) with two pair, Tens and Fours
Seat 3: Mahu2021 (big blind) showed [Kd 7s] and lost with a pair of Fours



