PokerStars Hand #243233473036: Tournament #3580774998, $0.92+$0.08 USD Hold'em No Limit - Level I (10/20) - 2023/04/21 22:02:59 CET [2023/04/21 16:02:59 ET]
Table '3580774998 1' 3-max Seat #1 is the button
Seat 1: zupzupan (500 in chips) 
Seat 2: Mahu2021 (500 in chips) 
Seat 3: fschlager (500 in chips) 
Mahu2021: posts small blind 10
fschlager: posts big blind 20
*** HOLE CARDS ***
Dealt to Mahu2021 [5s Jd]
zupzupan: calls 20
Mahu2021: folds 
fschlager: checks 
*** FLOP *** [3h 9s 3c]
fschlager: checks 
zupzupan: bets 20
fschlager: folds 
Uncalled bet (20) returned to zupzupan
zupzupan collected 50 from pot
*** SUMMARY ***
Total pot 50 | Rake 0 
Board [3h 9s 3c]
Seat 1: zupzupan (button) collected (50)
Seat 2: Mahu2021 (small blind) folded before Flop
Seat 3: fschlager (big blind) folded on the Flop



PokerStars Hand #243233479047: Tournament #3580774998, $0.92+$0.08 USD Hold'em No Limit - Level I (10/20) - 2023/04/21 22:03:15 CET [2023/04/21 16:03:15 ET]
Table '3580774998 1' 3-max Seat #2 is the button
Seat 1: zupzupan (530 in chips) 
Seat 2: Mahu2021 (490 in chips) 
Seat 3: fschlager (480 in chips) 
fschlager: posts small blind 10
zupzupan: posts big blind 20
*** HOLE CARDS ***
Dealt to Mahu2021 [8s Jh]
Mahu2021: folds 
fschlager: calls 10
zupzupan: raises 20 to 40
fschlager: calls 20
*** FLOP *** [Td 9h 2s]
fschlager: checks 
zupzupan: bets 20
fschlager: folds 
Uncalled bet (20) returned to zupzupan
zupzupan collected 80 from pot
*** SUMMARY ***
Total pot 80 | Rake 0 
Board [Td 9h 2s]
Seat 1: zupzupan (big blind) collected (80)
Seat 2: Mahu2021 (button) folded before Flop (didn't bet)
Seat 3: fschlager (small blind) folded on the Flop



PokerStars Hand #243233485686: Tournament #3580774998, $0.92+$0.08 USD Hold'em No Limit - Level I (10/20) - 2023/04/21 22:03:31 CET [2023/04/21 16:03:31 ET]
Table '3580774998 1' 3-max Seat #3 is the button
Seat 1: zupzupan (570 in chips) 
Seat 2: Mahu2021 (490 in chips) 
Seat 3: fschlager (440 in chips) 
zupzupan: posts small blind 10
Mahu2021: posts big blind 20
*** HOLE CARDS ***
Dealt to Mahu2021 [2s 3d]
fschlager: raises 20 to 40
zupzupan: raises 20 to 60
Mahu2021: folds 
fschlager: calls 20
*** FLOP *** [9d 2d Qs]
zupzupan: bets 20
fschlager: raises 40 to 60
zupzupan: calls 40
*** TURN *** [9d 2d Qs] [Ad]
zupzupan: checks 
fschlager: bets 60
zupzupan: calls 60
*** RIVER *** [9d 2d Qs Ad] [Kh]
zupzupan: checks 
fschlager: bets 100
zupzupan: folds 
Uncalled bet (100) returned to fschlager
fschlager collected 380 from pot
*** SUMMARY ***
Total pot 380 | Rake 0 
Board [9d 2d Qs Ad Kh]
Seat 1: zupzupan (small blind) folded on the River
Seat 2: Mahu2021 (big blind) folded before Flop
Seat 3: fschlager (button) collected (380)



PokerStars Hand #243233499381: Tournament #3580774998, $0.92+$0.08 USD Hold'em No Limit - Level I (10/20) - 2023/04/21 22:04:05 CET [2023/04/21 16:04:05 ET]
Table '3580774998 1' 3-max Seat #1 is the button
Seat 1: zupzupan (390 in chips) 
Seat 2: Mahu2021 (470 in chips) 
Seat 3: fschlager (640 in chips) 
Mahu2021: posts small blind 10
fschlager: posts big blind 20
*** HOLE CARDS ***
Dealt to Mahu2021 [Ts 4h]
zupzupan: raises 20 to 40
Mahu2021: folds 
fschlager: folds 
Uncalled bet (20) returned to zupzupan
zupzupan collected 50 from pot
*** SUMMARY ***
Total pot 50 | Rake 0 
Seat 1: zupzupan (button) collected (50)
Seat 2: Mahu2021 (small blind) folded before Flop
Seat 3: fschlager (big blind) folded before Flop



PokerStars Hand #243233501985: Tournament #3580774998, $0.92+$0.08 USD Hold'em No Limit - Level I (10/20) - 2023/04/21 22:04:11 CET [2023/04/21 16:04:11 ET]
Table '3580774998 1' 3-max Seat #2 is the button
Seat 1: zupzupan (420 in chips) 
Seat 2: Mahu2021 (460 in chips) 
Seat 3: fschlager (620 in chips) 
fschlager: posts small blind 10
zupzupan: posts big blind 20
*** HOLE CARDS ***
Dealt to Mahu2021 [3s 9d]
Mahu2021: folds 
fschlager: calls 10
zupzupan: checks 
*** FLOP *** [5c 7s 6h]
fschlager: checks 
zupzupan: bets 20
fschlager: calls 20
*** TURN *** [5c 7s 6h] [9h]
fschlager: checks 
zupzupan: checks 
*** RIVER *** [5c 7s 6h 9h] [Qh]
fschlager: bets 80
zupzupan: calls 80
*** SHOW DOWN ***
fschlager: shows [4c Js] (high card Queen)
zupzupan: shows [Tc 5s] (a pair of Fives)
zupzupan collected 240 from pot
*** SUMMARY ***
Total pot 240 | Rake 0 
Board [5c 7s 6h 9h Qh]
Seat 1: zupzupan (big blind) showed [Tc 5s] and won (240) with a pair of Fives
Seat 2: Mahu2021 (button) folded before Flop (didn't bet)
Seat 3: fschlager (small blind) showed [4c Js] and lost with high card Queen



PokerStars Hand #243233511606: Tournament #3580774998, $0.92+$0.08 USD Hold'em No Limit - Level I (10/20) - 2023/04/21 22:04:35 CET [2023/04/21 16:04:35 ET]
Table '3580774998 1' 3-max Seat #3 is the button
Seat 1: zupzupan (540 in chips) 
Seat 2: Mahu2021 (460 in chips) 
Seat 3: fschlager (500 in chips) 
zupzupan: posts small blind 10
Mahu2021: posts big blind 20
*** HOLE CARDS ***
Dealt to Mahu2021 [6s 3s]
fschlager: raises 20 to 40
zupzupan: calls 30
Mahu2021: calls 20
*** FLOP *** [7c 9c Qs]
zupzupan: checks 
Mahu2021: checks 
fschlager: bets 60
zupzupan: calls 60
Mahu2021: folds 
*** TURN *** [7c 9c Qs] [4c]
zupzupan: checks 
fschlager: bets 100
zupzupan: folds 
Uncalled bet (100) returned to fschlager
fschlager collected 240 from pot
*** SUMMARY ***
Total pot 240 | Rake 0 
Board [7c 9c Qs 4c]
Seat 1: zupzupan (small blind) folded on the Turn
Seat 2: Mahu2021 (big blind) folded on the Flop
Seat 3: fschlager (button) collected (240)



PokerStars Hand #243233525457: Tournament #3580774998, $0.92+$0.08 USD Hold'em No Limit - Level II (15/30) - 2023/04/21 22:05:09 CET [2023/04/21 16:05:09 ET]
Table '3580774998 1' 3-max Seat #1 is the button
Seat 1: zupzupan (440 in chips) 
Seat 2: Mahu2021 (420 in chips) 
Seat 3: fschlager (640 in chips) 
Mahu2021: posts small blind 15
fschlager: posts big blind 30
*** HOLE CARDS ***
Dealt to Mahu2021 [8d 4h]
zupzupan: raises 30 to 60
Mahu2021: folds 
fschlager: calls 30
*** FLOP *** [Qd Ac As]
fschlager: checks 
zupzupan: checks 
*** TURN *** [Qd Ac As] [Jc]
fschlager: checks 
zupzupan: checks 
*** RIVER *** [Qd Ac As Jc] [9c]
fschlager: bets 98
zupzupan: raises 98 to 196
fschlager: calls 98
*** SHOW DOWN ***
zupzupan: shows [Kc 8c] (a flush, Ace high)
fschlager: mucks hand 
zupzupan collected 527 from pot
*** SUMMARY ***
Total pot 527 | Rake 0 
Board [Qd Ac As Jc 9c]
Seat 1: zupzupan (button) showed [Kc 8c] and won (527) with a flush, Ace high
Seat 2: Mahu2021 (small blind) folded before Flop
Seat 3: fschlager (big blind) mucked [8h Tc]



PokerStars Hand #243233535629: Tournament #3580774998, $0.92+$0.08 USD Hold'em No Limit - Level II (15/30) - 2023/04/21 22:05:34 CET [2023/04/21 16:05:34 ET]
Table '3580774998 1' 3-max Seat #2 is the button
Seat 1: zupzupan (711 in chips) 
Seat 2: Mahu2021 (405 in chips) 
Seat 3: fschlager (384 in chips) 
fschlager: posts small blind 15
zupzupan: posts big blind 30
*** HOLE CARDS ***
Dealt to Mahu2021 [3s 3d]
Mahu2021: raises 60 to 90
fschlager: folds 
zupzupan: calls 60
*** FLOP *** [2d Kc 4d]
zupzupan: checks 
Mahu2021: bets 315 and is all-in
zupzupan: folds 
Uncalled bet (315) returned to Mahu2021
Mahu2021 collected 195 from pot
Mahu2021: doesn't show hand 
*** SUMMARY ***
Total pot 195 | Rake 0 
Board [2d Kc 4d]
Seat 1: zupzupan (big blind) folded on the Flop
Seat 2: Mahu2021 (button) collected (195)
Seat 3: fschlager (small blind) folded before Flop



PokerStars Hand #243233542524: Tournament #3580774998, $0.92+$0.08 USD Hold'em No Limit - Level II (15/30) - 2023/04/21 22:05:50 CET [2023/04/21 16:05:50 ET]
Table '3580774998 1' 3-max Seat #3 is the button
Seat 1: zupzupan (621 in chips) 
Seat 2: Mahu2021 (510 in chips) 
Seat 3: fschlager (369 in chips) 
zupzupan: posts small blind 15
Mahu2021: posts big blind 30
*** HOLE CARDS ***
Dealt to Mahu2021 [2s 7h]
fschlager: folds 
zupzupan: raises 30 to 60
Mahu2021: folds 
Uncalled bet (30) returned to zupzupan
zupzupan collected 60 from pot
*** SUMMARY ***
Total pot 60 | Rake 0 
Seat 1: zupzupan (small blind) collected (60)
Seat 2: Mahu2021 (big blind) folded before Flop
Seat 3: fschlager (button) folded before Flop (didn't bet)



PokerStars Hand #243233545383: Tournament #3580774998, $0.92+$0.08 USD Hold'em No Limit - Level II (15/30) - 2023/04/21 22:05:57 CET [2023/04/21 16:05:57 ET]
Table '3580774998 1' 3-max Seat #1 is the button
Seat 1: zupzupan (651 in chips) 
Seat 2: Mahu2021 (480 in chips) 
Seat 3: fschlager (369 in chips) 
Mahu2021: posts small blind 15
fschlager: posts big blind 30
*** HOLE CARDS ***
Dealt to Mahu2021 [Qh 9d]
zupzupan: calls 30
Mahu2021: calls 15
fschlager: checks 
*** FLOP *** [9s Jc 3h]
Mahu2021: checks 
fschlager: bets 30
zupzupan: calls 30
Mahu2021: calls 30
*** TURN *** [9s Jc 3h] [Ts]
Mahu2021: checks 
fschlager: checks 
zupzupan: checks 
*** RIVER *** [9s Jc 3h Ts] [8c]
Mahu2021: bets 180
fschlager: folds 
zupzupan: calls 180
*** SHOW DOWN ***
Mahu2021: shows [Qh 9d] (a straight, Eight to Queen)
zupzupan: mucks hand 
Mahu2021 collected 540 from pot
*** SUMMARY ***
Total pot 540 | Rake 0 
Board [9s Jc 3h Ts 8c]
Seat 1: zupzupan (button) mucked [Th Ah]
Seat 2: Mahu2021 (small blind) showed [Qh 9d] and won (540) with a straight, Eight to Queen
Seat 3: fschlager (big blind) folded on the River



PokerStars Hand #243233555737: Tournament #3580774998, $0.92+$0.08 USD Hold'em No Limit - Level II (15/30) - 2023/04/21 22:06:22 CET [2023/04/21 16:06:22 ET]
Table '3580774998 1' 3-max Seat #2 is the button
Seat 1: zupzupan (411 in chips) 
Seat 2: Mahu2021 (780 in chips) 
Seat 3: fschlager (309 in chips) 
fschlager: posts small blind 15
zupzupan: posts big blind 30
*** HOLE CARDS ***
Dealt to Mahu2021 [7d 9h]
Mahu2021: folds 
fschlager: raises 279 to 309 and is all-in
zupzupan: calls 279
*** FLOP *** [Tc 7c 4d]
*** TURN *** [Tc 7c 4d] [9d]
*** RIVER *** [Tc 7c 4d 9d] [2d]
*** SHOW DOWN ***
fschlager: shows [4c 4h] (three of a kind, Fours)
zupzupan: shows [Kh Ac] (high card Ace)
fschlager collected 618 from pot
*** SUMMARY ***
Total pot 618 | Rake 0 
Board [Tc 7c 4d 9d 2d]
Seat 1: zupzupan (big blind) showed [Kh Ac] and lost with high card Ace
Seat 2: Mahu2021 (button) folded before Flop (didn't bet)
Seat 3: fschlager (small blind) showed [4c 4h] and won (618) with three of a kind, Fours



PokerStars Hand #243233562159: Tournament #3580774998, $0.92+$0.08 USD Hold'em No Limit - Level II (15/30) - 2023/04/21 22:06:38 CET [2023/04/21 16:06:38 ET]
Table '3580774998 1' 3-max Seat #3 is the button
Seat 1: zupzupan (102 in chips) 
Seat 2: Mahu2021 (780 in chips) 
Seat 3: fschlager (618 in chips) 
zupzupan: posts small blind 15
Mahu2021: posts big blind 30
*** HOLE CARDS ***
Dealt to Mahu2021 [6s Td]
fschlager: calls 30
zupzupan: raises 30 to 60
Mahu2021: folds 
fschlager: calls 30
*** FLOP *** [4s Ts Tc]
zupzupan: checks 
fschlager: checks 
*** TURN *** [4s Ts Tc] [As]
zupzupan: bets 30
fschlager: calls 30
*** RIVER *** [4s Ts Tc As] [Jc]
zupzupan: checks 
fschlager: bets 30
zupzupan: calls 12 and is all-in
Uncalled bet (18) returned to fschlager
*** SHOW DOWN ***
fschlager: shows [Js 7h] (two pair, Jacks and Tens)
zupzupan: shows [6c Ac] (two pair, Aces and Tens)
zupzupan collected 234 from pot
*** SUMMARY ***
Total pot 234 | Rake 0 
Board [4s Ts Tc As Jc]
Seat 1: zupzupan (small blind) showed [6c Ac] and won (234) with two pair, Aces and Tens
Seat 2: Mahu2021 (big blind) folded before Flop
Seat 3: fschlager (button) showed [Js 7h] and lost with two pair, Jacks and Tens



PokerStars Hand #243233578976: Tournament #3580774998, $0.92+$0.08 USD Hold'em No Limit - Level III (20/40) - 2023/04/21 22:07:19 CET [2023/04/21 16:07:19 ET]
Table '3580774998 1' 3-max Seat #1 is the button
Seat 1: zupzupan (234 in chips) 
Seat 2: Mahu2021 (750 in chips) 
Seat 3: fschlager (516 in chips) 
Mahu2021: posts small blind 20
fschlager: posts big blind 40
*** HOLE CARDS ***
Dealt to Mahu2021 [8s Tc]
zupzupan: calls 40
Mahu2021: calls 20
fschlager: checks 
*** FLOP *** [8d 4c Ah]
Mahu2021: checks 
fschlager: checks 
zupzupan: checks 
*** TURN *** [8d 4c Ah] [9d]
Mahu2021: checks 
fschlager: bets 40
zupzupan: calls 40
Mahu2021: calls 40
*** RIVER *** [8d 4c Ah 9d] [Qh]
Mahu2021: checks 
fschlager: checks 
zupzupan: checks 
*** SHOW DOWN ***
Mahu2021: shows [8s Tc] (a pair of Eights)
fschlager: shows [9h Kc] (a pair of Nines)
zupzupan: shows [Ac 6s] (a pair of Aces)
zupzupan collected 240 from pot
*** SUMMARY ***
Total pot 240 | Rake 0 
Board [8d 4c Ah 9d Qh]
Seat 1: zupzupan (button) showed [Ac 6s] and won (240) with a pair of Aces
Seat 2: Mahu2021 (small blind) showed [8s Tc] and lost with a pair of Eights
Seat 3: fschlager (big blind) showed [9h Kc] and lost with a pair of Nines



PokerStars Hand #243233589457: Tournament #3580774998, $0.92+$0.08 USD Hold'em No Limit - Level III (20/40) - 2023/04/21 22:07:45 CET [2023/04/21 16:07:45 ET]
Table '3580774998 1' 3-max Seat #2 is the button
Seat 1: zupzupan (394 in chips) 
Seat 2: Mahu2021 (670 in chips) 
Seat 3: fschlager (436 in chips) 
fschlager: posts small blind 20
zupzupan: posts big blind 40
*** HOLE CARDS ***
Dealt to Mahu2021 [5d 2d]
Mahu2021: folds 
fschlager: calls 20
zupzupan: raises 40 to 80
fschlager: calls 40
*** FLOP *** [5h Kh Ah]
fschlager: checks 
zupzupan: bets 314 and is all-in
fschlager: calls 314
*** TURN *** [5h Kh Ah] [3s]
*** RIVER *** [5h Kh Ah 3s] [Td]
*** SHOW DOWN ***
fschlager: shows [3d As] (two pair, Aces and Threes)
zupzupan: shows [9d 9c] (a pair of Nines)
fschlager collected 788 from pot
zupzupan finished the tournament in 3rd place
*** SUMMARY ***
Total pot 788 | Rake 0 
Board [5h Kh Ah 3s Td]
Seat 1: zupzupan (big blind) showed [9d 9c] and lost with a pair of Nines
Seat 2: Mahu2021 (button) folded before Flop (didn't bet)
Seat 3: fschlager (small blind) showed [3d As] and won (788) with two pair, Aces and Threes



PokerStars Hand #243233599138: Tournament #3580774998, $0.92+$0.08 USD Hold'em No Limit - Level III (20/40) - 2023/04/21 22:08:08 CET [2023/04/21 16:08:08 ET]
Table '3580774998 1' 3-max Seat #3 is the button
Seat 2: Mahu2021 (670 in chips) 
Seat 3: fschlager (830 in chips) 
fschlager: posts small blind 20
Mahu2021: posts big blind 40
*** HOLE CARDS ***
Dealt to Mahu2021 [Qh 2h]
fschlager: calls 20
Mahu2021: checks 
*** FLOP *** [7d Qc Ks]
Mahu2021: checks 
fschlager: bets 40
Mahu2021: calls 40
*** TURN *** [7d Qc Ks] [6c]
Mahu2021: checks 
fschlager: bets 40
Mahu2021: calls 40
*** RIVER *** [7d Qc Ks 6c] [As]
Mahu2021: checks 
fschlager: checks 
*** SHOW DOWN ***
Mahu2021: shows [Qh 2h] (a pair of Queens)
fschlager: mucks hand 
Mahu2021 collected 240 from pot
*** SUMMARY ***
Total pot 240 | Rake 0 
Board [7d Qc Ks 6c As]
Seat 2: Mahu2021 (big blind) showed [Qh 2h] and won (240) with a pair of Queens
Seat 3: fschlager (button) (small blind) mucked [5c 6s]



PokerStars Hand #243233609495: Tournament #3580774998, $0.92+$0.08 USD Hold'em No Limit - Level III (20/40) - 2023/04/21 22:08:34 CET [2023/04/21 16:08:34 ET]
Table '3580774998 1' 3-max Seat #2 is the button
Seat 2: Mahu2021 (790 in chips) 
Seat 3: fschlager (710 in chips) 
Mahu2021: posts small blind 20
fschlager: posts big blind 40
*** HOLE CARDS ***
Dealt to Mahu2021 [4c Kh]
Mahu2021: calls 20
fschlager: checks 
*** FLOP *** [Jc Ah Kd]
fschlager: checks 
Mahu2021: bets 80
fschlager: folds 
Uncalled bet (80) returned to Mahu2021
Mahu2021 collected 80 from pot
Mahu2021: doesn't show hand 
*** SUMMARY ***
Total pot 80 | Rake 0 
Board [Jc Ah Kd]
Seat 2: Mahu2021 (button) (small blind) collected (80)
Seat 3: fschlager (big blind) folded on the Flop



PokerStars Hand #243233614682: Tournament #3580774998, $0.92+$0.08 USD Hold'em No Limit - Level III (20/40) - 2023/04/21 22:08:46 CET [2023/04/21 16:08:46 ET]
Table '3580774998 1' 3-max Seat #3 is the button
Seat 2: Mahu2021 (830 in chips) 
Seat 3: fschlager (670 in chips) 
fschlager: posts small blind 20
Mahu2021: posts big blind 40
*** HOLE CARDS ***
Dealt to Mahu2021 [Kc Qd]
fschlager: folds 
Uncalled bet (20) returned to Mahu2021
Mahu2021 collected 40 from pot
Mahu2021: doesn't show hand 
*** SUMMARY ***
Total pot 40 | Rake 0 
Seat 2: Mahu2021 (big blind) collected (40)
Seat 3: fschlager (button) (small blind) folded before Flop



PokerStars Hand #243233617235: Tournament #3580774998, $0.92+$0.08 USD Hold'em No Limit - Level III (20/40) - 2023/04/21 22:08:53 CET [2023/04/21 16:08:53 ET]
Table '3580774998 1' 3-max Seat #2 is the button
Seat 2: Mahu2021 (850 in chips) 
Seat 3: fschlager (650 in chips) 
Mahu2021: posts small blind 20
fschlager: posts big blind 40
*** HOLE CARDS ***
Dealt to Mahu2021 [6c Js]
Mahu2021: calls 20
fschlager: raises 40 to 80
Mahu2021: calls 40
*** FLOP *** [Ac 9c Qh]
fschlager: bets 80
Mahu2021: folds 
Uncalled bet (80) returned to fschlager
fschlager collected 160 from pot
*** SUMMARY ***
Total pot 160 | Rake 0 
Board [Ac 9c Qh]
Seat 2: Mahu2021 (button) (small blind) folded on the Flop
Seat 3: fschlager (big blind) collected (160)



PokerStars Hand #243233622826: Tournament #3580774998, $0.92+$0.08 USD Hold'em No Limit - Level IV (30/60) - 2023/04/21 22:09:06 CET [2023/04/21 16:09:06 ET]
Table '3580774998 1' 3-max Seat #3 is the button
Seat 2: Mahu2021 (770 in chips) 
Seat 3: fschlager (730 in chips) 
fschlager: posts small blind 30
Mahu2021: posts big blind 60
*** HOLE CARDS ***
Dealt to Mahu2021 [4c 8c]
fschlager: folds 
Uncalled bet (30) returned to Mahu2021
Mahu2021 collected 60 from pot
Mahu2021: doesn't show hand 
*** SUMMARY ***
Total pot 60 | Rake 0 
Seat 2: Mahu2021 (big blind) collected (60)
Seat 3: fschlager (button) (small blind) folded before Flop



PokerStars Hand #243233624606: Tournament #3580774998, $0.92+$0.08 USD Hold'em No Limit - Level IV (30/60) - 2023/04/21 22:09:11 CET [2023/04/21 16:09:11 ET]
Table '3580774998 1' 3-max Seat #2 is the button
Seat 2: Mahu2021 (800 in chips) 
Seat 3: fschlager (700 in chips) 
Mahu2021: posts small blind 30
fschlager: posts big blind 60
*** HOLE CARDS ***
Dealt to Mahu2021 [8d Qh]
Mahu2021: calls 30
fschlager: checks 
*** FLOP *** [3h Jd 7d]
fschlager: checks 
Mahu2021: bets 120
fschlager: folds 
Uncalled bet (120) returned to Mahu2021
Mahu2021 collected 120 from pot
Mahu2021: doesn't show hand 
*** SUMMARY ***
Total pot 120 | Rake 0 
Board [3h Jd 7d]
Seat 2: Mahu2021 (button) (small blind) collected (120)
Seat 3: fschlager (big blind) folded on the Flop



PokerStars Hand #243233629651: Tournament #3580774998, $0.92+$0.08 USD Hold'em No Limit - Level IV (30/60) - 2023/04/21 22:09:23 CET [2023/04/21 16:09:23 ET]
Table '3580774998 1' 3-max Seat #3 is the button
Seat 2: Mahu2021 (860 in chips) 
Seat 3: fschlager (640 in chips) 
fschlager: posts small blind 30
Mahu2021: posts big blind 60
*** HOLE CARDS ***
Dealt to Mahu2021 [4c Kd]
fschlager: folds 
Uncalled bet (30) returned to Mahu2021
Mahu2021 collected 60 from pot
Mahu2021: doesn't show hand 
*** SUMMARY ***
Total pot 60 | Rake 0 
Seat 2: Mahu2021 (big blind) collected (60)
Seat 3: fschlager (button) (small blind) folded before Flop



PokerStars Hand #243233631553: Tournament #3580774998, $0.92+$0.08 USD Hold'em No Limit - Level IV (30/60) - 2023/04/21 22:09:28 CET [2023/04/21 16:09:28 ET]
Table '3580774998 1' 3-max Seat #2 is the button
Seat 2: Mahu2021 (890 in chips) 
Seat 3: fschlager (610 in chips) 
Mahu2021: posts small blind 30
fschlager: posts big blind 60
*** HOLE CARDS ***
Dealt to Mahu2021 [Qs 4d]
Mahu2021: calls 30
fschlager: raises 550 to 610 and is all-in
Mahu2021: folds 
Uncalled bet (550) returned to fschlager
fschlager collected 120 from pot
*** SUMMARY ***
Total pot 120 | Rake 0 
Seat 2: Mahu2021 (button) (small blind) folded before Flop
Seat 3: fschlager (big blind) collected (120)



PokerStars Hand #243233635328: Tournament #3580774998, $0.92+$0.08 USD Hold'em No Limit - Level IV (30/60) - 2023/04/21 22:09:37 CET [2023/04/21 16:09:37 ET]
Table '3580774998 1' 3-max Seat #3 is the button
Seat 2: Mahu2021 (830 in chips) 
Seat 3: fschlager (670 in chips) 
fschlager: posts small blind 30
Mahu2021: posts big blind 60
*** HOLE CARDS ***
Dealt to Mahu2021 [As 6c]
fschlager: folds 
Uncalled bet (30) returned to Mahu2021
Mahu2021 collected 60 from pot
Mahu2021: doesn't show hand 
*** SUMMARY ***
Total pot 60 | Rake 0 
Seat 2: Mahu2021 (big blind) collected (60)
Seat 3: fschlager (button) (small blind) folded before Flop



PokerStars Hand #243233637558: Tournament #3580774998, $0.92+$0.08 USD Hold'em No Limit - Level IV (30/60) - 2023/04/21 22:09:42 CET [2023/04/21 16:09:42 ET]
Table '3580774998 1' 3-max Seat #2 is the button
Seat 2: Mahu2021 (860 in chips) 
Seat 3: fschlager (640 in chips) 
Mahu2021: posts small blind 30
fschlager: posts big blind 60
*** HOLE CARDS ***
Dealt to Mahu2021 [Ac 7d]
Mahu2021: calls 30
fschlager: raises 580 to 640 and is all-in
Mahu2021: calls 580
*** FLOP *** [9d Qs Qd]
*** TURN *** [9d Qs Qd] [2s]
*** RIVER *** [9d Qs Qd 2s] [5d]
*** SHOW DOWN ***
fschlager: shows [Ah 7h] (a pair of Queens)
Mahu2021: shows [Ac 7d] (a pair of Queens)
fschlager collected 640 from pot
Mahu2021 collected 640 from pot
*** SUMMARY ***
Total pot 1280 | Rake 0 
Board [9d Qs Qd 2s 5d]
Seat 2: Mahu2021 (button) (small blind) showed [Ac 7d] and won (640) with a pair of Queens
Seat 3: fschlager (big blind) showed [Ah 7h] and won (640) with a pair of Queens



PokerStars Hand #243233646074: Tournament #3580774998, $0.92+$0.08 USD Hold'em No Limit - Level IV (30/60) - 2023/04/21 22:10:03 CET [2023/04/21 16:10:03 ET]
Table '3580774998 1' 3-max Seat #3 is the button
Seat 2: Mahu2021 (860 in chips) 
Seat 3: fschlager (640 in chips) 
fschlager: posts small blind 30
Mahu2021: posts big blind 60
*** HOLE CARDS ***
Dealt to Mahu2021 [Kc Qs]
fschlager: calls 30
Mahu2021: checks 
*** FLOP *** [2h 9d Ad]
Mahu2021: checks 
fschlager: bets 60
Mahu2021: calls 60
*** TURN *** [2h 9d Ad] [6c]
Mahu2021: checks 
fschlager: bets 520 and is all-in
Mahu2021: folds 
Uncalled bet (520) returned to fschlager
fschlager collected 240 from pot
*** SUMMARY ***
Total pot 240 | Rake 0 
Board [2h 9d Ad 6c]
Seat 2: Mahu2021 (big blind) folded on the Turn
Seat 3: fschlager (button) (small blind) collected (240)



PokerStars Hand #243233654401: Tournament #3580774998, $0.92+$0.08 USD Hold'em No Limit - Level IV (30/60) - 2023/04/21 22:10:24 CET [2023/04/21 16:10:24 ET]
Table '3580774998 1' 3-max Seat #2 is the button
Seat 2: Mahu2021 (740 in chips) 
Seat 3: fschlager (760 in chips) 
Mahu2021: posts small blind 30
fschlager: posts big blind 60
*** HOLE CARDS ***
Dealt to Mahu2021 [5c Jh]
Mahu2021: folds 
Uncalled bet (30) returned to fschlager
fschlager collected 60 from pot
*** SUMMARY ***
Total pot 60 | Rake 0 
Seat 2: Mahu2021 (button) (small blind) folded before Flop
Seat 3: fschlager (big blind) collected (60)



PokerStars Hand #243233656433: Tournament #3580774998, $0.92+$0.08 USD Hold'em No Limit - Level IV (30/60) - 2023/04/21 22:10:29 CET [2023/04/21 16:10:29 ET]
Table '3580774998 1' 3-max Seat #3 is the button
Seat 2: Mahu2021 (710 in chips) 
Seat 3: fschlager (790 in chips) 
fschlager: posts small blind 30
Mahu2021: posts big blind 60
*** HOLE CARDS ***
Dealt to Mahu2021 [Jc Kc]
fschlager: folds 
Uncalled bet (30) returned to Mahu2021
Mahu2021 collected 60 from pot
Mahu2021: doesn't show hand 
*** SUMMARY ***
Total pot 60 | Rake 0 
Seat 2: Mahu2021 (big blind) collected (60)
Seat 3: fschlager (button) (small blind) folded before Flop



PokerStars Hand #243233658102: Tournament #3580774998, $0.92+$0.08 USD Hold'em No Limit - Level IV (30/60) - 2023/04/21 22:10:33 CET [2023/04/21 16:10:33 ET]
Table '3580774998 1' 3-max Seat #2 is the button
Seat 2: Mahu2021 (740 in chips) 
Seat 3: fschlager (760 in chips) 
Mahu2021: posts small blind 30
fschlager: posts big blind 60
*** HOLE CARDS ***
Dealt to Mahu2021 [Ad 9d]
Mahu2021: raises 60 to 120
fschlager: raises 120 to 240
Mahu2021: raises 500 to 740 and is all-in
fschlager: calls 500
*** FLOP *** [Kd 6c 5d]
*** TURN *** [Kd 6c 5d] [Th]
*** RIVER *** [Kd 6c 5d Th] [5s]
*** SHOW DOWN ***
fschlager: shows [Qs Qh] (two pair, Queens and Fives)
Mahu2021: shows [Ad 9d] (a pair of Fives)
fschlager collected 1480 from pot
Mahu2021 finished the tournament in 2nd place
fschlager wins the tournament and receives $2.00 - congratulations!
*** SUMMARY ***
Total pot 1480 | Rake 0 
Board [Kd 6c 5d Th 5s]
Seat 2: Mahu2021 (button) (small blind) showed [Ad 9d] and lost with a pair of Fives
Seat 3: fschlager (big blind) showed [Qs Qh] and won (1480) with two pair, Queens and Fives



