PokerStars Hand #247028330077: Tournament #3671310013, $1.84+$0.16 USD Hold'em No Limit - Level I (10/20) - 2023/11/10 15:34:34 CET [2023/11/10 9:34:34 ET]
Table '3671310013 1' 3-max Seat #1 is the button
Seat 1: JJOKKAA (500 in chips) 
Seat 2: Mahu2021 (500 in chips) 
Seat 3: betofortinero (500 in chips) 
Mahu2021: posts small blind 10
betofortinero: posts big blind 20
*** HOLE CARDS ***
Dealt to Mahu2021 [8h 7c]
JJOKKAA: folds 
Mahu2021: calls 10
betofortinero: checks 
*** FLOP *** [7h 4s 5c]
Mahu2021: bets 20
betofortinero: folds 
Uncalled bet (20) returned to Mahu2021
Mahu2021 collected 40 from pot
Mahu2021: doesn't show hand 
*** SUMMARY ***
Total pot 40 | Rake 0 
Board [7h 4s 5c]
Seat 1: JJOKKAA (button) folded before Flop (didn't bet)
Seat 2: Mahu2021 (small blind) collected (40)
Seat 3: betofortinero (big blind) folded on the Flop



PokerStars Hand #247028334339: Tournament #3671310013, $1.84+$0.16 USD Hold'em No Limit - Level I (10/20) - 2023/11/10 15:34:53 CET [2023/11/10 9:34:53 ET]
Table '3671310013 1' 3-max Seat #2 is the button
Seat 1: JJOKKAA (500 in chips) 
Seat 2: Mahu2021 (520 in chips) 
Seat 3: betofortinero (480 in chips) 
betofortinero: posts small blind 10
JJOKKAA: posts big blind 20
*** HOLE CARDS ***
Dealt to Mahu2021 [Ac Jc]
Mahu2021: raises 20 to 40
betofortinero: raises 440 to 480 and is all-in
JJOKKAA: folds 
Mahu2021: folds 
Uncalled bet (440) returned to betofortinero
betofortinero collected 100 from pot
betofortinero: doesn't show hand 
*** SUMMARY ***
Total pot 100 | Rake 0 
Seat 1: JJOKKAA (big blind) folded before Flop
Seat 2: Mahu2021 (button) folded before Flop
Seat 3: betofortinero (small blind) collected (100)



PokerStars Hand #247028338159: Tournament #3671310013, $1.84+$0.16 USD Hold'em No Limit - Level I (10/20) - 2023/11/10 15:35:10 CET [2023/11/10 9:35:10 ET]
Table '3671310013 1' 3-max Seat #3 is the button
Seat 1: JJOKKAA (480 in chips) 
Seat 2: Mahu2021 (480 in chips) 
Seat 3: betofortinero (540 in chips) 
JJOKKAA: posts small blind 10
Mahu2021: posts big blind 20
*** HOLE CARDS ***
Dealt to Mahu2021 [4h 6d]
betofortinero: folds 
JJOKKAA: calls 10
Mahu2021: checks 
*** FLOP *** [Th Td 5h]
JJOKKAA: checks 
Mahu2021: checks 
*** TURN *** [Th Td 5h] [Ah]
JJOKKAA: bets 40
Mahu2021: folds 
Uncalled bet (40) returned to JJOKKAA
JJOKKAA collected 40 from pot
JJOKKAA: doesn't show hand 
*** SUMMARY ***
Total pot 40 | Rake 0 
Board [Th Td 5h Ah]
Seat 1: JJOKKAA (small blind) collected (40)
Seat 2: Mahu2021 (big blind) folded on the Turn
Seat 3: betofortinero (button) folded before Flop (didn't bet)



PokerStars Hand #247028341996: Tournament #3671310013, $1.84+$0.16 USD Hold'em No Limit - Level I (10/20) - 2023/11/10 15:35:27 CET [2023/11/10 9:35:27 ET]
Table '3671310013 1' 3-max Seat #1 is the button
Seat 1: JJOKKAA (500 in chips) 
Seat 2: Mahu2021 (460 in chips) 
Seat 3: betofortinero (540 in chips) 
Mahu2021: posts small blind 10
betofortinero: posts big blind 20
*** HOLE CARDS ***
Dealt to Mahu2021 [Ts Ah]
JJOKKAA: folds 
Mahu2021: raises 20 to 40
betofortinero: calls 20
*** FLOP *** [4c Js 5d]
Mahu2021: checks 
betofortinero: checks 
*** TURN *** [4c Js 5d] [2d]
Mahu2021: bets 40
betofortinero: folds 
Uncalled bet (40) returned to Mahu2021
Mahu2021 collected 80 from pot
Mahu2021: doesn't show hand 
*** SUMMARY ***
Total pot 80 | Rake 0 
Board [4c Js 5d 2d]
Seat 1: JJOKKAA (button) folded before Flop (didn't bet)
Seat 2: Mahu2021 (small blind) collected (80)
Seat 3: betofortinero (big blind) folded on the Turn



PokerStars Hand #247028353566: Tournament #3671310013, $1.84+$0.16 USD Hold'em No Limit - Level I (10/20) - 2023/11/10 15:36:18 CET [2023/11/10 9:36:18 ET]
Table '3671310013 1' 3-max Seat #2 is the button
Seat 1: JJOKKAA (500 in chips) 
Seat 2: Mahu2021 (500 in chips) 
Seat 3: betofortinero (500 in chips) 
betofortinero: posts small blind 10
JJOKKAA: posts big blind 20
*** HOLE CARDS ***
Dealt to Mahu2021 [Ah Td]
Mahu2021: calls 20
betofortinero: folds 
JJOKKAA: checks 
*** FLOP *** [3h 9s 2h]
JJOKKAA: checks 
Mahu2021: checks 
*** TURN *** [3h 9s 2h] [7h]
JJOKKAA: checks 
Mahu2021: bets 20
JJOKKAA: folds 
Uncalled bet (20) returned to Mahu2021
Mahu2021 collected 50 from pot
Mahu2021: doesn't show hand 
*** SUMMARY ***
Total pot 50 | Rake 0 
Board [3h 9s 2h 7h]
Seat 1: JJOKKAA (big blind) folded on the Turn
Seat 2: Mahu2021 (button) collected (50)
Seat 3: betofortinero (small blind) folded before Flop



PokerStars Hand #247028363868: Tournament #3671310013, $1.84+$0.16 USD Hold'em No Limit - Level II (15/30) - 2023/11/10 15:37:02 CET [2023/11/10 9:37:02 ET]
Table '3671310013 1' 3-max Seat #3 is the button
Seat 1: JJOKKAA (480 in chips) 
Seat 2: Mahu2021 (530 in chips) 
Seat 3: betofortinero (490 in chips) 
JJOKKAA: posts small blind 15
Mahu2021: posts big blind 30
*** HOLE CARDS ***
Dealt to Mahu2021 [9s 3c]
betofortinero: folds 
JJOKKAA: raises 30 to 60
Mahu2021: folds 
Uncalled bet (30) returned to JJOKKAA
JJOKKAA collected 60 from pot
JJOKKAA: doesn't show hand 
*** SUMMARY ***
Total pot 60 | Rake 0 
Seat 1: JJOKKAA (small blind) collected (60)
Seat 2: Mahu2021 (big blind) folded before Flop
Seat 3: betofortinero (button) folded before Flop (didn't bet)



PokerStars Hand #247028365643: Tournament #3671310013, $1.84+$0.16 USD Hold'em No Limit - Level II (15/30) - 2023/11/10 15:37:10 CET [2023/11/10 9:37:10 ET]
Table '3671310013 1' 3-max Seat #1 is the button
Seat 1: JJOKKAA (510 in chips) 
Seat 2: Mahu2021 (500 in chips) 
Seat 3: betofortinero (490 in chips) 
Mahu2021: posts small blind 15
betofortinero: posts big blind 30
*** HOLE CARDS ***
Dealt to Mahu2021 [Ks 3s]
JJOKKAA: raises 30 to 60
Mahu2021: calls 45
betofortinero: calls 30
*** FLOP *** [5c 8c 7s]
Mahu2021: checks 
betofortinero: checks 
JJOKKAA: bets 90
Mahu2021: folds 
betofortinero: calls 90
*** TURN *** [5c 8c 7s] [8d]
betofortinero: checks 
JJOKKAA: bets 360 and is all-in
betofortinero: folds 
Uncalled bet (360) returned to JJOKKAA
JJOKKAA collected 360 from pot
JJOKKAA: doesn't show hand 
*** SUMMARY ***
Total pot 360 | Rake 0 
Board [5c 8c 7s 8d]
Seat 1: JJOKKAA (button) collected (360)
Seat 2: Mahu2021 (small blind) folded on the Flop
Seat 3: betofortinero (big blind) folded on the Turn



PokerStars Hand #247028378269: Tournament #3671310013, $1.84+$0.16 USD Hold'em No Limit - Level II (15/30) - 2023/11/10 15:38:05 CET [2023/11/10 9:38:05 ET]
Table '3671310013 1' 3-max Seat #2 is the button
Seat 1: JJOKKAA (720 in chips) 
Seat 2: Mahu2021 (440 in chips) 
Seat 3: betofortinero (340 in chips) 
betofortinero: posts small blind 15
JJOKKAA: posts big blind 30
*** HOLE CARDS ***
Dealt to Mahu2021 [Td Kd]
Mahu2021: raises 30 to 60
betofortinero: calls 45
JJOKKAA: calls 30
*** FLOP *** [7c Ac As]
betofortinero: checks 
JJOKKAA: checks 
Mahu2021: bets 60
betofortinero: folds 
JJOKKAA: calls 60
*** TURN *** [7c Ac As] [8c]
JJOKKAA: bets 150
Mahu2021: raises 170 to 320 and is all-in
JJOKKAA: calls 170
*** RIVER *** [7c Ac As 8c] [Kh]
*** SHOW DOWN ***
JJOKKAA: shows [Qc 6c] (a flush, Ace high)
Mahu2021: shows [Td Kd] (two pair, Aces and Kings)
JJOKKAA collected 940 from pot
Mahu2021 finished the tournament in 3rd place
*** SUMMARY ***
Total pot 940 | Rake 0 
Board [7c Ac As 8c Kh]
Seat 1: JJOKKAA (big blind) showed [Qc 6c] and won (940) with a flush, Ace high
Seat 2: Mahu2021 (button) showed [Td Kd] and lost with two pair, Aces and Kings
Seat 3: betofortinero (small blind) folded on the Flop



