PokerStars Hand #251580636407: Tournament #3779971576, $1.84+$0.16 USD Hold'em No Limit - Level I (10/20) - 2024/07/20 18:15:01 CET [2024/07/20 12:15:01 ET]
Table '3779971576 1' 3-max Seat #1 is the button
Seat 1: Engeln00 (500 in chips) 
Seat 2: Mahu2021 (500 in chips) 
Seat 3: maafenix (500 in chips) 
Mahu2021: posts small blind 10
maafenix: posts big blind 20
*** HOLE CARDS ***
Dealt to Mahu2021 [8c 2d]
Engeln00: calls 20
Mahu2021: folds 
maafenix: checks 
*** FLOP *** [Ah 7s 5d]
maafenix: checks 
Engeln00: bets 20
maafenix: raises 60 to 80
Engeln00: raises 210 to 290
maafenix: folds 
Uncalled bet (210) returned to Engeln00
Engeln00 collected 210 from pot
*** SUMMARY ***
Total pot 210 | Rake 0 
Board [Ah 7s 5d]
Seat 1: Engeln00 (button) collected (210)
Seat 2: Mahu2021 (small blind) folded before Flop
Seat 3: maafenix (big blind) folded on the Flop



PokerStars Hand #251580642204: Tournament #3779971576, $1.84+$0.16 USD Hold'em No Limit - Level I (10/20) - 2024/07/20 18:15:25 CET [2024/07/20 12:15:25 ET]
Table '3779971576 1' 3-max Seat #2 is the button
Seat 1: Engeln00 (610 in chips) 
Seat 2: Mahu2021 (490 in chips) 
Seat 3: maafenix (400 in chips) 
maafenix: posts small blind 10
Engeln00: posts big blind 20
*** HOLE CARDS ***
Dealt to Mahu2021 [Ac Ah]
Mahu2021: raises 20 to 40
maafenix: folds 
Engeln00: calls 20
*** FLOP *** [6d Qc Tc]
Engeln00: checks 
Mahu2021: bets 90
Engeln00: raises 90 to 180
Mahu2021: raises 270 to 450 and is all-in
Engeln00: calls 270
*** TURN *** [6d Qc Tc] [9c]
*** RIVER *** [6d Qc Tc 9c] [Kc]
*** SHOW DOWN ***
Engeln00: shows [3s Qd] (a pair of Queens)
Mahu2021: shows [Ac Ah] (a flush, Ace high)
Mahu2021 collected 990 from pot
*** SUMMARY ***
Total pot 990 | Rake 0 
Board [6d Qc Tc 9c Kc]
Seat 1: Engeln00 (big blind) showed [3s Qd] and lost with a pair of Queens
Seat 2: Mahu2021 (button) showed [Ac Ah] and won (990) with a flush, Ace high
Seat 3: maafenix (small blind) folded before Flop



PokerStars Hand #251580648221: Tournament #3779971576, $1.84+$0.16 USD Hold'em No Limit - Level I (10/20) - 2024/07/20 18:15:50 CET [2024/07/20 12:15:50 ET]
Table '3779971576 1' 3-max Seat #3 is the button
Seat 1: Engeln00 (120 in chips) 
Seat 2: Mahu2021 (990 in chips) 
Seat 3: maafenix (390 in chips) 
Engeln00: posts small blind 10
Mahu2021: posts big blind 20
*** HOLE CARDS ***
Dealt to Mahu2021 [2d 3h]
maafenix: folds 
Engeln00: folds 
Uncalled bet (10) returned to Mahu2021
Mahu2021 collected 20 from pot
Mahu2021: doesn't show hand 
*** SUMMARY ***
Total pot 20 | Rake 0 
Seat 1: Engeln00 (small blind) folded before Flop
Seat 2: Mahu2021 (big blind) collected (20)
Seat 3: maafenix (button) folded before Flop (didn't bet)



PokerStars Hand #251580651369: Tournament #3779971576, $1.84+$0.16 USD Hold'em No Limit - Level I (10/20) - 2024/07/20 18:16:03 CET [2024/07/20 12:16:03 ET]
Table '3779971576 1' 3-max Seat #1 is the button
Seat 1: Engeln00 (110 in chips) 
Seat 2: Mahu2021 (1000 in chips) 
Seat 3: maafenix (390 in chips) 
Mahu2021: posts small blind 10
maafenix: posts big blind 20
*** HOLE CARDS ***
Dealt to Mahu2021 [Ks 7d]
Engeln00: folds 
Mahu2021: calls 10
maafenix: checks 
*** FLOP *** [As 6c 3s]
Mahu2021: checks 
maafenix: checks 
*** TURN *** [As 6c 3s] [Ah]
Mahu2021: checks 
maafenix: bets 40
Mahu2021: folds 
Uncalled bet (40) returned to maafenix
maafenix collected 40 from pot
maafenix: doesn't show hand 
*** SUMMARY ***
Total pot 40 | Rake 0 
Board [As 6c 3s Ah]
Seat 1: Engeln00 (button) folded before Flop (didn't bet)
Seat 2: Mahu2021 (small blind) folded on the Turn
Seat 3: maafenix (big blind) collected (40)



PokerStars Hand #251580656314: Tournament #3779971576, $1.84+$0.16 USD Hold'em No Limit - Level I (10/20) - 2024/07/20 18:16:24 CET [2024/07/20 12:16:24 ET]
Table '3779971576 1' 3-max Seat #2 is the button
Seat 1: Engeln00 (110 in chips) 
Seat 2: Mahu2021 (980 in chips) 
Seat 3: maafenix (410 in chips) 
maafenix: posts small blind 10
Engeln00: posts big blind 20
*** HOLE CARDS ***
Dealt to Mahu2021 [9d 9h]
Mahu2021: raises 20 to 40
maafenix: raises 370 to 410 and is all-in
Engeln00: folds 
Mahu2021: folds 
Uncalled bet (370) returned to maafenix
maafenix collected 100 from pot
maafenix: doesn't show hand 
*** SUMMARY ***
Total pot 100 | Rake 0 
Seat 1: Engeln00 (big blind) folded before Flop
Seat 2: Mahu2021 (button) folded before Flop
Seat 3: maafenix (small blind) collected (100)



PokerStars Hand #251580660284: Tournament #3779971576, $1.84+$0.16 USD Hold'em No Limit - Level I (10/20) - 2024/07/20 18:16:40 CET [2024/07/20 12:16:40 ET]
Table '3779971576 1' 3-max Seat #3 is the button
Seat 1: Engeln00 (90 in chips) 
Seat 2: Mahu2021 (940 in chips) 
Seat 3: maafenix (470 in chips) 
Engeln00: posts small blind 10
Mahu2021: posts big blind 20
*** HOLE CARDS ***
Dealt to Mahu2021 [Td As]
maafenix: calls 20
Engeln00: raises 70 to 90 and is all-in
Mahu2021: calls 70
maafenix: raises 380 to 470 and is all-in
Mahu2021: calls 380
*** FLOP *** [4c 2d Jh]
*** TURN *** [4c 2d Jh] [9d]
*** RIVER *** [4c 2d Jh 9d] [Th]
*** SHOW DOWN ***
Mahu2021: shows [Td As] (a pair of Tens)
maafenix: shows [Ad Jc] (a pair of Jacks)
maafenix collected 760 from side pot
Engeln00: shows [2h Kc] (a pair of Deuces)
maafenix collected 270 from main pot
Engeln00 finished the tournament in 3rd place
*** SUMMARY ***
Total pot 1030 Main pot 270. Side pot 760. | Rake 0 
Board [4c 2d Jh 9d Th]
Seat 1: Engeln00 (small blind) showed [2h Kc] and lost with a pair of Deuces
Seat 2: Mahu2021 (big blind) showed [Td As] and lost with a pair of Tens
Seat 3: maafenix (button) showed [Ad Jc] and won (1030) with a pair of Jacks



PokerStars Hand #251580666526: Tournament #3779971576, $1.84+$0.16 USD Hold'em No Limit - Level I (10/20) - 2024/07/20 18:17:06 CET [2024/07/20 12:17:06 ET]
Table '3779971576 1' 3-max Seat #2 is the button
Seat 2: Mahu2021 (470 in chips) 
Seat 3: maafenix (1030 in chips) 
Mahu2021: posts small blind 10
maafenix: posts big blind 20
*** HOLE CARDS ***
Dealt to Mahu2021 [Ks 4d]
Mahu2021: calls 10
maafenix: checks 
*** FLOP *** [Kd 8d 6s]
maafenix: bets 20
Mahu2021: calls 20
*** TURN *** [Kd 8d 6s] [5s]
maafenix: checks 
Mahu2021: checks 
*** RIVER *** [Kd 8d 6s 5s] [3d]
maafenix: checks 
Mahu2021: bets 40
maafenix: folds 
Uncalled bet (40) returned to Mahu2021
Mahu2021 collected 80 from pot
Mahu2021: doesn't show hand 
*** SUMMARY ***
Total pot 80 | Rake 0 
Board [Kd 8d 6s 5s 3d]
Seat 2: Mahu2021 (button) (small blind) collected (80)
Seat 3: maafenix (big blind) folded on the River



PokerStars Hand #251580674900: Tournament #3779971576, $1.84+$0.16 USD Hold'em No Limit - Level I (10/20) - 2024/07/20 18:17:40 CET [2024/07/20 12:17:40 ET]
Table '3779971576 1' 3-max Seat #3 is the button
Seat 2: Mahu2021 (510 in chips) 
Seat 3: maafenix (990 in chips) 
maafenix: posts small blind 10
Mahu2021: posts big blind 20
*** HOLE CARDS ***
Dealt to Mahu2021 [4s 9c]
maafenix: raises 970 to 990 and is all-in
Mahu2021: folds 
Uncalled bet (970) returned to maafenix
maafenix collected 40 from pot
maafenix: doesn't show hand 
*** SUMMARY ***
Total pot 40 | Rake 0 
Seat 2: Mahu2021 (big blind) folded before Flop
Seat 3: maafenix (button) (small blind) collected (40)



PokerStars Hand #251580676903: Tournament #3779971576, $1.84+$0.16 USD Hold'em No Limit - Level I (10/20) - 2024/07/20 18:17:49 CET [2024/07/20 12:17:49 ET]
Table '3779971576 1' 3-max Seat #2 is the button
Seat 2: Mahu2021 (490 in chips) 
Seat 3: maafenix (1010 in chips) 
Mahu2021: posts small blind 10
maafenix: posts big blind 20
*** HOLE CARDS ***
Dealt to Mahu2021 [Kd 4s]
Mahu2021: calls 10
maafenix: checks 
*** FLOP *** [Th Td 3c]
maafenix: bets 40
Mahu2021: folds 
Uncalled bet (40) returned to maafenix
maafenix collected 40 from pot
maafenix: doesn't show hand 
*** SUMMARY ***
Total pot 40 | Rake 0 
Board [Th Td 3c]
Seat 2: Mahu2021 (button) (small blind) folded on the Flop
Seat 3: maafenix (big blind) collected (40)



PokerStars Hand #251580679780: Tournament #3779971576, $1.84+$0.16 USD Hold'em No Limit - Level I (10/20) - 2024/07/20 18:18:00 CET [2024/07/20 12:18:00 ET]
Table '3779971576 1' 3-max Seat #3 is the button
Seat 2: Mahu2021 (470 in chips) 
Seat 3: maafenix (1030 in chips) 
maafenix: posts small blind 10
Mahu2021: posts big blind 20
*** HOLE CARDS ***
Dealt to Mahu2021 [Td Jd]
maafenix: folds 
Uncalled bet (10) returned to Mahu2021
Mahu2021 collected 20 from pot
Mahu2021: doesn't show hand 
*** SUMMARY ***
Total pot 20 | Rake 0 
Seat 2: Mahu2021 (big blind) collected (20)
Seat 3: maafenix (button) (small blind) folded before Flop



PokerStars Hand #251580682140: Tournament #3779971576, $1.84+$0.16 USD Hold'em No Limit - Level II (15/30) - 2024/07/20 18:18:10 CET [2024/07/20 12:18:10 ET]
Table '3779971576 1' 3-max Seat #2 is the button
Seat 2: Mahu2021 (480 in chips) 
Seat 3: maafenix (1020 in chips) 
Mahu2021: posts small blind 15
maafenix: posts big blind 30
*** HOLE CARDS ***
Dealt to Mahu2021 [2c Qc]
Mahu2021: calls 15
maafenix: checks 
*** FLOP *** [9h 8s Jd]
maafenix: checks 
Mahu2021: bets 60
maafenix: folds 
Uncalled bet (60) returned to Mahu2021
Mahu2021 collected 60 from pot
Mahu2021: doesn't show hand 
*** SUMMARY ***
Total pot 60 | Rake 0 
Board [9h 8s Jd]
Seat 2: Mahu2021 (button) (small blind) collected (60)
Seat 3: maafenix (big blind) folded on the Flop



PokerStars Hand #251580686076: Tournament #3779971576, $1.84+$0.16 USD Hold'em No Limit - Level II (15/30) - 2024/07/20 18:18:26 CET [2024/07/20 12:18:26 ET]
Table '3779971576 1' 3-max Seat #3 is the button
Seat 2: Mahu2021 (510 in chips) 
Seat 3: maafenix (990 in chips) 
maafenix: posts small blind 15
Mahu2021: posts big blind 30
*** HOLE CARDS ***
Dealt to Mahu2021 [9c Jc]
maafenix: folds 
Uncalled bet (15) returned to Mahu2021
Mahu2021 collected 30 from pot
Mahu2021: doesn't show hand 
*** SUMMARY ***
Total pot 30 | Rake 0 
Seat 2: Mahu2021 (big blind) collected (30)
Seat 3: maafenix (button) (small blind) folded before Flop



PokerStars Hand #251580687013: Tournament #3779971576, $1.84+$0.16 USD Hold'em No Limit - Level II (15/30) - 2024/07/20 18:18:30 CET [2024/07/20 12:18:30 ET]
Table '3779971576 1' 3-max Seat #2 is the button
Seat 2: Mahu2021 (525 in chips) 
Seat 3: maafenix (975 in chips) 
Mahu2021: posts small blind 15
maafenix: posts big blind 30
*** HOLE CARDS ***
Dealt to Mahu2021 [Jd Tc]
Mahu2021: raises 30 to 60
maafenix: folds 
Uncalled bet (30) returned to Mahu2021
Mahu2021 collected 60 from pot
Mahu2021: doesn't show hand 
*** SUMMARY ***
Total pot 60 | Rake 0 
Seat 2: Mahu2021 (button) (small blind) collected (60)
Seat 3: maafenix (big blind) folded before Flop



PokerStars Hand #251580689694: Tournament #3779971576, $1.84+$0.16 USD Hold'em No Limit - Level II (15/30) - 2024/07/20 18:18:41 CET [2024/07/20 12:18:41 ET]
Table '3779971576 1' 3-max Seat #3 is the button
Seat 2: Mahu2021 (555 in chips) 
Seat 3: maafenix (945 in chips) 
maafenix: posts small blind 15
Mahu2021: posts big blind 30
*** HOLE CARDS ***
Dealt to Mahu2021 [9d 8c]
maafenix: calls 15
Mahu2021: checks 
*** FLOP *** [Qd Qs Jh]
Mahu2021: checks 
maafenix: checks 
*** TURN *** [Qd Qs Jh] [Tc]
Mahu2021: checks 
maafenix: checks 
*** RIVER *** [Qd Qs Jh Tc] [4s]
Mahu2021: bets 525 and is all-in
maafenix: folds 
Uncalled bet (525) returned to Mahu2021
Mahu2021 collected 60 from pot
Mahu2021: doesn't show hand 
*** SUMMARY ***
Total pot 60 | Rake 0 
Board [Qd Qs Jh Tc 4s]
Seat 2: Mahu2021 (big blind) collected (60)
Seat 3: maafenix (button) (small blind) folded on the River



PokerStars Hand #251580696856: Tournament #3779971576, $1.84+$0.16 USD Hold'em No Limit - Level II (15/30) - 2024/07/20 18:19:10 CET [2024/07/20 12:19:10 ET]
Table '3779971576 1' 3-max Seat #2 is the button
Seat 2: Mahu2021 (585 in chips) 
Seat 3: maafenix (915 in chips) 
Mahu2021: posts small blind 15
maafenix: posts big blind 30
*** HOLE CARDS ***
Dealt to Mahu2021 [7h 2s]
Mahu2021: folds 
Uncalled bet (15) returned to maafenix
maafenix collected 30 from pot
maafenix: doesn't show hand 
*** SUMMARY ***
Total pot 30 | Rake 0 
Seat 2: Mahu2021 (button) (small blind) folded before Flop
Seat 3: maafenix (big blind) collected (30)



PokerStars Hand #251580697982: Tournament #3779971576, $1.84+$0.16 USD Hold'em No Limit - Level II (15/30) - 2024/07/20 18:19:15 CET [2024/07/20 12:19:15 ET]
Table '3779971576 1' 3-max Seat #3 is the button
Seat 2: Mahu2021 (570 in chips) 
Seat 3: maafenix (930 in chips) 
maafenix: posts small blind 15
Mahu2021: posts big blind 30
*** HOLE CARDS ***
Dealt to Mahu2021 [8h Tc]
maafenix: raises 30 to 60
Mahu2021: folds 
Uncalled bet (30) returned to maafenix
maafenix collected 60 from pot
maafenix: doesn't show hand 
*** SUMMARY ***
Total pot 60 | Rake 0 
Seat 2: Mahu2021 (big blind) folded before Flop
Seat 3: maafenix (button) (small blind) collected (60)



PokerStars Hand #251580699602: Tournament #3779971576, $1.84+$0.16 USD Hold'em No Limit - Level II (15/30) - 2024/07/20 18:19:21 CET [2024/07/20 12:19:21 ET]
Table '3779971576 1' 3-max Seat #2 is the button
Seat 2: Mahu2021 (540 in chips) 
Seat 3: maafenix (960 in chips) 
Mahu2021: posts small blind 15
maafenix: posts big blind 30
*** HOLE CARDS ***
Dealt to Mahu2021 [Jd Ah]
Mahu2021: raises 30 to 60
maafenix: calls 30
*** FLOP *** [3c 9d Th]
maafenix: bets 900 and is all-in
Mahu2021: folds 
Uncalled bet (900) returned to maafenix
maafenix collected 120 from pot
maafenix: doesn't show hand 
*** SUMMARY ***
Total pot 120 | Rake 0 
Board [3c 9d Th]
Seat 2: Mahu2021 (button) (small blind) folded on the Flop
Seat 3: maafenix (big blind) collected (120)



PokerStars Hand #251580702710: Tournament #3779971576, $1.84+$0.16 USD Hold'em No Limit - Level II (15/30) - 2024/07/20 18:19:34 CET [2024/07/20 12:19:34 ET]
Table '3779971576 1' 3-max Seat #3 is the button
Seat 2: Mahu2021 (480 in chips) 
Seat 3: maafenix (1020 in chips) 
maafenix: posts small blind 15
Mahu2021: posts big blind 30
*** HOLE CARDS ***
Dealt to Mahu2021 [Tc 9d]
maafenix: folds 
Uncalled bet (15) returned to Mahu2021
Mahu2021 collected 30 from pot
Mahu2021: doesn't show hand 
*** SUMMARY ***
Total pot 30 | Rake 0 
Seat 2: Mahu2021 (big blind) collected (30)
Seat 3: maafenix (button) (small blind) folded before Flop



PokerStars Hand #251580703676: Tournament #3779971576, $1.84+$0.16 USD Hold'em No Limit - Level II (15/30) - 2024/07/20 18:19:38 CET [2024/07/20 12:19:38 ET]
Table '3779971576 1' 3-max Seat #2 is the button
Seat 2: Mahu2021 (495 in chips) 
Seat 3: maafenix (1005 in chips) 
Mahu2021: posts small blind 15
maafenix: posts big blind 30
*** HOLE CARDS ***
Dealt to Mahu2021 [3h 9c]
Mahu2021: folds 
Uncalled bet (15) returned to maafenix
maafenix collected 30 from pot
maafenix: doesn't show hand 
*** SUMMARY ***
Total pot 30 | Rake 0 
Seat 2: Mahu2021 (button) (small blind) folded before Flop
Seat 3: maafenix (big blind) collected (30)



PokerStars Hand #251580704963: Tournament #3779971576, $1.84+$0.16 USD Hold'em No Limit - Level II (15/30) - 2024/07/20 18:19:43 CET [2024/07/20 12:19:43 ET]
Table '3779971576 1' 3-max Seat #3 is the button
Seat 2: Mahu2021 (480 in chips) 
Seat 3: maafenix (1020 in chips) 
maafenix: posts small blind 15
Mahu2021: posts big blind 30
*** HOLE CARDS ***
Dealt to Mahu2021 [2h 7h]
maafenix: raises 810 to 840
Mahu2021: folds 
Uncalled bet (810) returned to maafenix
maafenix collected 60 from pot
maafenix: doesn't show hand 
*** SUMMARY ***
Total pot 60 | Rake 0 
Seat 2: Mahu2021 (big blind) folded before Flop
Seat 3: maafenix (button) (small blind) collected (60)



PokerStars Hand #251580706363: Tournament #3779971576, $1.84+$0.16 USD Hold'em No Limit - Level II (15/30) - 2024/07/20 18:19:49 CET [2024/07/20 12:19:49 ET]
Table '3779971576 1' 3-max Seat #2 is the button
Seat 2: Mahu2021 (450 in chips) 
Seat 3: maafenix (1050 in chips) 
Mahu2021: posts small blind 15
maafenix: posts big blind 30
*** HOLE CARDS ***
Dealt to Mahu2021 [Ad 4h]
Mahu2021: raises 30 to 60
maafenix: calls 30
*** FLOP *** [Js 2s 4c]
maafenix: checks 
Mahu2021: bets 60
maafenix: calls 60
*** TURN *** [Js 2s 4c] [Qc]
maafenix: bets 90
Mahu2021: calls 90
*** RIVER *** [Js 2s 4c Qc] [Jh]
maafenix: checks 
Mahu2021: bets 240 and is all-in
maafenix: folds 
Uncalled bet (240) returned to Mahu2021
Mahu2021 collected 420 from pot
Mahu2021: doesn't show hand 
*** SUMMARY ***
Total pot 420 | Rake 0 
Board [Js 2s 4c Qc Jh]
Seat 2: Mahu2021 (button) (small blind) collected (420)
Seat 3: maafenix (big blind) folded on the River



PokerStars Hand #251580712890: Tournament #3779971576, $1.84+$0.16 USD Hold'em No Limit - Level II (15/30) - 2024/07/20 18:20:16 CET [2024/07/20 12:20:16 ET]
Table '3779971576 1' 3-max Seat #3 is the button
Seat 2: Mahu2021 (660 in chips) 
Seat 3: maafenix (840 in chips) 
maafenix: posts small blind 15
Mahu2021: posts big blind 30
*** HOLE CARDS ***
Dealt to Mahu2021 [2h Td]
maafenix: calls 15
Mahu2021: checks 
*** FLOP *** [7h 2d 9s]
Mahu2021: checks 
maafenix: checks 
*** TURN *** [7h 2d 9s] [4h]
Mahu2021: checks 
maafenix: checks 
*** RIVER *** [7h 2d 9s 4h] [Ad]
Mahu2021: checks 
maafenix: checks 
*** SHOW DOWN ***
Mahu2021: shows [2h Td] (a pair of Deuces)
maafenix: mucks hand 
Mahu2021 collected 60 from pot
*** SUMMARY ***
Total pot 60 | Rake 0 
Board [7h 2d 9s 4h Ad]
Seat 2: Mahu2021 (big blind) showed [2h Td] and won (60) with a pair of Deuces
Seat 3: maafenix (button) (small blind) mucked [8h Js]



PokerStars Hand #251580716230: Tournament #3779971576, $1.84+$0.16 USD Hold'em No Limit - Level II (15/30) - 2024/07/20 18:20:29 CET [2024/07/20 12:20:29 ET]
Table '3779971576 1' 3-max Seat #2 is the button
Seat 2: Mahu2021 (690 in chips) 
Seat 3: maafenix (810 in chips) 
Mahu2021: posts small blind 15
maafenix: posts big blind 30
*** HOLE CARDS ***
Dealt to Mahu2021 [5h Qh]
Mahu2021: calls 15
maafenix: checks 
*** FLOP *** [7d Qs Ts]
maafenix: checks 
Mahu2021: bets 30
maafenix: folds [2h 8h]
Uncalled bet (30) returned to Mahu2021
Mahu2021 collected 60 from pot
Mahu2021: doesn't show hand 
*** SUMMARY ***
Total pot 60 | Rake 0 
Board [7d Qs Ts]
Seat 2: Mahu2021 (button) (small blind) collected (60)
Seat 3: maafenix (big blind) folded on the Flop



PokerStars Hand #251580719213: Tournament #3779971576, $1.84+$0.16 USD Hold'em No Limit - Level II (15/30) - 2024/07/20 18:20:42 CET [2024/07/20 12:20:42 ET]
Table '3779971576 1' 3-max Seat #3 is the button
Seat 2: Mahu2021 (720 in chips) 
Seat 3: maafenix (780 in chips) 
maafenix: posts small blind 15
Mahu2021: posts big blind 30
*** HOLE CARDS ***
Dealt to Mahu2021 [3d Jh]
maafenix: raises 750 to 780 and is all-in
Mahu2021: folds 
Uncalled bet (750) returned to maafenix
maafenix collected 60 from pot
maafenix: doesn't show hand 
*** SUMMARY ***
Total pot 60 | Rake 0 
Seat 2: Mahu2021 (big blind) folded before Flop
Seat 3: maafenix (button) (small blind) collected (60)



PokerStars Hand #251580721556: Tournament #3779971576, $1.84+$0.16 USD Hold'em No Limit - Level II (15/30) - 2024/07/20 18:20:52 CET [2024/07/20 12:20:52 ET]
Table '3779971576 1' 3-max Seat #2 is the button
Seat 2: Mahu2021 (690 in chips) 
Seat 3: maafenix (810 in chips) 
Mahu2021: posts small blind 15
maafenix: posts big blind 30
*** HOLE CARDS ***
Dealt to Mahu2021 [8c Js]
Mahu2021: calls 15
maafenix: raises 780 to 810 and is all-in
Mahu2021: folds 
Uncalled bet (780) returned to maafenix
maafenix collected 60 from pot
maafenix: doesn't show hand 
*** SUMMARY ***
Total pot 60 | Rake 0 
Seat 2: Mahu2021 (button) (small blind) folded before Flop
Seat 3: maafenix (big blind) collected (60)



PokerStars Hand #251580724090: Tournament #3779971576, $1.84+$0.16 USD Hold'em No Limit - Level II (15/30) - 2024/07/20 18:21:02 CET [2024/07/20 12:21:02 ET]
Table '3779971576 1' 3-max Seat #3 is the button
Seat 2: Mahu2021 (660 in chips) 
Seat 3: maafenix (840 in chips) 
maafenix: posts small blind 15
Mahu2021: posts big blind 30
*** HOLE CARDS ***
Dealt to Mahu2021 [4d Js]
maafenix: raises 810 to 840 and is all-in
Mahu2021: folds 
Uncalled bet (810) returned to maafenix
maafenix collected 60 from pot
maafenix: doesn't show hand 
*** SUMMARY ***
Total pot 60 | Rake 0 
Seat 2: Mahu2021 (big blind) folded before Flop
Seat 3: maafenix (button) (small blind) collected (60)



PokerStars Hand #251580726687: Tournament #3779971576, $1.84+$0.16 USD Hold'em No Limit - Level III (20/40) - 2024/07/20 18:21:12 CET [2024/07/20 12:21:12 ET]
Table '3779971576 1' 3-max Seat #2 is the button
Seat 2: Mahu2021 (630 in chips) 
Seat 3: maafenix (870 in chips) 
Mahu2021: posts small blind 20
maafenix: posts big blind 40
*** HOLE CARDS ***
Dealt to Mahu2021 [Ac 8s]
Mahu2021: calls 20
maafenix: checks 
*** FLOP *** [Qs Tc Jh]
maafenix: checks 
Mahu2021: checks 
*** TURN *** [Qs Tc Jh] [Jd]
maafenix: checks 
Mahu2021: checks 
*** RIVER *** [Qs Tc Jh Jd] [Js]
maafenix: checks 
Mahu2021: bets 40
maafenix: folds 
Uncalled bet (40) returned to Mahu2021
Mahu2021 collected 80 from pot
Mahu2021: doesn't show hand 
*** SUMMARY ***
Total pot 80 | Rake 0 
Board [Qs Tc Jh Jd Js]
Seat 2: Mahu2021 (button) (small blind) collected (80)
Seat 3: maafenix (big blind) folded on the River



PokerStars Hand #251580729911: Tournament #3779971576, $1.84+$0.16 USD Hold'em No Limit - Level III (20/40) - 2024/07/20 18:21:26 CET [2024/07/20 12:21:26 ET]
Table '3779971576 1' 3-max Seat #3 is the button
Seat 2: Mahu2021 (670 in chips) 
Seat 3: maafenix (830 in chips) 
maafenix: posts small blind 20
Mahu2021: posts big blind 40
*** HOLE CARDS ***
Dealt to Mahu2021 [Jc Kd]
maafenix: raises 40 to 80
Mahu2021: calls 40
*** FLOP *** [Kh 5s Qh]
Mahu2021: checks 
maafenix: bets 160
Mahu2021: calls 160
*** TURN *** [Kh 5s Qh] [Jh]
Mahu2021: checks 
maafenix: checks 
*** RIVER *** [Kh 5s Qh Jh] [Tc]
Mahu2021: checks 
maafenix: checks 
*** SHOW DOWN ***
Mahu2021: shows [Jc Kd] (two pair, Kings and Jacks)
maafenix: mucks hand 
Mahu2021 collected 480 from pot
*** SUMMARY ***
Total pot 480 | Rake 0 
Board [Kh 5s Qh Jh Tc]
Seat 2: Mahu2021 (big blind) showed [Jc Kd] and won (480) with two pair, Kings and Jacks
Seat 3: maafenix (button) (small blind) mucked [3s Qd]



PokerStars Hand #251580737320: Tournament #3779971576, $1.84+$0.16 USD Hold'em No Limit - Level III (20/40) - 2024/07/20 18:21:56 CET [2024/07/20 12:21:56 ET]
Table '3779971576 1' 3-max Seat #2 is the button
Seat 2: Mahu2021 (910 in chips) 
Seat 3: maafenix (590 in chips) 
Mahu2021: posts small blind 20
maafenix: posts big blind 40
*** HOLE CARDS ***
Dealt to Mahu2021 [7d 5h]
Mahu2021: folds 
Uncalled bet (20) returned to maafenix
maafenix collected 40 from pot
maafenix: doesn't show hand 
*** SUMMARY ***
Total pot 40 | Rake 0 
Seat 2: Mahu2021 (button) (small blind) folded before Flop
Seat 3: maafenix (big blind) collected (40)



PokerStars Hand #251580738450: Tournament #3779971576, $1.84+$0.16 USD Hold'em No Limit - Level III (20/40) - 2024/07/20 18:22:01 CET [2024/07/20 12:22:01 ET]
Table '3779971576 1' 3-max Seat #3 is the button
Seat 2: Mahu2021 (890 in chips) 
Seat 3: maafenix (610 in chips) 
maafenix: posts small blind 20
Mahu2021: posts big blind 40
*** HOLE CARDS ***
Dealt to Mahu2021 [Qc 4c]
maafenix: folds 
Uncalled bet (20) returned to Mahu2021
Mahu2021 collected 40 from pot
Mahu2021: doesn't show hand 
*** SUMMARY ***
Total pot 40 | Rake 0 
Seat 2: Mahu2021 (big blind) collected (40)
Seat 3: maafenix (button) (small blind) folded before Flop



PokerStars Hand #251580739465: Tournament #3779971576, $1.84+$0.16 USD Hold'em No Limit - Level III (20/40) - 2024/07/20 18:22:05 CET [2024/07/20 12:22:05 ET]
Table '3779971576 1' 3-max Seat #2 is the button
Seat 2: Mahu2021 (910 in chips) 
Seat 3: maafenix (590 in chips) 
Mahu2021: posts small blind 20
maafenix: posts big blind 40
*** HOLE CARDS ***
Dealt to Mahu2021 [Tc 3h]
Mahu2021: folds 
Uncalled bet (20) returned to maafenix
maafenix collected 40 from pot
maafenix: doesn't show hand 
*** SUMMARY ***
Total pot 40 | Rake 0 
Seat 2: Mahu2021 (button) (small blind) folded before Flop
Seat 3: maafenix (big blind) collected (40)



PokerStars Hand #251580740659: Tournament #3779971576, $1.84+$0.16 USD Hold'em No Limit - Level III (20/40) - 2024/07/20 18:22:09 CET [2024/07/20 12:22:09 ET]
Table '3779971576 1' 3-max Seat #3 is the button
Seat 2: Mahu2021 (890 in chips) 
Seat 3: maafenix (610 in chips) 
maafenix: posts small blind 20
Mahu2021: posts big blind 40
*** HOLE CARDS ***
Dealt to Mahu2021 [Ac As]
maafenix: raises 570 to 610 and is all-in
Mahu2021: calls 570
*** FLOP *** [Ks Td 6s]
*** TURN *** [Ks Td 6s] [Ad]
*** RIVER *** [Ks Td 6s Ad] [5s]
*** SHOW DOWN ***
Mahu2021: shows [Ac As] (three of a kind, Aces)
maafenix: shows [9s Qc] (high card Ace)
Mahu2021 collected 1220 from pot
maafenix finished the tournament in 2nd place
Mahu2021 wins the tournament and receives $6.00 - congratulations!
*** SUMMARY ***
Total pot 1220 | Rake 0 
Board [Ks Td 6s Ad 5s]
Seat 2: Mahu2021 (big blind) showed [Ac As] and won (1220) with three of a kind, Aces
Seat 3: maafenix (button) (small blind) showed [9s Qc] and lost with high card Ace



