PokerStars Hand #246883690813: Tournament #3667294196, $1.84+$0.16 USD Hold'em No Limit - Level I (10/20) - 2023/11/02 16:29:30 CET [2023/11/02 11:29:30 ET]
Table '3667294196 1' 3-max Seat #1 is the button
Seat 1: Revi9191 (500 in chips) 
Seat 2: Mahu2021 (500 in chips) 
Seat 3: pocho_kapo (500 in chips) 
Mahu2021: posts small blind 10
pocho_kapo: posts big blind 20
*** HOLE CARDS ***
Dealt to Mahu2021 [As Ts]
Revi9191: raises 50 to 70
Mahu2021: calls 60
pocho_kapo: calls 50
*** FLOP *** [Qh 3d 6h]
Mahu2021: checks 
pocho_kapo: bets 105
Revi9191: folds 
Mahu2021: folds 
Uncalled bet (105) returned to pocho_kapo
pocho_kapo collected 210 from pot
pocho_kapo: doesn't show hand 
*** SUMMARY ***
Total pot 210 | Rake 0 
Board [Qh 3d 6h]
Seat 1: Revi9191 (button) folded on the Flop
Seat 2: Mahu2021 (small blind) folded on the Flop
Seat 3: pocho_kapo (big blind) collected (210)



PokerStars Hand #246883697029: Tournament #3667294196, $1.84+$0.16 USD Hold'em No Limit - Level I (10/20) - 2023/11/02 16:29:57 CET [2023/11/02 11:29:57 ET]
Table '3667294196 1' 3-max Seat #2 is the button
Seat 1: Revi9191 (430 in chips) 
Seat 2: Mahu2021 (430 in chips) 
Seat 3: pocho_kapo (640 in chips) 
pocho_kapo: posts small blind 10
Revi9191: posts big blind 20
*** HOLE CARDS ***
Dealt to Mahu2021 [6h 2s]
Mahu2021: folds 
pocho_kapo: raises 80 to 100
Revi9191: calls 80
*** FLOP *** [5d As 5c]
pocho_kapo: bets 540 and is all-in
Revi9191: folds 
Uncalled bet (540) returned to pocho_kapo
pocho_kapo collected 200 from pot
pocho_kapo: doesn't show hand 
*** SUMMARY ***
Total pot 200 | Rake 0 
Board [5d As 5c]
Seat 1: Revi9191 (big blind) folded on the Flop
Seat 2: Mahu2021 (button) folded before Flop (didn't bet)
Seat 3: pocho_kapo (small blind) collected (200)



PokerStars Hand #246883701166: Tournament #3667294196, $1.84+$0.16 USD Hold'em No Limit - Level I (10/20) - 2023/11/02 16:30:14 CET [2023/11/02 11:30:14 ET]
Table '3667294196 1' 3-max Seat #3 is the button
Seat 1: Revi9191 (330 in chips) 
Seat 2: Mahu2021 (430 in chips) 
Seat 3: pocho_kapo (740 in chips) 
Revi9191: posts small blind 10
Mahu2021: posts big blind 20
*** HOLE CARDS ***
Dealt to Mahu2021 [2d As]
pocho_kapo: folds 
Revi9191: calls 10
Mahu2021: checks 
*** FLOP *** [Ks Qs Kd]
Revi9191: checks 
Mahu2021: bets 40
Revi9191: folds 
Uncalled bet (40) returned to Mahu2021
Mahu2021 collected 40 from pot
Mahu2021: doesn't show hand 
*** SUMMARY ***
Total pot 40 | Rake 0 
Board [Ks Qs Kd]
Seat 1: Revi9191 (small blind) folded on the Flop
Seat 2: Mahu2021 (big blind) collected (40)
Seat 3: pocho_kapo (button) folded before Flop (didn't bet)



PokerStars Hand #246883709423: Tournament #3667294196, $1.84+$0.16 USD Hold'em No Limit - Level I (10/20) - 2023/11/02 16:30:49 CET [2023/11/02 11:30:49 ET]
Table '3667294196 1' 3-max Seat #1 is the button
Seat 1: Revi9191 (310 in chips) 
Seat 2: Mahu2021 (450 in chips) 
Seat 3: pocho_kapo (740 in chips) 
Mahu2021: posts small blind 10
pocho_kapo: posts big blind 20
*** HOLE CARDS ***
Dealt to Mahu2021 [6s 7c]
Revi9191: raises 40 to 60
Mahu2021: folds 
pocho_kapo: raises 130 to 190
Revi9191: folds 
Uncalled bet (130) returned to pocho_kapo
pocho_kapo collected 130 from pot
pocho_kapo: doesn't show hand 
*** SUMMARY ***
Total pot 130 | Rake 0 
Seat 1: Revi9191 (button) folded before Flop
Seat 2: Mahu2021 (small blind) folded before Flop
Seat 3: pocho_kapo (big blind) collected (130)



PokerStars Hand #246883717239: Tournament #3667294196, $1.84+$0.16 USD Hold'em No Limit - Level I (10/20) - 2023/11/02 16:31:22 CET [2023/11/02 11:31:22 ET]
Table '3667294196 1' 3-max Seat #2 is the button
Seat 1: Revi9191 (250 in chips) 
Seat 2: Mahu2021 (440 in chips) 
Seat 3: pocho_kapo (810 in chips) 
pocho_kapo: posts small blind 10
Revi9191: posts big blind 20
*** HOLE CARDS ***
Dealt to Mahu2021 [Th Kd]
Mahu2021: raises 20 to 40
pocho_kapo: calls 30
Revi9191: calls 20
*** FLOP *** [9h 7c Ah]
pocho_kapo: checks 
Revi9191: checks 
Mahu2021: bets 120
pocho_kapo: folds 
Revi9191: folds 
Uncalled bet (120) returned to Mahu2021
Mahu2021 collected 120 from pot
Mahu2021: doesn't show hand 
*** SUMMARY ***
Total pot 120 | Rake 0 
Board [9h 7c Ah]
Seat 1: Revi9191 (big blind) folded on the Flop
Seat 2: Mahu2021 (button) collected (120)
Seat 3: pocho_kapo (small blind) folded on the Flop



PokerStars Hand #246883723596: Tournament #3667294196, $1.84+$0.16 USD Hold'em No Limit - Level II (15/30) - 2023/11/02 16:31:50 CET [2023/11/02 11:31:50 ET]
Table '3667294196 1' 3-max Seat #3 is the button
Seat 1: Revi9191 (210 in chips) 
Seat 2: Mahu2021 (520 in chips) 
Seat 3: pocho_kapo (770 in chips) 
Revi9191: posts small blind 15
Mahu2021: posts big blind 30
*** HOLE CARDS ***
Dealt to Mahu2021 [Qc 6c]
pocho_kapo: raises 740 to 770 and is all-in
Revi9191: folds 
Mahu2021: folds 
Uncalled bet (740) returned to pocho_kapo
pocho_kapo collected 75 from pot
pocho_kapo: doesn't show hand 
*** SUMMARY ***
Total pot 75 | Rake 0 
Seat 1: Revi9191 (small blind) folded before Flop
Seat 2: Mahu2021 (big blind) folded before Flop
Seat 3: pocho_kapo (button) collected (75)



PokerStars Hand #246883726048: Tournament #3667294196, $1.84+$0.16 USD Hold'em No Limit - Level II (15/30) - 2023/11/02 16:32:00 CET [2023/11/02 11:32:00 ET]
Table '3667294196 1' 3-max Seat #1 is the button
Seat 1: Revi9191 (195 in chips) 
Seat 2: Mahu2021 (490 in chips) 
Seat 3: pocho_kapo (815 in chips) 
Mahu2021: posts small blind 15
pocho_kapo: posts big blind 30
*** HOLE CARDS ***
Dealt to Mahu2021 [Kh 3h]
Revi9191: raises 165 to 195 and is all-in
Mahu2021: folds 
pocho_kapo: folds 
Uncalled bet (165) returned to Revi9191
Revi9191 collected 75 from pot
*** SUMMARY ***
Total pot 75 | Rake 0 
Seat 1: Revi9191 (button) collected (75)
Seat 2: Mahu2021 (small blind) folded before Flop
Seat 3: pocho_kapo (big blind) folded before Flop



PokerStars Hand #246883728696: Tournament #3667294196, $1.84+$0.16 USD Hold'em No Limit - Level II (15/30) - 2023/11/02 16:32:12 CET [2023/11/02 11:32:12 ET]
Table '3667294196 1' 3-max Seat #2 is the button
Seat 1: Revi9191 (240 in chips) 
Seat 2: Mahu2021 (475 in chips) 
Seat 3: pocho_kapo (785 in chips) 
pocho_kapo: posts small blind 15
Revi9191: posts big blind 30
*** HOLE CARDS ***
Dealt to Mahu2021 [Ac 3h]
Mahu2021: calls 30
pocho_kapo: folds 
Revi9191: raises 210 to 240 and is all-in
Mahu2021: calls 210
*** FLOP *** [7c 6h 6s]
*** TURN *** [7c 6h 6s] [8s]
*** RIVER *** [7c 6h 6s 8s] [7s]
*** SHOW DOWN ***
Revi9191: shows [9c 9d] (two pair, Nines and Sevens)
Mahu2021: shows [Ac 3h] (two pair, Sevens and Sixes)
Revi9191 collected 495 from pot
*** SUMMARY ***
Total pot 495 | Rake 0 
Board [7c 6h 6s 8s 7s]
Seat 1: Revi9191 (big blind) showed [9c 9d] and won (495) with two pair, Nines and Sevens
Seat 2: Mahu2021 (button) showed [Ac 3h] and lost with two pair, Sevens and Sixes
Seat 3: pocho_kapo (small blind) folded before Flop



PokerStars Hand #246883732547: Tournament #3667294196, $1.84+$0.16 USD Hold'em No Limit - Level II (15/30) - 2023/11/02 16:32:29 CET [2023/11/02 11:32:29 ET]
Table '3667294196 1' 3-max Seat #3 is the button
Seat 1: Revi9191 (495 in chips) 
Seat 2: Mahu2021 (235 in chips) 
Seat 3: pocho_kapo (770 in chips) 
Revi9191: posts small blind 15
Mahu2021: posts big blind 30
*** HOLE CARDS ***
Dealt to Mahu2021 [2d Td]
pocho_kapo: raises 740 to 770 and is all-in
Revi9191: folds 
Mahu2021: folds 
Uncalled bet (740) returned to pocho_kapo
pocho_kapo collected 75 from pot
pocho_kapo: doesn't show hand 
*** SUMMARY ***
Total pot 75 | Rake 0 
Seat 1: Revi9191 (small blind) folded before Flop
Seat 2: Mahu2021 (big blind) folded before Flop
Seat 3: pocho_kapo (button) collected (75)



PokerStars Hand #246883735837: Tournament #3667294196, $1.84+$0.16 USD Hold'em No Limit - Level II (15/30) - 2023/11/02 16:32:43 CET [2023/11/02 11:32:43 ET]
Table '3667294196 1' 3-max Seat #1 is the button
Seat 1: Revi9191 (480 in chips) 
Seat 2: Mahu2021 (205 in chips) 
Seat 3: pocho_kapo (815 in chips) 
Mahu2021: posts small blind 15
pocho_kapo: posts big blind 30
*** HOLE CARDS ***
Dealt to Mahu2021 [7h Qd]
Revi9191: folds 
Mahu2021: raises 175 to 205 and is all-in
pocho_kapo: calls 175
*** FLOP *** [2s 6s 9h]
*** TURN *** [2s 6s 9h] [Kc]
*** RIVER *** [2s 6s 9h Kc] [3c]
*** SHOW DOWN ***
Mahu2021: shows [7h Qd] (high card King)
pocho_kapo: shows [Tc Js] (high card King - lower kicker)
Mahu2021 collected 410 from pot
*** SUMMARY ***
Total pot 410 | Rake 0 
Board [2s 6s 9h Kc 3c]
Seat 1: Revi9191 (button) folded before Flop (didn't bet)
Seat 2: Mahu2021 (small blind) showed [7h Qd] and won (410) with high card King
Seat 3: pocho_kapo (big blind) showed [Tc Js] and lost with high card King



PokerStars Hand #246883739384: Tournament #3667294196, $1.84+$0.16 USD Hold'em No Limit - Level II (15/30) - 2023/11/02 16:32:59 CET [2023/11/02 11:32:59 ET]
Table '3667294196 1' 3-max Seat #2 is the button
Seat 1: Revi9191 (480 in chips) 
Seat 2: Mahu2021 (410 in chips) 
Seat 3: pocho_kapo (610 in chips) 
pocho_kapo: posts small blind 15
Revi9191: posts big blind 30
*** HOLE CARDS ***
Dealt to Mahu2021 [8d 3s]
Mahu2021: folds 
pocho_kapo: calls 15
Revi9191: raises 450 to 480 and is all-in
pocho_kapo: calls 450
*** FLOP *** [Jc 5s Td]
*** TURN *** [Jc 5s Td] [6d]
*** RIVER *** [Jc 5s Td 6d] [6h]
*** SHOW DOWN ***
pocho_kapo: shows [Qc Jd] (two pair, Jacks and Sixes)
Revi9191: shows [2d Ah] (a pair of Sixes)
pocho_kapo collected 960 from pot
Revi9191 finished the tournament in 3rd place
*** SUMMARY ***
Total pot 960 | Rake 0 
Board [Jc 5s Td 6d 6h]
Seat 1: Revi9191 (big blind) showed [2d Ah] and lost with a pair of Sixes
Seat 2: Mahu2021 (button) folded before Flop (didn't bet)
Seat 3: pocho_kapo (small blind) showed [Qc Jd] and won (960) with two pair, Jacks and Sixes



PokerStars Hand #246883744795: Tournament #3667294196, $1.84+$0.16 USD Hold'em No Limit - Level II (15/30) - 2023/11/02 16:33:23 CET [2023/11/02 11:33:23 ET]
Table '3667294196 1' 3-max Seat #3 is the button
Seat 2: Mahu2021 (410 in chips) 
Seat 3: pocho_kapo (1090 in chips) 
pocho_kapo: posts small blind 15
Mahu2021: posts big blind 30
*** HOLE CARDS ***
Dealt to Mahu2021 [2c Kc]
pocho_kapo: raises 30 to 60
Mahu2021: raises 350 to 410 and is all-in
pocho_kapo: calls 350
*** FLOP *** [Th 3s 3c]
*** TURN *** [Th 3s 3c] [Qc]
*** RIVER *** [Th 3s 3c Qc] [8h]
*** SHOW DOWN ***
Mahu2021: shows [2c Kc] (a pair of Threes)
pocho_kapo: shows [Js 8s] (two pair, Eights and Threes)
pocho_kapo collected 820 from pot
Mahu2021 finished the tournament in 2nd place
pocho_kapo wins the tournament and receives $4.00 - congratulations!
*** SUMMARY ***
Total pot 820 | Rake 0 
Board [Th 3s 3c Qc 8h]
Seat 2: Mahu2021 (big blind) showed [2c Kc] and lost with a pair of Threes
Seat 3: pocho_kapo (button) (small blind) showed [Js 8s] and won (820) with two pair, Eights and Threes



