PokerStars Hand #249558327294: Tournament #3732086410, $1.84+$0.16 USD Hold'em No Limit - Level I (10/20) - 2024/03/22 14:56:42 CET [2024/03/22 9:56:42 ET]
Table '3732086410 1' 3-max Seat #1 is the button
Seat 1: Mahu2021 (500 in chips) 
Seat 2: Bashmaster089 (500 in chips) 
Seat 3: Al Mancino (500 in chips) 
Bashmaster089: posts small blind 10
Al Mancino: posts big blind 20
*** HOLE CARDS ***
Dealt to Mahu2021 [7c 3d]
Mahu2021: folds 
Bashmaster089: calls 10
Al Mancino: checks 
*** FLOP *** [Kc 4h Tc]
Bashmaster089: checks 
Al Mancino: checks 
*** TURN *** [Kc 4h Tc] [Jh]
Bashmaster089: bets 20
Al Mancino: raises 20 to 40
Bashmaster089: calls 20
*** RIVER *** [Kc 4h Tc Jh] [Kh]
Bashmaster089: checks 
Al Mancino: checks 
*** SHOW DOWN ***
Bashmaster089: shows [2h Ad] (a pair of Kings)
Al Mancino: shows [Qc Jc] (two pair, Kings and Jacks)
Al Mancino collected 120 from pot
*** SUMMARY ***
Total pot 120 | Rake 0 
Board [Kc 4h Tc Jh Kh]
Seat 1: Mahu2021 (button) folded before Flop (didn't bet)
Seat 2: Bashmaster089 (small blind) showed [2h Ad] and lost with a pair of Kings
Seat 3: Al Mancino (big blind) showed [Qc Jc] and won (120) with two pair, Kings and Jacks



PokerStars Hand #249558332914: Tournament #3732086410, $1.84+$0.16 USD Hold'em No Limit - Level I (10/20) - 2024/03/22 14:57:17 CET [2024/03/22 9:57:17 ET]
Table '3732086410 1' 3-max Seat #2 is the button
Seat 1: Mahu2021 (500 in chips) 
Seat 2: Bashmaster089 (440 in chips) 
Seat 3: Al Mancino (560 in chips) 
Al Mancino: posts small blind 10
Mahu2021: posts big blind 20
*** HOLE CARDS ***
Dealt to Mahu2021 [Ah 4d]
Bashmaster089: calls 20
Al Mancino: calls 10
Mahu2021: checks 
*** FLOP *** [Kd 3h 4s]
Al Mancino: checks 
Mahu2021: checks 
Bashmaster089: checks 
*** TURN *** [Kd 3h 4s] [4h]
Al Mancino: checks 
Mahu2021: bets 60
Bashmaster089: calls 60
Al Mancino: raises 60 to 120
Mahu2021: raises 360 to 480 and is all-in
Bashmaster089: calls 360 and is all-in
Al Mancino: calls 360
*** RIVER *** [Kd 3h 4s 4h] [Qd]
*** SHOW DOWN ***
Al Mancino: shows [Jd 4c] (three of a kind, Fours)
Mahu2021: shows [Ah 4d] (three of a kind, Fours - Ace kicker)
Mahu2021 collected 120 from side pot
Bashmaster089: shows [3d 7c] (two pair, Fours and Threes)
Mahu2021 collected 1320 from main pot
Bashmaster089 finished the tournament in 3rd place
*** SUMMARY ***
Total pot 1440 Main pot 1320. Side pot 120. | Rake 0 
Board [Kd 3h 4s 4h Qd]
Seat 1: Mahu2021 (big blind) showed [Ah 4d] and won (1440) with three of a kind, Fours
Seat 2: Bashmaster089 (button) showed [3d 7c] and lost with two pair, Fours and Threes
Seat 3: Al Mancino (small blind) showed [Jd 4c] and lost with three of a kind, Fours



PokerStars Hand #249558338548: Tournament #3732086410, $1.84+$0.16 USD Hold'em No Limit - Level I (10/20) - 2024/03/22 14:57:53 CET [2024/03/22 9:57:53 ET]
Table '3732086410 1' 3-max Seat #1 is the button
Seat 1: Mahu2021 (1440 in chips) 
Seat 3: Al Mancino (60 in chips) 
Mahu2021: posts small blind 10
Al Mancino: posts big blind 20
*** HOLE CARDS ***
Dealt to Mahu2021 [3h Qh]
Mahu2021: raises 40 to 60
Al Mancino: calls 40 and is all-in
*** FLOP *** [Ts 9s 7c]
*** TURN *** [Ts 9s 7c] [Kh]
*** RIVER *** [Ts 9s 7c Kh] [2d]
*** SHOW DOWN ***
Al Mancino: shows [8s Jc] (a straight, Seven to Jack)
Mahu2021: shows [3h Qh] (high card King)
Al Mancino collected 120 from pot
*** SUMMARY ***
Total pot 120 | Rake 0 
Board [Ts 9s 7c Kh 2d]
Seat 1: Mahu2021 (button) (small blind) showed [3h Qh] and lost with high card King
Seat 3: Al Mancino (big blind) showed [8s Jc] and won (120) with a straight, Seven to Jack



PokerStars Hand #249558340566: Tournament #3732086410, $1.84+$0.16 USD Hold'em No Limit - Level I (10/20) - 2024/03/22 14:58:06 CET [2024/03/22 9:58:06 ET]
Table '3732086410 1' 3-max Seat #3 is the button
Seat 1: Mahu2021 (1380 in chips) 
Seat 3: Al Mancino (120 in chips) 
Al Mancino: posts small blind 10
Mahu2021: posts big blind 20
*** HOLE CARDS ***
Dealt to Mahu2021 [7h Ac]
Al Mancino: calls 10
Mahu2021: raises 60 to 80
Al Mancino: raises 40 to 120 and is all-in
Mahu2021: calls 40
*** FLOP *** [8c 5c 5s]
*** TURN *** [8c 5c 5s] [Qh]
*** RIVER *** [8c 5c 5s Qh] [7s]
*** SHOW DOWN ***
Mahu2021: shows [7h Ac] (two pair, Sevens and Fives)
Al Mancino: shows [9d 7d] (two pair, Sevens and Fives - lower kicker)
Mahu2021 collected 240 from pot
Al Mancino finished the tournament in 2nd place
Mahu2021 wins the tournament and receives $4.00 - congratulations!
*** SUMMARY ***
Total pot 240 | Rake 0 
Board [8c 5c 5s Qh 7s]
Seat 1: Mahu2021 (big blind) showed [7h Ac] and won (240) with two pair, Sevens and Fives
Seat 3: Al Mancino (button) (small blind) showed [9d 7d] and lost with two pair, Sevens and Fives



