PokerStars Hand #252840680235: Tournament #3809915733, $1.84+$0.16 USD Hold'em No Limit - Level I (10/20) - 2024/10/09 13:15:07 CET [2024/10/09 7:15:07 ET]
Table '3809915733 1' 3-max Seat #1 is the button
Seat 1: boruc89 (500 in chips) 
Seat 2: Bstnk69 (500 in chips) 
Seat 3: Mahu2021 (500 in chips) 
Bstnk69: posts small blind 10
Mahu2021: posts big blind 20
*** HOLE CARDS ***
Dealt to Mahu2021 [4d 2h]
boruc89: folds 
Bstnk69 has timed out
Bstnk69: folds 
Bstnk69 is sitting out
Uncalled bet (10) returned to Mahu2021
Mahu2021 collected 20 from pot
Mahu2021: doesn't show hand 
*** SUMMARY ***
Total pot 20 | Rake 0 
Seat 1: boruc89 (button) folded before Flop (didn't bet)
Seat 2: Bstnk69 (small blind) folded before Flop
Seat 3: Mahu2021 (big blind) collected (20)



PokerStars Hand #252840684038: Tournament #3809915733, $1.84+$0.16 USD Hold'em No Limit - Level I (10/20) - 2024/10/09 13:15:35 CET [2024/10/09 7:15:35 ET]
Table '3809915733 1' 3-max Seat #2 is the button
Seat 1: boruc89 (500 in chips) 
Seat 2: Bstnk69 (490 in chips) is sitting out
Seat 3: Mahu2021 (510 in chips) 
Mahu2021: posts small blind 10
boruc89: posts big blind 20
*** HOLE CARDS ***
Dealt to Mahu2021 [Kc Qd]
Bstnk69: folds 
Bstnk69 has returned
Mahu2021: raises 20 to 40
boruc89: raises 460 to 500 and is all-in
Mahu2021: folds 
Uncalled bet (460) returned to boruc89
boruc89 collected 80 from pot
boruc89: doesn't show hand 
*** SUMMARY ***
Total pot 80 | Rake 0 
Seat 1: boruc89 (big blind) collected (80)
Seat 2: Bstnk69 (button) folded before Flop (didn't bet)
Seat 3: Mahu2021 (small blind) folded before Flop



PokerStars Hand #252840685375: Tournament #3809915733, $1.84+$0.16 USD Hold'em No Limit - Level I (10/20) - 2024/10/09 13:15:45 CET [2024/10/09 7:15:45 ET]
Table '3809915733 1' 3-max Seat #3 is the button
Seat 1: boruc89 (540 in chips) 
Seat 2: Bstnk69 (490 in chips) 
Seat 3: Mahu2021 (470 in chips) 
boruc89: posts small blind 10
Bstnk69: posts big blind 20
*** HOLE CARDS ***
Dealt to Mahu2021 [5c Qd]
Mahu2021: folds 
boruc89: calls 10
Bstnk69: checks 
*** FLOP *** [2s 3c 5h]
boruc89: checks 
Bstnk69: bets 30
boruc89: folds 
Uncalled bet (30) returned to Bstnk69
Bstnk69 collected 40 from pot
Bstnk69: doesn't show hand 
*** SUMMARY ***
Total pot 40 | Rake 0 
Board [2s 3c 5h]
Seat 1: boruc89 (small blind) folded on the Flop
Seat 2: Bstnk69 (big blind) collected (40)
Seat 3: Mahu2021 (button) folded before Flop (didn't bet)



PokerStars Hand #252840687582: Tournament #3809915733, $1.84+$0.16 USD Hold'em No Limit - Level I (10/20) - 2024/10/09 13:16:01 CET [2024/10/09 7:16:01 ET]
Table '3809915733 1' 3-max Seat #1 is the button
Seat 1: boruc89 (520 in chips) 
Seat 2: Bstnk69 (510 in chips) 
Seat 3: Mahu2021 (470 in chips) 
Bstnk69: posts small blind 10
Mahu2021: posts big blind 20
*** HOLE CARDS ***
Dealt to Mahu2021 [6h 4c]
boruc89: folds 
Bstnk69: calls 10
Mahu2021: checks 
*** FLOP *** [Js 6d 7c]
Bstnk69: checks 
Mahu2021: checks 
*** TURN *** [Js 6d 7c] [Kc]
Bstnk69: checks 
Mahu2021: bets 20
Bstnk69: folds 
Uncalled bet (20) returned to Mahu2021
Mahu2021 collected 40 from pot
Mahu2021: doesn't show hand 
*** SUMMARY ***
Total pot 40 | Rake 0 
Board [Js 6d 7c Kc]
Seat 1: boruc89 (button) folded before Flop (didn't bet)
Seat 2: Bstnk69 (small blind) folded on the Turn
Seat 3: Mahu2021 (big blind) collected (40)



PokerStars Hand #252840690457: Tournament #3809915733, $1.84+$0.16 USD Hold'em No Limit - Level I (10/20) - 2024/10/09 13:16:22 CET [2024/10/09 7:16:22 ET]
Table '3809915733 1' 3-max Seat #2 is the button
Seat 1: boruc89 (520 in chips) 
Seat 2: Bstnk69 (490 in chips) 
Seat 3: Mahu2021 (490 in chips) 
Mahu2021: posts small blind 10
boruc89: posts big blind 20
*** HOLE CARDS ***
Dealt to Mahu2021 [Kh Qc]
Bstnk69: folds 
Mahu2021: raises 20 to 40
boruc89: calls 20
*** FLOP *** [7s 9c Qs]
Mahu2021: bets 40
boruc89: raises 440 to 480 and is all-in
Mahu2021: calls 410 and is all-in
Uncalled bet (30) returned to boruc89
*** TURN *** [7s 9c Qs] [6s]
*** RIVER *** [7s 9c Qs 6s] [3d]
*** SHOW DOWN ***
Mahu2021: shows [Kh Qc] (a pair of Queens)
boruc89: shows [8h Qh] (a pair of Queens - lower kicker)
Mahu2021 collected 980 from pot
*** SUMMARY ***
Total pot 980 | Rake 0 
Board [7s 9c Qs 6s 3d]
Seat 1: boruc89 (big blind) showed [8h Qh] and lost with a pair of Queens
Seat 2: Bstnk69 (button) folded before Flop (didn't bet)
Seat 3: Mahu2021 (small blind) showed [Kh Qc] and won (980) with a pair of Queens



PokerStars Hand #252840693212: Tournament #3809915733, $1.84+$0.16 USD Hold'em No Limit - Level I (10/20) - 2024/10/09 13:16:42 CET [2024/10/09 7:16:42 ET]
Table '3809915733 1' 3-max Seat #3 is the button
Seat 1: boruc89 (30 in chips) 
Seat 2: Bstnk69 (490 in chips) 
Seat 3: Mahu2021 (980 in chips) 
boruc89: posts small blind 10
Bstnk69: posts big blind 20
*** HOLE CARDS ***
Dealt to Mahu2021 [Ks 2d]
Mahu2021: raises 20 to 40
boruc89: folds 
Bstnk69: calls 20
*** FLOP *** [6c 8s Jc]
Bstnk69: checks 
Mahu2021: checks 
*** TURN *** [6c 8s Jc] [2s]
Bstnk69: checks 
Mahu2021: bets 20
Bstnk69: calls 20
*** RIVER *** [6c 8s Jc 2s] [8h]
Bstnk69: checks 
Mahu2021: checks 
*** SHOW DOWN ***
Bstnk69: shows [5h 7h] (a pair of Eights)
Mahu2021: shows [Ks 2d] (two pair, Eights and Deuces)
Mahu2021 collected 130 from pot
*** SUMMARY ***
Total pot 130 | Rake 0 
Board [6c 8s Jc 2s 8h]
Seat 1: boruc89 (small blind) folded before Flop
Seat 2: Bstnk69 (big blind) showed [5h 7h] and lost with a pair of Eights
Seat 3: Mahu2021 (button) showed [Ks 2d] and won (130) with two pair, Eights and Deuces



PokerStars Hand #252840695961: Tournament #3809915733, $1.84+$0.16 USD Hold'em No Limit - Level I (10/20) - 2024/10/09 13:17:03 CET [2024/10/09 7:17:03 ET]
Table '3809915733 1' 3-max Seat #1 is the button
Seat 1: boruc89 (20 in chips) 
Seat 2: Bstnk69 (430 in chips) 
Seat 3: Mahu2021 (1050 in chips) 
Bstnk69: posts small blind 10
Mahu2021: posts big blind 20
*** HOLE CARDS ***
Dealt to Mahu2021 [4d 9s]
boruc89: calls 20 and is all-in
Bstnk69: raises 30 to 50
Mahu2021: folds 
Uncalled bet (30) returned to Bstnk69
*** FLOP *** [8h Qh 6h]
*** TURN *** [8h Qh 6h] [Th]
*** RIVER *** [8h Qh 6h Th] [Ad]
*** SHOW DOWN ***
Bstnk69: shows [9h 9c] (a flush, Queen high)
boruc89: shows [5h 8s] (a flush, Queen high - lower cards)
Bstnk69 collected 60 from pot
boruc89 finished the tournament in 3rd place
*** SUMMARY ***
Total pot 60 | Rake 0 
Board [8h Qh 6h Th Ad]
Seat 1: boruc89 (button) showed [5h 8s] and lost with a flush, Queen high
Seat 2: Bstnk69 (small blind) showed [9h 9c] and won (60) with a flush, Queen high
Seat 3: Mahu2021 (big blind) folded before Flop



PokerStars Hand #252840698116: Tournament #3809915733, $1.84+$0.16 USD Hold'em No Limit - Level I (10/20) - 2024/10/09 13:17:19 CET [2024/10/09 7:17:19 ET]
Table '3809915733 1' 3-max Seat #3 is the button
Seat 2: Bstnk69 (470 in chips) 
Seat 3: Mahu2021 (1030 in chips) 
Mahu2021: posts small blind 10
Bstnk69: posts big blind 20
*** HOLE CARDS ***
Dealt to Mahu2021 [7c Ts]
Mahu2021: calls 10
Bstnk69: raises 30 to 50
Mahu2021: folds 
Uncalled bet (30) returned to Bstnk69
Bstnk69 collected 40 from pot
Bstnk69: doesn't show hand 
*** SUMMARY ***
Total pot 40 | Rake 0 
Seat 2: Bstnk69 (big blind) collected (40)
Seat 3: Mahu2021 (button) (small blind) folded before Flop



PokerStars Hand #252840699533: Tournament #3809915733, $1.84+$0.16 USD Hold'em No Limit - Level I (10/20) - 2024/10/09 13:17:29 CET [2024/10/09 7:17:29 ET]
Table '3809915733 1' 3-max Seat #2 is the button
Seat 2: Bstnk69 (490 in chips) 
Seat 3: Mahu2021 (1010 in chips) 
Bstnk69: posts small blind 10
Mahu2021: posts big blind 20
*** HOLE CARDS ***
Dealt to Mahu2021 [Kc 8d]
Bstnk69: calls 10
Mahu2021: raises 40 to 60
Bstnk69: folds 
Uncalled bet (40) returned to Mahu2021
Mahu2021 collected 40 from pot
Mahu2021: doesn't show hand 
*** SUMMARY ***
Total pot 40 | Rake 0 
Seat 2: Bstnk69 (button) (small blind) folded before Flop
Seat 3: Mahu2021 (big blind) collected (40)



PokerStars Hand #252840700586: Tournament #3809915733, $1.84+$0.16 USD Hold'em No Limit - Level I (10/20) - 2024/10/09 13:17:37 CET [2024/10/09 7:17:37 ET]
Table '3809915733 1' 3-max Seat #3 is the button
Seat 2: Bstnk69 (470 in chips) 
Seat 3: Mahu2021 (1030 in chips) 
Mahu2021: posts small blind 10
Bstnk69: posts big blind 20
*** HOLE CARDS ***
Dealt to Mahu2021 [9c 7d]
Mahu2021: folds 
Uncalled bet (10) returned to Bstnk69
Bstnk69 collected 20 from pot
Bstnk69: doesn't show hand 
*** SUMMARY ***
Total pot 20 | Rake 0 
Seat 2: Bstnk69 (big blind) collected (20)
Seat 3: Mahu2021 (button) (small blind) folded before Flop



PokerStars Hand #252840701132: Tournament #3809915733, $1.84+$0.16 USD Hold'em No Limit - Level I (10/20) - 2024/10/09 13:17:41 CET [2024/10/09 7:17:41 ET]
Table '3809915733 1' 3-max Seat #2 is the button
Seat 2: Bstnk69 (480 in chips) 
Seat 3: Mahu2021 (1020 in chips) 
Bstnk69: posts small blind 10
Mahu2021: posts big blind 20
*** HOLE CARDS ***
Dealt to Mahu2021 [Kc Tc]
Bstnk69: folds 
Uncalled bet (10) returned to Mahu2021
Mahu2021 collected 20 from pot
Mahu2021: doesn't show hand 
*** SUMMARY ***
Total pot 20 | Rake 0 
Seat 2: Bstnk69 (button) (small blind) folded before Flop
Seat 3: Mahu2021 (big blind) collected (20)



PokerStars Hand #252840701706: Tournament #3809915733, $1.84+$0.16 USD Hold'em No Limit - Level I (10/20) - 2024/10/09 13:17:46 CET [2024/10/09 7:17:46 ET]
Table '3809915733 1' 3-max Seat #3 is the button
Seat 2: Bstnk69 (470 in chips) 
Seat 3: Mahu2021 (1030 in chips) 
Mahu2021: posts small blind 10
Bstnk69: posts big blind 20
*** HOLE CARDS ***
Dealt to Mahu2021 [Th 6h]
Mahu2021: raises 40 to 60
Bstnk69: calls 40
*** FLOP *** [3c 2h As]
Bstnk69: checks 
Mahu2021: checks 
*** TURN *** [3c 2h As] [4h]
Bstnk69: checks 
Mahu2021: bets 60
Bstnk69: folds 
Uncalled bet (60) returned to Mahu2021
Mahu2021 collected 120 from pot
Mahu2021: doesn't show hand 
*** SUMMARY ***
Total pot 120 | Rake 0 
Board [3c 2h As 4h]
Seat 2: Bstnk69 (big blind) folded on the Turn
Seat 3: Mahu2021 (button) (small blind) collected (120)



PokerStars Hand #252840703870: Tournament #3809915733, $1.84+$0.16 USD Hold'em No Limit - Level I (10/20) - 2024/10/09 13:18:02 CET [2024/10/09 7:18:02 ET]
Table '3809915733 1' 3-max Seat #2 is the button
Seat 2: Bstnk69 (410 in chips) 
Seat 3: Mahu2021 (1090 in chips) 
Bstnk69: posts small blind 10
Mahu2021: posts big blind 20
*** HOLE CARDS ***
Dealt to Mahu2021 [Js 6h]
Bstnk69: folds 
Uncalled bet (10) returned to Mahu2021
Mahu2021 collected 20 from pot
Mahu2021: doesn't show hand 
*** SUMMARY ***
Total pot 20 | Rake 0 
Seat 2: Bstnk69 (button) (small blind) folded before Flop
Seat 3: Mahu2021 (big blind) collected (20)



PokerStars Hand #252840705328: Tournament #3809915733, $1.84+$0.16 USD Hold'em No Limit - Level II (15/30) - 2024/10/09 13:18:13 CET [2024/10/09 7:18:13 ET]
Table '3809915733 1' 3-max Seat #3 is the button
Seat 2: Bstnk69 (400 in chips) 
Seat 3: Mahu2021 (1100 in chips) 
Mahu2021: posts small blind 15
Bstnk69: posts big blind 30
*** HOLE CARDS ***
Dealt to Mahu2021 [7s Qc]
Mahu2021: calls 15
Bstnk69: checks 
*** FLOP *** [5s 9c 5h]
Bstnk69: checks 
Mahu2021: checks 
*** TURN *** [5s 9c 5h] [7c]
Bstnk69: checks 
Mahu2021: bets 30
Bstnk69: calls 30
*** RIVER *** [5s 9c 5h 7c] [9h]
Bstnk69: checks 
Mahu2021: bets 30
Bstnk69: calls 30
*** SHOW DOWN ***
Mahu2021: shows [7s Qc] (two pair, Nines and Sevens)
Bstnk69: mucks hand 
Mahu2021 collected 180 from pot
*** SUMMARY ***
Total pot 180 | Rake 0 
Board [5s 9c 5h 7c 9h]
Seat 2: Bstnk69 (big blind) mucked [7d 2d]
Seat 3: Mahu2021 (button) (small blind) showed [7s Qc] and won (180) with two pair, Nines and Sevens



PokerStars Hand #252840707971: Tournament #3809915733, $1.84+$0.16 USD Hold'em No Limit - Level II (15/30) - 2024/10/09 13:18:33 CET [2024/10/09 7:18:33 ET]
Table '3809915733 1' 3-max Seat #2 is the button
Seat 2: Bstnk69 (310 in chips) 
Seat 3: Mahu2021 (1190 in chips) 
Bstnk69: posts small blind 15
Mahu2021: posts big blind 30
*** HOLE CARDS ***
Dealt to Mahu2021 [2c Th]
Bstnk69: raises 280 to 310 and is all-in
Mahu2021: folds 
Uncalled bet (280) returned to Bstnk69
Bstnk69 collected 60 from pot
Bstnk69: doesn't show hand 
*** SUMMARY ***
Total pot 60 | Rake 0 
Seat 2: Bstnk69 (button) (small blind) collected (60)
Seat 3: Mahu2021 (big blind) folded before Flop



PokerStars Hand #252840708718: Tournament #3809915733, $1.84+$0.16 USD Hold'em No Limit - Level II (15/30) - 2024/10/09 13:18:38 CET [2024/10/09 7:18:38 ET]
Table '3809915733 1' 3-max Seat #3 is the button
Seat 2: Bstnk69 (340 in chips) 
Seat 3: Mahu2021 (1160 in chips) 
Mahu2021: posts small blind 15
Bstnk69: posts big blind 30
*** HOLE CARDS ***
Dealt to Mahu2021 [Ac 3s]
Mahu2021: raises 1130 to 1160 and is all-in
Bstnk69: folds 
Uncalled bet (1130) returned to Mahu2021
Mahu2021 collected 60 from pot
Mahu2021: doesn't show hand 
*** SUMMARY ***
Total pot 60 | Rake 0 
Seat 2: Bstnk69 (big blind) folded before Flop
Seat 3: Mahu2021 (button) (small blind) collected (60)



PokerStars Hand #252840709583: Tournament #3809915733, $1.84+$0.16 USD Hold'em No Limit - Level II (15/30) - 2024/10/09 13:18:45 CET [2024/10/09 7:18:45 ET]
Table '3809915733 1' 3-max Seat #2 is the button
Seat 2: Bstnk69 (310 in chips) 
Seat 3: Mahu2021 (1190 in chips) 
Bstnk69: posts small blind 15
Mahu2021: posts big blind 30
*** HOLE CARDS ***
Dealt to Mahu2021 [6d 3h]
Bstnk69: calls 15
Mahu2021: checks 
*** FLOP *** [Js 5h Tc]
Mahu2021: checks 
Bstnk69: bets 30
Mahu2021: folds 
Uncalled bet (30) returned to Bstnk69
Bstnk69 collected 60 from pot
Bstnk69: doesn't show hand 
*** SUMMARY ***
Total pot 60 | Rake 0 
Board [Js 5h Tc]
Seat 2: Bstnk69 (button) (small blind) collected (60)
Seat 3: Mahu2021 (big blind) folded on the Flop



PokerStars Hand #252840710934: Tournament #3809915733, $1.84+$0.16 USD Hold'em No Limit - Level II (15/30) - 2024/10/09 13:18:55 CET [2024/10/09 7:18:55 ET]
Table '3809915733 1' 3-max Seat #3 is the button
Seat 2: Bstnk69 (340 in chips) 
Seat 3: Mahu2021 (1160 in chips) 
Mahu2021: posts small blind 15
Bstnk69: posts big blind 30
*** HOLE CARDS ***
Dealt to Mahu2021 [4s 7s]
Mahu2021: folds 
Uncalled bet (15) returned to Bstnk69
Bstnk69 collected 30 from pot
Bstnk69: doesn't show hand 
*** SUMMARY ***
Total pot 30 | Rake 0 
Seat 2: Bstnk69 (big blind) collected (30)
Seat 3: Mahu2021 (button) (small blind) folded before Flop



PokerStars Hand #252840711483: Tournament #3809915733, $1.84+$0.16 USD Hold'em No Limit - Level II (15/30) - 2024/10/09 13:18:59 CET [2024/10/09 7:18:59 ET]
Table '3809915733 1' 3-max Seat #2 is the button
Seat 2: Bstnk69 (355 in chips) 
Seat 3: Mahu2021 (1145 in chips) 
Bstnk69: posts small blind 15
Mahu2021: posts big blind 30
*** HOLE CARDS ***
Dealt to Mahu2021 [6h 3h]
Bstnk69: calls 15
Mahu2021: checks 
*** FLOP *** [8d 8c Jh]
Mahu2021: checks 
Bstnk69: checks 
*** TURN *** [8d 8c Jh] [Qs]
Mahu2021: checks 
Bstnk69: checks 
*** RIVER *** [8d 8c Jh Qs] [5d]
Mahu2021: checks 
Bstnk69: checks 
*** SHOW DOWN ***
Mahu2021: shows [6h 3h] (a pair of Eights)
Bstnk69: shows [Ks 9h] (a pair of Eights - King kicker)
Bstnk69 collected 60 from pot
*** SUMMARY ***
Total pot 60 | Rake 0 
Board [8d 8c Jh Qs 5d]
Seat 2: Bstnk69 (button) (small blind) showed [Ks 9h] and won (60) with a pair of Eights
Seat 3: Mahu2021 (big blind) showed [6h 3h] and lost with a pair of Eights



PokerStars Hand #252840713634: Tournament #3809915733, $1.84+$0.16 USD Hold'em No Limit - Level II (15/30) - 2024/10/09 13:19:16 CET [2024/10/09 7:19:16 ET]
Table '3809915733 1' 3-max Seat #3 is the button
Seat 2: Bstnk69 (385 in chips) 
Seat 3: Mahu2021 (1115 in chips) 
Mahu2021: posts small blind 15
Bstnk69: posts big blind 30
*** HOLE CARDS ***
Dealt to Mahu2021 [6c 3d]
Mahu2021: folds 
Uncalled bet (15) returned to Bstnk69
Bstnk69 collected 30 from pot
Bstnk69: doesn't show hand 
*** SUMMARY ***
Total pot 30 | Rake 0 
Seat 2: Bstnk69 (big blind) collected (30)
Seat 3: Mahu2021 (button) (small blind) folded before Flop



PokerStars Hand #252840714162: Tournament #3809915733, $1.84+$0.16 USD Hold'em No Limit - Level II (15/30) - 2024/10/09 13:19:20 CET [2024/10/09 7:19:20 ET]
Table '3809915733 1' 3-max Seat #2 is the button
Seat 2: Bstnk69 (400 in chips) 
Seat 3: Mahu2021 (1100 in chips) 
Bstnk69: posts small blind 15
Mahu2021: posts big blind 30
*** HOLE CARDS ***
Dealt to Mahu2021 [Td 9d]
Bstnk69: calls 15
Mahu2021: raises 60 to 90
Bstnk69: folds 
Uncalled bet (60) returned to Mahu2021
Mahu2021 collected 60 from pot
Mahu2021: doesn't show hand 
*** SUMMARY ***
Total pot 60 | Rake 0 
Seat 2: Bstnk69 (button) (small blind) folded before Flop
Seat 3: Mahu2021 (big blind) collected (60)



PokerStars Hand #252840715869: Tournament #3809915733, $1.84+$0.16 USD Hold'em No Limit - Level II (15/30) - 2024/10/09 13:19:32 CET [2024/10/09 7:19:32 ET]
Table '3809915733 1' 3-max Seat #3 is the button
Seat 2: Bstnk69 (370 in chips) 
Seat 3: Mahu2021 (1130 in chips) 
Mahu2021: posts small blind 15
Bstnk69: posts big blind 30
*** HOLE CARDS ***
Dealt to Mahu2021 [Js 3d]
Mahu2021: calls 15
Bstnk69: checks 
*** FLOP *** [3h Jc Qc]
Bstnk69: checks 
Mahu2021: bets 30
Bstnk69: folds 
Uncalled bet (30) returned to Mahu2021
Mahu2021 collected 60 from pot
Mahu2021: doesn't show hand 
*** SUMMARY ***
Total pot 60 | Rake 0 
Board [3h Jc Qc]
Seat 2: Bstnk69 (big blind) folded on the Flop
Seat 3: Mahu2021 (button) (small blind) collected (60)



PokerStars Hand #252840717952: Tournament #3809915733, $1.84+$0.16 USD Hold'em No Limit - Level II (15/30) - 2024/10/09 13:19:48 CET [2024/10/09 7:19:48 ET]
Table '3809915733 1' 3-max Seat #2 is the button
Seat 2: Bstnk69 (340 in chips) 
Seat 3: Mahu2021 (1160 in chips) 
Bstnk69: posts small blind 15
Mahu2021: posts big blind 30
*** HOLE CARDS ***
Dealt to Mahu2021 [8d 4d]
Bstnk69: raises 30 to 60
Mahu2021: calls 30
*** FLOP *** [4h 8h 9s]
Mahu2021: checks 
Bstnk69: checks 
*** TURN *** [4h 8h 9s] [Ah]
Mahu2021: bets 60
Bstnk69: calls 60
*** RIVER *** [4h 8h 9s Ah] [Jc]
Mahu2021: bets 60
Bstnk69: raises 160 to 220 and is all-in
Mahu2021: calls 160
*** SHOW DOWN ***
Bstnk69: shows [Qh Td] (a straight, Eight to Queen)
Mahu2021: shows [8d 4d] (two pair, Eights and Fours)
Bstnk69 collected 680 from pot
*** SUMMARY ***
Total pot 680 | Rake 0 
Board [4h 8h 9s Ah Jc]
Seat 2: Bstnk69 (button) (small blind) showed [Qh Td] and won (680) with a straight, Eight to Queen
Seat 3: Mahu2021 (big blind) showed [8d 4d] and lost with two pair, Eights and Fours



PokerStars Hand #252840721097: Tournament #3809915733, $1.84+$0.16 USD Hold'em No Limit - Level II (15/30) - 2024/10/09 13:20:11 CET [2024/10/09 7:20:11 ET]
Table '3809915733 1' 3-max Seat #3 is the button
Seat 2: Bstnk69 (680 in chips) 
Seat 3: Mahu2021 (820 in chips) 
Mahu2021: posts small blind 15
Bstnk69: posts big blind 30
*** HOLE CARDS ***
Dealt to Mahu2021 [Qh 6h]
Mahu2021: calls 15
Bstnk69: raises 30 to 60
Mahu2021: calls 30
*** FLOP *** [3h Qd 9d]
Bstnk69: checks 
Mahu2021: bets 120
Bstnk69: folds 
Uncalled bet (120) returned to Mahu2021
Mahu2021 collected 120 from pot
Mahu2021: doesn't show hand 
*** SUMMARY ***
Total pot 120 | Rake 0 
Board [3h Qd 9d]
Seat 2: Bstnk69 (big blind) folded on the Flop
Seat 3: Mahu2021 (button) (small blind) collected (120)



PokerStars Hand #252840722941: Tournament #3809915733, $1.84+$0.16 USD Hold'em No Limit - Level II (15/30) - 2024/10/09 13:20:25 CET [2024/10/09 7:20:25 ET]
Table '3809915733 1' 3-max Seat #2 is the button
Seat 2: Bstnk69 (620 in chips) 
Seat 3: Mahu2021 (880 in chips) 
Bstnk69: posts small blind 15
Mahu2021: posts big blind 30
*** HOLE CARDS ***
Dealt to Mahu2021 [Jc Kc]
Bstnk69: calls 15
Mahu2021: raises 90 to 120
Bstnk69: folds 
Uncalled bet (90) returned to Mahu2021
Mahu2021 collected 60 from pot
Mahu2021: doesn't show hand 
*** SUMMARY ***
Total pot 60 | Rake 0 
Seat 2: Bstnk69 (button) (small blind) folded before Flop
Seat 3: Mahu2021 (big blind) collected (60)



PokerStars Hand #252840724909: Tournament #3809915733, $1.84+$0.16 USD Hold'em No Limit - Level II (15/30) - 2024/10/09 13:20:39 CET [2024/10/09 7:20:39 ET]
Table '3809915733 1' 3-max Seat #3 is the button
Seat 2: Bstnk69 (590 in chips) 
Seat 3: Mahu2021 (910 in chips) 
Mahu2021: posts small blind 15
Bstnk69: posts big blind 30
*** HOLE CARDS ***
Dealt to Mahu2021 [Ac 2h]
Mahu2021: calls 15
Bstnk69: checks 
*** FLOP *** [6s 3h 5h]
Bstnk69: checks 
Mahu2021: checks 
*** TURN *** [6s 3h 5h] [Kh]
Bstnk69: bets 45
Mahu2021: folds 
Uncalled bet (45) returned to Bstnk69
Bstnk69 collected 60 from pot
Bstnk69: doesn't show hand 
*** SUMMARY ***
Total pot 60 | Rake 0 
Board [6s 3h 5h Kh]
Seat 2: Bstnk69 (big blind) collected (60)
Seat 3: Mahu2021 (button) (small blind) folded on the Turn



PokerStars Hand #252840726675: Tournament #3809915733, $1.84+$0.16 USD Hold'em No Limit - Level II (15/30) - 2024/10/09 13:20:52 CET [2024/10/09 7:20:52 ET]
Table '3809915733 1' 3-max Seat #2 is the button
Seat 2: Bstnk69 (620 in chips) 
Seat 3: Mahu2021 (880 in chips) 
Bstnk69: posts small blind 15
Mahu2021: posts big blind 30
*** HOLE CARDS ***
Dealt to Mahu2021 [2s 7d]
Bstnk69: calls 15
Mahu2021: checks 
*** FLOP *** [3s 7c 2d]
Mahu2021: checks 
Bstnk69: checks 
*** TURN *** [3s 7c 2d] [7h]
Mahu2021: bets 30
Bstnk69: folds 
Uncalled bet (30) returned to Mahu2021
Mahu2021 collected 60 from pot
Mahu2021: doesn't show hand 
*** SUMMARY ***
Total pot 60 | Rake 0 
Board [3s 7c 2d 7h]
Seat 2: Bstnk69 (button) (small blind) folded on the Turn
Seat 3: Mahu2021 (big blind) collected (60)



PokerStars Hand #252840729455: Tournament #3809915733, $1.84+$0.16 USD Hold'em No Limit - Level III (20/40) - 2024/10/09 13:21:13 CET [2024/10/09 7:21:13 ET]
Table '3809915733 1' 3-max Seat #3 is the button
Seat 2: Bstnk69 (590 in chips) 
Seat 3: Mahu2021 (910 in chips) 
Mahu2021: posts small blind 20
Bstnk69: posts big blind 40
*** HOLE CARDS ***
Dealt to Mahu2021 [7d 3h]
Mahu2021: folds 
Uncalled bet (20) returned to Bstnk69
Bstnk69 collected 40 from pot
Bstnk69: doesn't show hand 
*** SUMMARY ***
Total pot 40 | Rake 0 
Seat 2: Bstnk69 (big blind) collected (40)
Seat 3: Mahu2021 (button) (small blind) folded before Flop



PokerStars Hand #252840730017: Tournament #3809915733, $1.84+$0.16 USD Hold'em No Limit - Level III (20/40) - 2024/10/09 13:21:17 CET [2024/10/09 7:21:17 ET]
Table '3809915733 1' 3-max Seat #2 is the button
Seat 2: Bstnk69 (610 in chips) 
Seat 3: Mahu2021 (890 in chips) 
Bstnk69: posts small blind 20
Mahu2021: posts big blind 40
*** HOLE CARDS ***
Dealt to Mahu2021 [9s Jh]
Bstnk69: calls 20
Mahu2021: raises 120 to 160
Bstnk69: folds 
Uncalled bet (120) returned to Mahu2021
Mahu2021 collected 80 from pot
Mahu2021: doesn't show hand 
*** SUMMARY ***
Total pot 80 | Rake 0 
Seat 2: Bstnk69 (button) (small blind) folded before Flop
Seat 3: Mahu2021 (big blind) collected (80)



PokerStars Hand #252840731157: Tournament #3809915733, $1.84+$0.16 USD Hold'em No Limit - Level III (20/40) - 2024/10/09 13:21:26 CET [2024/10/09 7:21:26 ET]
Table '3809915733 1' 3-max Seat #3 is the button
Seat 2: Bstnk69 (570 in chips) 
Seat 3: Mahu2021 (930 in chips) 
Mahu2021: posts small blind 20
Bstnk69: posts big blind 40
*** HOLE CARDS ***
Dealt to Mahu2021 [6h 7s]
Mahu2021: calls 20
Bstnk69: checks 
*** FLOP *** [Jh Js 8d]
Bstnk69: checks 
Mahu2021: bets 40
Bstnk69: calls 40
*** TURN *** [Jh Js 8d] [Qh]
Bstnk69: checks 
Mahu2021: checks 
*** RIVER *** [Jh Js 8d Qh] [Qc]
Bstnk69: bets 40
Mahu2021: folds 
Uncalled bet (40) returned to Bstnk69
Bstnk69 collected 160 from pot
Bstnk69: doesn't show hand 
*** SUMMARY ***
Total pot 160 | Rake 0 
Board [Jh Js 8d Qh Qc]
Seat 2: Bstnk69 (big blind) collected (160)
Seat 3: Mahu2021 (button) (small blind) folded on the River



PokerStars Hand #252840733945: Tournament #3809915733, $1.84+$0.16 USD Hold'em No Limit - Level III (20/40) - 2024/10/09 13:21:46 CET [2024/10/09 7:21:46 ET]
Table '3809915733 1' 3-max Seat #2 is the button
Seat 2: Bstnk69 (650 in chips) 
Seat 3: Mahu2021 (850 in chips) 
Bstnk69: posts small blind 20
Mahu2021: posts big blind 40
*** HOLE CARDS ***
Dealt to Mahu2021 [8h 7h]
Bstnk69: calls 20
Mahu2021: checks 
*** FLOP *** [7s 2c 2d]
Mahu2021: bets 80
Bstnk69: folds 
Uncalled bet (80) returned to Mahu2021
Mahu2021 collected 80 from pot
Mahu2021: doesn't show hand 
*** SUMMARY ***
Total pot 80 | Rake 0 
Board [7s 2c 2d]
Seat 2: Bstnk69 (button) (small blind) folded on the Flop
Seat 3: Mahu2021 (big blind) collected (80)



PokerStars Hand #252840735866: Tournament #3809915733, $1.84+$0.16 USD Hold'em No Limit - Level III (20/40) - 2024/10/09 13:22:01 CET [2024/10/09 7:22:01 ET]
Table '3809915733 1' 3-max Seat #3 is the button
Seat 2: Bstnk69 (610 in chips) 
Seat 3: Mahu2021 (890 in chips) 
Mahu2021: posts small blind 20
Bstnk69: posts big blind 40
*** HOLE CARDS ***
Dealt to Mahu2021 [2d Th]
Mahu2021: folds 
Uncalled bet (20) returned to Bstnk69
Bstnk69 collected 40 from pot
Bstnk69: doesn't show hand 
*** SUMMARY ***
Total pot 40 | Rake 0 
Seat 2: Bstnk69 (big blind) collected (40)
Seat 3: Mahu2021 (button) (small blind) folded before Flop



PokerStars Hand #252840736400: Tournament #3809915733, $1.84+$0.16 USD Hold'em No Limit - Level III (20/40) - 2024/10/09 13:22:05 CET [2024/10/09 7:22:05 ET]
Table '3809915733 1' 3-max Seat #2 is the button
Seat 2: Bstnk69 (630 in chips) 
Seat 3: Mahu2021 (870 in chips) 
Bstnk69: posts small blind 20
Mahu2021: posts big blind 40
*** HOLE CARDS ***
Dealt to Mahu2021 [3c Kc]
Bstnk69: calls 20
Mahu2021: raises 80 to 120
Bstnk69: folds 
Uncalled bet (80) returned to Mahu2021
Mahu2021 collected 80 from pot
Mahu2021: doesn't show hand 
*** SUMMARY ***
Total pot 80 | Rake 0 
Seat 2: Bstnk69 (button) (small blind) folded before Flop
Seat 3: Mahu2021 (big blind) collected (80)



PokerStars Hand #252840737836: Tournament #3809915733, $1.84+$0.16 USD Hold'em No Limit - Level III (20/40) - 2024/10/09 13:22:16 CET [2024/10/09 7:22:16 ET]
Table '3809915733 1' 3-max Seat #3 is the button
Seat 2: Bstnk69 (590 in chips) 
Seat 3: Mahu2021 (910 in chips) 
Mahu2021: posts small blind 20
Bstnk69: posts big blind 40
*** HOLE CARDS ***
Dealt to Mahu2021 [3d 2d]
Mahu2021: calls 20
Bstnk69: checks 
*** FLOP *** [7d Jc 4c]
Bstnk69: checks 
Mahu2021: checks 
*** TURN *** [7d Jc 4c] [2c]
Bstnk69: checks 
Mahu2021: bets 40
Bstnk69: calls 40
*** RIVER *** [7d Jc 4c 2c] [7h]
Bstnk69: checks 
Mahu2021: checks 
*** SHOW DOWN ***
Bstnk69: shows [5s 9c] (a pair of Sevens)
Mahu2021: shows [3d 2d] (two pair, Sevens and Deuces)
Mahu2021 collected 160 from pot
*** SUMMARY ***
Total pot 160 | Rake 0 
Board [7d Jc 4c 2c 7h]
Seat 2: Bstnk69 (big blind) showed [5s 9c] and lost with a pair of Sevens
Seat 3: Mahu2021 (button) (small blind) showed [3d 2d] and won (160) with two pair, Sevens and Deuces



PokerStars Hand #252840740594: Tournament #3809915733, $1.84+$0.16 USD Hold'em No Limit - Level III (20/40) - 2024/10/09 13:22:36 CET [2024/10/09 7:22:36 ET]
Table '3809915733 1' 3-max Seat #2 is the button
Seat 2: Bstnk69 (510 in chips) 
Seat 3: Mahu2021 (990 in chips) 
Bstnk69: posts small blind 20
Mahu2021: posts big blind 40
*** HOLE CARDS ***
Dealt to Mahu2021 [9d 6h]
Bstnk69: calls 20
Mahu2021: checks 
*** FLOP *** [Tc 3s Th]
Mahu2021: checks 
Bstnk69: bets 40
Mahu2021: folds 
Uncalled bet (40) returned to Bstnk69
Bstnk69 collected 80 from pot
Bstnk69: doesn't show hand 
*** SUMMARY ***
Total pot 80 | Rake 0 
Board [Tc 3s Th]
Seat 2: Bstnk69 (button) (small blind) collected (80)
Seat 3: Mahu2021 (big blind) folded on the Flop



PokerStars Hand #252840741812: Tournament #3809915733, $1.84+$0.16 USD Hold'em No Limit - Level III (20/40) - 2024/10/09 13:22:46 CET [2024/10/09 7:22:46 ET]
Table '3809915733 1' 3-max Seat #3 is the button
Seat 2: Bstnk69 (550 in chips) 
Seat 3: Mahu2021 (950 in chips) 
Mahu2021: posts small blind 20
Bstnk69: posts big blind 40
*** HOLE CARDS ***
Dealt to Mahu2021 [Ts 8d]
Mahu2021: calls 20
Bstnk69: checks 
*** FLOP *** [3d 7c 6h]
Bstnk69: checks 
Mahu2021: bets 40
Bstnk69: calls 40
*** TURN *** [3d 7c 6h] [3s]
Bstnk69: checks 
Mahu2021: checks 
*** RIVER *** [3d 7c 6h 3s] [Ah]
Bstnk69: bets 120
Mahu2021: folds 
Uncalled bet (120) returned to Bstnk69
Bstnk69 collected 160 from pot
Bstnk69: doesn't show hand 
*** SUMMARY ***
Total pot 160 | Rake 0 
Board [3d 7c 6h 3s Ah]
Seat 2: Bstnk69 (big blind) collected (160)
Seat 3: Mahu2021 (button) (small blind) folded on the River



PokerStars Hand #252840743742: Tournament #3809915733, $1.84+$0.16 USD Hold'em No Limit - Level III (20/40) - 2024/10/09 13:23:00 CET [2024/10/09 7:23:00 ET]
Table '3809915733 1' 3-max Seat #2 is the button
Seat 2: Bstnk69 (630 in chips) 
Seat 3: Mahu2021 (870 in chips) 
Bstnk69: posts small blind 20
Mahu2021: posts big blind 40
*** HOLE CARDS ***
Dealt to Mahu2021 [5d 9c]
Bstnk69: raises 40 to 80
Mahu2021: folds 
Uncalled bet (40) returned to Bstnk69
Bstnk69 collected 80 from pot
Bstnk69: doesn't show hand 
*** SUMMARY ***
Total pot 80 | Rake 0 
Seat 2: Bstnk69 (button) (small blind) collected (80)
Seat 3: Mahu2021 (big blind) folded before Flop



PokerStars Hand #252840744389: Tournament #3809915733, $1.84+$0.16 USD Hold'em No Limit - Level III (20/40) - 2024/10/09 13:23:05 CET [2024/10/09 7:23:05 ET]
Table '3809915733 1' 3-max Seat #3 is the button
Seat 2: Bstnk69 (670 in chips) 
Seat 3: Mahu2021 (830 in chips) 
Mahu2021: posts small blind 20
Bstnk69: posts big blind 40
*** HOLE CARDS ***
Dealt to Mahu2021 [4c Ac]
Mahu2021: raises 40 to 80
Bstnk69: folds 
Uncalled bet (40) returned to Mahu2021
Mahu2021 collected 80 from pot
Mahu2021: doesn't show hand 
*** SUMMARY ***
Total pot 80 | Rake 0 
Seat 2: Bstnk69 (big blind) folded before Flop
Seat 3: Mahu2021 (button) (small blind) collected (80)



PokerStars Hand #252840745185: Tournament #3809915733, $1.84+$0.16 USD Hold'em No Limit - Level III (20/40) - 2024/10/09 13:23:11 CET [2024/10/09 7:23:11 ET]
Table '3809915733 1' 3-max Seat #2 is the button
Seat 2: Bstnk69 (630 in chips) 
Seat 3: Mahu2021 (870 in chips) 
Bstnk69: posts small blind 20
Mahu2021: posts big blind 40
*** HOLE CARDS ***
Dealt to Mahu2021 [7h 8h]
Bstnk69: raises 40 to 80
Mahu2021: calls 40
*** FLOP *** [Tc 6h 2h]
Mahu2021: checks 
Bstnk69: bets 60
Mahu2021: calls 60
*** TURN *** [Tc 6h 2h] [Jh]
Mahu2021: checks 
Bstnk69: bets 120
Mahu2021: raises 160 to 280
Bstnk69: raises 210 to 490 and is all-in
Mahu2021: calls 210
*** RIVER *** [Tc 6h 2h Jh] [3d]
*** SHOW DOWN ***
Mahu2021: shows [7h 8h] (a flush, Jack high)
Bstnk69: shows [Jc Js] (three of a kind, Jacks)
Mahu2021 collected 1260 from pot
Bstnk69 finished the tournament in 2nd place
Mahu2021 wins the tournament and receives $6.00 - congratulations!
*** SUMMARY ***
Total pot 1260 | Rake 0 
Board [Tc 6h 2h Jh 3d]
Seat 2: Bstnk69 (button) (small blind) showed [Jc Js] and lost with three of a kind, Jacks
Seat 3: Mahu2021 (big blind) showed [7h 8h] and won (1260) with a flush, Jack high



