PokerStars Hand #250438688950: Tournament #3753123678, $1.84+$0.16 USD Hold'em No Limit - Level I (10/20) - 2024/05/11 13:19:24 CET [2024/05/11 7:19:24 ET]
Table '3753123678 1' 3-max Seat #1 is the button
Seat 1: yuccabliss (500 in chips) 
Seat 2: Mahu2021 (500 in chips) 
Seat 3: Vladozg9999 (500 in chips) 
Mahu2021: posts small blind 10
Vladozg9999: posts big blind 20
*** HOLE CARDS ***
Dealt to Mahu2021 [Qd Tc]
yuccabliss: folds 
Mahu2021: raises 20 to 40
Vladozg9999: calls 20
*** FLOP *** [7c 2d Td]
Mahu2021: bets 40
Vladozg9999: calls 40
*** TURN *** [7c 2d Td] [Qs]
Mahu2021: bets 40
Vladozg9999: calls 40
*** RIVER *** [7c 2d Td Qs] [9s]
Mahu2021: bets 40
Vladozg9999: calls 40
*** SHOW DOWN ***
Mahu2021: shows [Qd Tc] (two pair, Queens and Tens)
Vladozg9999: mucks hand 
Mahu2021 collected 320 from pot
*** SUMMARY ***
Total pot 320 | Rake 0 
Board [7c 2d Td Qs 9s]
Seat 1: yuccabliss (button) folded before Flop (didn't bet)
Seat 2: Mahu2021 (small blind) showed [Qd Tc] and won (320) with two pair, Queens and Tens
Seat 3: Vladozg9999 (big blind) mucked [7s 5h]



PokerStars Hand #250438691865: Tournament #3753123678, $1.84+$0.16 USD Hold'em No Limit - Level I (10/20) - 2024/05/11 13:19:43 CET [2024/05/11 7:19:43 ET]
Table '3753123678 1' 3-max Seat #2 is the button
Seat 1: yuccabliss (500 in chips) 
Seat 2: Mahu2021 (660 in chips) 
Seat 3: Vladozg9999 (340 in chips) 
Vladozg9999: posts small blind 10
yuccabliss: posts big blind 20
*** HOLE CARDS ***
Dealt to Mahu2021 [Ac Ts]
Mahu2021: raises 20 to 40
Vladozg9999: raises 100 to 140
yuccabliss: folds 
Mahu2021: raises 520 to 660 and is all-in
Vladozg9999: calls 200 and is all-in
Uncalled bet (320) returned to Mahu2021
*** FLOP *** [Td 3d Ks]
*** TURN *** [Td 3d Ks] [7s]
*** RIVER *** [Td 3d Ks 7s] [Qs]
*** SHOW DOWN ***
Vladozg9999: shows [Jc Qc] (a pair of Queens)
Mahu2021: shows [Ac Ts] (a pair of Tens)
Vladozg9999 collected 700 from pot
*** SUMMARY ***
Total pot 700 | Rake 0 
Board [Td 3d Ks 7s Qs]
Seat 1: yuccabliss (big blind) folded before Flop
Seat 2: Mahu2021 (button) showed [Ac Ts] and lost with a pair of Tens
Seat 3: Vladozg9999 (small blind) showed [Jc Qc] and won (700) with a pair of Queens



PokerStars Hand #250438695176: Tournament #3753123678, $1.84+$0.16 USD Hold'em No Limit - Level I (10/20) - 2024/05/11 13:20:06 CET [2024/05/11 7:20:06 ET]
Table '3753123678 1' 3-max Seat #3 is the button
Seat 1: yuccabliss (480 in chips) 
Seat 2: Mahu2021 (320 in chips) 
Seat 3: Vladozg9999 (700 in chips) 
yuccabliss: posts small blind 10
Mahu2021: posts big blind 20
*** HOLE CARDS ***
Dealt to Mahu2021 [Js Jh]
Vladozg9999: folds 
yuccabliss: folds 
Uncalled bet (10) returned to Mahu2021
Mahu2021 collected 20 from pot
Mahu2021: doesn't show hand 
*** SUMMARY ***
Total pot 20 | Rake 0 
Seat 1: yuccabliss (small blind) folded before Flop
Seat 2: Mahu2021 (big blind) collected (20)
Seat 3: Vladozg9999 (button) folded before Flop (didn't bet)



PokerStars Hand #250438696031: Tournament #3753123678, $1.84+$0.16 USD Hold'em No Limit - Level I (10/20) - 2024/05/11 13:20:12 CET [2024/05/11 7:20:12 ET]
Table '3753123678 1' 3-max Seat #1 is the button
Seat 1: yuccabliss (470 in chips) 
Seat 2: Mahu2021 (330 in chips) 
Seat 3: Vladozg9999 (700 in chips) 
Mahu2021: posts small blind 10
Vladozg9999: posts big blind 20
*** HOLE CARDS ***
Dealt to Mahu2021 [6h 6d]
yuccabliss: folds 
Mahu2021: raises 310 to 330 and is all-in
Vladozg9999: folds 
Uncalled bet (310) returned to Mahu2021
Mahu2021 collected 40 from pot
Mahu2021: doesn't show hand 
*** SUMMARY ***
Total pot 40 | Rake 0 
Seat 1: yuccabliss (button) folded before Flop (didn't bet)
Seat 2: Mahu2021 (small blind) collected (40)
Seat 3: Vladozg9999 (big blind) folded before Flop



PokerStars Hand #250438697094: Tournament #3753123678, $1.84+$0.16 USD Hold'em No Limit - Level I (10/20) - 2024/05/11 13:20:18 CET [2024/05/11 7:20:18 ET]
Table '3753123678 1' 3-max Seat #2 is the button
Seat 1: yuccabliss (470 in chips) 
Seat 2: Mahu2021 (350 in chips) 
Seat 3: Vladozg9999 (680 in chips) 
Vladozg9999: posts small blind 10
yuccabliss: posts big blind 20
*** HOLE CARDS ***
Dealt to Mahu2021 [6h Qh]
Mahu2021: folds 
Vladozg9999: calls 10
yuccabliss: checks 
*** FLOP *** [Jc 3s Qs]
Vladozg9999: checks 
yuccabliss: bets 20
Vladozg9999: calls 20
*** TURN *** [Jc 3s Qs] [Th]
Vladozg9999: checks 
yuccabliss: bets 80
Vladozg9999: folds 
Uncalled bet (80) returned to yuccabliss
yuccabliss collected 80 from pot
*** SUMMARY ***
Total pot 80 | Rake 0 
Board [Jc 3s Qs Th]
Seat 1: yuccabliss (big blind) collected (80)
Seat 2: Mahu2021 (button) folded before Flop (didn't bet)
Seat 3: Vladozg9999 (small blind) folded on the Turn



PokerStars Hand #250438699843: Tournament #3753123678, $1.84+$0.16 USD Hold'em No Limit - Level I (10/20) - 2024/05/11 13:20:37 CET [2024/05/11 7:20:37 ET]
Table '3753123678 1' 3-max Seat #3 is the button
Seat 1: yuccabliss (510 in chips) 
Seat 2: Mahu2021 (350 in chips) 
Seat 3: Vladozg9999 (640 in chips) 
yuccabliss: posts small blind 10
Mahu2021: posts big blind 20
*** HOLE CARDS ***
Dealt to Mahu2021 [5h Th]
Vladozg9999: calls 20
yuccabliss: folds 
Mahu2021: checks 
*** FLOP *** [9h 8c 4d]
Mahu2021: checks 
Vladozg9999: checks 
*** TURN *** [9h 8c 4d] [5s]
Mahu2021: checks 
Vladozg9999: checks 
*** RIVER *** [9h 8c 4d 5s] [7c]
Mahu2021: bets 20
Vladozg9999: folds 
Uncalled bet (20) returned to Mahu2021
Mahu2021 collected 50 from pot
Mahu2021: doesn't show hand 
*** SUMMARY ***
Total pot 50 | Rake 0 
Board [9h 8c 4d 5s 7c]
Seat 1: yuccabliss (small blind) folded before Flop
Seat 2: Mahu2021 (big blind) collected (50)
Seat 3: Vladozg9999 (button) folded on the River



PokerStars Hand #250438701828: Tournament #3753123678, $1.84+$0.16 USD Hold'em No Limit - Level I (10/20) - 2024/05/11 13:20:50 CET [2024/05/11 7:20:50 ET]
Table '3753123678 1' 3-max Seat #1 is the button
Seat 1: yuccabliss (500 in chips) 
Seat 2: Mahu2021 (380 in chips) 
Seat 3: Vladozg9999 (620 in chips) 
Mahu2021: posts small blind 10
Vladozg9999: posts big blind 20
*** HOLE CARDS ***
Dealt to Mahu2021 [Tc 5c]
yuccabliss: folds 
Mahu2021: calls 10
Vladozg9999: checks 
*** FLOP *** [Ac 7d Qc]
Mahu2021: bets 20
Vladozg9999: folds 
Uncalled bet (20) returned to Mahu2021
Mahu2021 collected 40 from pot
Mahu2021: doesn't show hand 
*** SUMMARY ***
Total pot 40 | Rake 0 
Board [Ac 7d Qc]
Seat 1: yuccabliss (button) folded before Flop (didn't bet)
Seat 2: Mahu2021 (small blind) collected (40)
Seat 3: Vladozg9999 (big blind) folded on the Flop



PokerStars Hand #250438703344: Tournament #3753123678, $1.84+$0.16 USD Hold'em No Limit - Level I (10/20) - 2024/05/11 13:21:00 CET [2024/05/11 7:21:00 ET]
Table '3753123678 1' 3-max Seat #2 is the button
Seat 1: yuccabliss (500 in chips) 
Seat 2: Mahu2021 (400 in chips) 
Seat 3: Vladozg9999 (600 in chips) 
Vladozg9999: posts small blind 10
yuccabliss: posts big blind 20
*** HOLE CARDS ***
Dealt to Mahu2021 [9h Ah]
Mahu2021: raises 20 to 40
Vladozg9999: folds 
yuccabliss: calls 20
*** FLOP *** [7h Kc 4h]
yuccabliss: checks 
Mahu2021: bets 20
yuccabliss: folds 
Uncalled bet (20) returned to Mahu2021
Mahu2021 collected 90 from pot
Mahu2021: doesn't show hand 
*** SUMMARY ***
Total pot 90 | Rake 0 
Board [7h Kc 4h]
Seat 1: yuccabliss (big blind) folded on the Flop
Seat 2: Mahu2021 (button) collected (90)
Seat 3: Vladozg9999 (small blind) folded before Flop



PokerStars Hand #250438705926: Tournament #3753123678, $1.84+$0.16 USD Hold'em No Limit - Level I (10/20) - 2024/05/11 13:21:17 CET [2024/05/11 7:21:17 ET]
Table '3753123678 1' 3-max Seat #3 is the button
Seat 1: yuccabliss (460 in chips) 
Seat 2: Mahu2021 (450 in chips) 
Seat 3: Vladozg9999 (590 in chips) 
yuccabliss: posts small blind 10
Mahu2021: posts big blind 20
*** HOLE CARDS ***
Dealt to Mahu2021 [Kc Ac]
Vladozg9999: calls 20
yuccabliss: folds 
Mahu2021: raises 40 to 60
Vladozg9999: calls 40
*** FLOP *** [4s 9c Qs]
Mahu2021: checks 
Vladozg9999: bets 40
Mahu2021: calls 40
*** TURN *** [4s 9c Qs] [Jh]
Mahu2021: checks 
Vladozg9999: bets 40
Mahu2021: calls 40
*** RIVER *** [4s 9c Qs Jh] [8s]
Mahu2021: checks 
Vladozg9999: checks 
*** SHOW DOWN ***
Mahu2021: shows [Kc Ac] (high card Ace)
Vladozg9999: shows [Jc 6d] (a pair of Jacks)
Vladozg9999 collected 290 from pot
*** SUMMARY ***
Total pot 290 | Rake 0 
Board [4s 9c Qs Jh 8s]
Seat 1: yuccabliss (small blind) folded before Flop
Seat 2: Mahu2021 (big blind) showed [Kc Ac] and lost with high card Ace
Seat 3: Vladozg9999 (button) showed [Jc 6d] and won (290) with a pair of Jacks



PokerStars Hand #250438709195: Tournament #3753123678, $1.84+$0.16 USD Hold'em No Limit - Level II (15/30) - 2024/05/11 13:21:39 CET [2024/05/11 7:21:39 ET]
Table '3753123678 1' 3-max Seat #1 is the button
Seat 1: yuccabliss (450 in chips) 
Seat 2: Mahu2021 (310 in chips) 
Seat 3: Vladozg9999 (740 in chips) 
Mahu2021: posts small blind 15
Vladozg9999: posts big blind 30
*** HOLE CARDS ***
Dealt to Mahu2021 [2c 6s]
yuccabliss: folds 
Mahu2021: folds 
Uncalled bet (15) returned to Vladozg9999
Vladozg9999 collected 30 from pot
Vladozg9999: doesn't show hand 
*** SUMMARY ***
Total pot 30 | Rake 0 
Seat 1: yuccabliss (button) folded before Flop (didn't bet)
Seat 2: Mahu2021 (small blind) folded before Flop
Seat 3: Vladozg9999 (big blind) collected (30)



PokerStars Hand #250438709935: Tournament #3753123678, $1.84+$0.16 USD Hold'em No Limit - Level II (15/30) - 2024/05/11 13:21:43 CET [2024/05/11 7:21:43 ET]
Table '3753123678 1' 3-max Seat #2 is the button
Seat 1: yuccabliss (450 in chips) 
Seat 2: Mahu2021 (295 in chips) 
Seat 3: Vladozg9999 (755 in chips) 
Vladozg9999: posts small blind 15
yuccabliss: posts big blind 30
*** HOLE CARDS ***
Dealt to Mahu2021 [8c 3h]
Mahu2021: folds 
Vladozg9999: calls 15
yuccabliss: checks 
*** FLOP *** [Tc 4c Ts]
Vladozg9999: checks 
yuccabliss: checks 
*** TURN *** [Tc 4c Ts] [7d]
Vladozg9999: checks 
yuccabliss: bets 30
Vladozg9999: calls 30
*** RIVER *** [Tc 4c Ts 7d] [3s]
Vladozg9999: checks 
yuccabliss: bets 30
Vladozg9999: folds 
Uncalled bet (30) returned to yuccabliss
yuccabliss collected 120 from pot
*** SUMMARY ***
Total pot 120 | Rake 0 
Board [Tc 4c Ts 7d 3s]
Seat 1: yuccabliss (big blind) collected (120)
Seat 2: Mahu2021 (button) folded before Flop (didn't bet)
Seat 3: Vladozg9999 (small blind) folded on the River



PokerStars Hand #250438713449: Tournament #3753123678, $1.84+$0.16 USD Hold'em No Limit - Level II (15/30) - 2024/05/11 13:22:06 CET [2024/05/11 7:22:06 ET]
Table '3753123678 1' 3-max Seat #3 is the button
Seat 1: yuccabliss (510 in chips) 
Seat 2: Mahu2021 (295 in chips) 
Seat 3: Vladozg9999 (695 in chips) 
yuccabliss: posts small blind 15
Mahu2021: posts big blind 30
*** HOLE CARDS ***
Dealt to Mahu2021 [Jd As]
Vladozg9999: calls 30
yuccabliss: calls 15
Mahu2021: raises 265 to 295 and is all-in
Vladozg9999: folds 
yuccabliss: calls 265
*** FLOP *** [9c 5s Ah]
*** TURN *** [9c 5s Ah] [4s]
*** RIVER *** [9c 5s Ah 4s] [8c]
*** SHOW DOWN ***
yuccabliss: shows [Ks Td] (high card Ace)
Mahu2021: shows [Jd As] (a pair of Aces)
Mahu2021 collected 620 from pot
*** SUMMARY ***
Total pot 620 | Rake 0 
Board [9c 5s Ah 4s 8c]
Seat 1: yuccabliss (small blind) showed [Ks Td] and lost with high card Ace
Seat 2: Mahu2021 (big blind) showed [Jd As] and won (620) with a pair of Aces
Seat 3: Vladozg9999 (button) folded before Flop



PokerStars Hand #250438716200: Tournament #3753123678, $1.84+$0.16 USD Hold'em No Limit - Level II (15/30) - 2024/05/11 13:22:24 CET [2024/05/11 7:22:24 ET]
Table '3753123678 1' 3-max Seat #1 is the button
Seat 1: yuccabliss (215 in chips) 
Seat 2: Mahu2021 (620 in chips) 
Seat 3: Vladozg9999 (665 in chips) 
Mahu2021: posts small blind 15
Vladozg9999: posts big blind 30
*** HOLE CARDS ***
Dealt to Mahu2021 [3d 4d]
yuccabliss: raises 185 to 215 and is all-in
Mahu2021: folds 
Vladozg9999: folds 
Uncalled bet (185) returned to yuccabliss
yuccabliss collected 75 from pot
*** SUMMARY ***
Total pot 75 | Rake 0 
Seat 1: yuccabliss (button) collected (75)
Seat 2: Mahu2021 (small blind) folded before Flop
Seat 3: Vladozg9999 (big blind) folded before Flop



PokerStars Hand #250438717334: Tournament #3753123678, $1.84+$0.16 USD Hold'em No Limit - Level II (15/30) - 2024/05/11 13:22:32 CET [2024/05/11 7:22:32 ET]
Table '3753123678 1' 3-max Seat #2 is the button
Seat 1: yuccabliss (260 in chips) 
Seat 2: Mahu2021 (605 in chips) 
Seat 3: Vladozg9999 (635 in chips) 
Vladozg9999: posts small blind 15
yuccabliss: posts big blind 30
*** HOLE CARDS ***
Dealt to Mahu2021 [Td 8h]
Mahu2021: folds 
Vladozg9999: calls 15
yuccabliss: checks 
*** FLOP *** [8s Ks 9d]
Vladozg9999: checks 
yuccabliss: checks 
*** TURN *** [8s Ks 9d] [Qd]
Vladozg9999: checks 
yuccabliss: bets 30
Vladozg9999: calls 30
*** RIVER *** [8s Ks 9d Qd] [4s]
Vladozg9999: checks 
yuccabliss: bets 120
Vladozg9999: calls 120
*** SHOW DOWN ***
yuccabliss: shows [5c 7s] (high card King)
Vladozg9999: shows [6d Qh] (a pair of Queens)
Vladozg9999 collected 360 from pot
*** SUMMARY ***
Total pot 360 | Rake 0 
Board [8s Ks 9d Qd 4s]
Seat 1: yuccabliss (big blind) showed [5c 7s] and lost with high card King
Seat 2: Mahu2021 (button) folded before Flop (didn't bet)
Seat 3: Vladozg9999 (small blind) showed [6d Qh] and won (360) with a pair of Queens



PokerStars Hand #250438720370: Tournament #3753123678, $1.84+$0.16 USD Hold'em No Limit - Level II (15/30) - 2024/05/11 13:22:52 CET [2024/05/11 7:22:52 ET]
Table '3753123678 1' 3-max Seat #3 is the button
Seat 1: yuccabliss (80 in chips) 
Seat 2: Mahu2021 (605 in chips) 
Seat 3: Vladozg9999 (815 in chips) 
yuccabliss: posts small blind 15
Mahu2021: posts big blind 30
*** HOLE CARDS ***
Dealt to Mahu2021 [9d Jh]
Vladozg9999: calls 30
yuccabliss: raises 50 to 80 and is all-in
Mahu2021: folds 
Vladozg9999: calls 50
*** FLOP *** [8d 6c Js]
*** TURN *** [8d 6c Js] [3c]
*** RIVER *** [8d 6c Js 3c] [Ad]
*** SHOW DOWN ***
yuccabliss: shows [5h 4s] (high card Ace)
Vladozg9999: shows [Ah Kh] (a pair of Aces)
Vladozg9999 collected 190 from pot
yuccabliss finished the tournament in 3rd place
*** SUMMARY ***
Total pot 190 | Rake 0 
Board [8d 6c Js 3c Ad]
Seat 1: yuccabliss (small blind) showed [5h 4s] and lost with high card Ace
Seat 2: Mahu2021 (big blind) folded before Flop
Seat 3: Vladozg9999 (button) showed [Ah Kh] and won (190) with a pair of Aces



PokerStars Hand #250438723375: Tournament #3753123678, $1.84+$0.16 USD Hold'em No Limit - Level II (15/30) - 2024/05/11 13:23:11 CET [2024/05/11 7:23:11 ET]
Table '3753123678 1' 3-max Seat #2 is the button
Seat 2: Mahu2021 (575 in chips) 
Seat 3: Vladozg9999 (925 in chips) 
Mahu2021: posts small blind 15
Vladozg9999: posts big blind 30
*** HOLE CARDS ***
Dealt to Mahu2021 [6c Ks]
Mahu2021: calls 15
Vladozg9999: checks 
*** FLOP *** [7h 9d Qs]
Vladozg9999: checks 
Mahu2021: checks 
*** TURN *** [7h 9d Qs] [3s]
Vladozg9999: checks 
Mahu2021: bets 30
Vladozg9999: folds 
Uncalled bet (30) returned to Mahu2021
Mahu2021 collected 60 from pot
Mahu2021: doesn't show hand 
*** SUMMARY ***
Total pot 60 | Rake 0 
Board [7h 9d Qs 3s]
Seat 2: Mahu2021 (button) (small blind) collected (60)
Seat 3: Vladozg9999 (big blind) folded on the Turn



PokerStars Hand #250438725130: Tournament #3753123678, $1.84+$0.16 USD Hold'em No Limit - Level II (15/30) - 2024/05/11 13:23:23 CET [2024/05/11 7:23:23 ET]
Table '3753123678 1' 3-max Seat #3 is the button
Seat 2: Mahu2021 (605 in chips) 
Seat 3: Vladozg9999 (895 in chips) 
Vladozg9999: posts small blind 15
Mahu2021: posts big blind 30
*** HOLE CARDS ***
Dealt to Mahu2021 [Ad Qh]
Vladozg9999: calls 15
Mahu2021: raises 60 to 90
Vladozg9999: calls 60
*** FLOP *** [8c 4h 5s]
Mahu2021: checks 
Vladozg9999: checks 
*** TURN *** [8c 4h 5s] [9d]
Mahu2021: checks 
Vladozg9999: checks 
*** RIVER *** [8c 4h 5s 9d] [Td]
Mahu2021: bets 90
Vladozg9999: folds 
Uncalled bet (90) returned to Mahu2021
Mahu2021 collected 180 from pot
Mahu2021: doesn't show hand 
*** SUMMARY ***
Total pot 180 | Rake 0 
Board [8c 4h 5s 9d Td]
Seat 2: Mahu2021 (big blind) collected (180)
Seat 3: Vladozg9999 (button) (small blind) folded on the River



PokerStars Hand #250438727704: Tournament #3753123678, $1.84+$0.16 USD Hold'em No Limit - Level III (20/40) - 2024/05/11 13:23:40 CET [2024/05/11 7:23:40 ET]
Table '3753123678 1' 3-max Seat #2 is the button
Seat 2: Mahu2021 (695 in chips) 
Seat 3: Vladozg9999 (805 in chips) 
Mahu2021: posts small blind 20
Vladozg9999: posts big blind 40
*** HOLE CARDS ***
Dealt to Mahu2021 [Qs 8d]
Mahu2021: calls 20
Vladozg9999: raises 80 to 120
Mahu2021: folds 
Uncalled bet (80) returned to Vladozg9999
Vladozg9999 collected 80 from pot
Vladozg9999: doesn't show hand 
*** SUMMARY ***
Total pot 80 | Rake 0 
Seat 2: Mahu2021 (button) (small blind) folded before Flop
Seat 3: Vladozg9999 (big blind) collected (80)



PokerStars Hand #250438728792: Tournament #3753123678, $1.84+$0.16 USD Hold'em No Limit - Level III (20/40) - 2024/05/11 13:23:47 CET [2024/05/11 7:23:47 ET]
Table '3753123678 1' 3-max Seat #3 is the button
Seat 2: Mahu2021 (655 in chips) 
Seat 3: Vladozg9999 (845 in chips) 
Vladozg9999: posts small blind 20
Mahu2021: posts big blind 40
*** HOLE CARDS ***
Dealt to Mahu2021 [Ks 7h]
Vladozg9999: calls 20
Mahu2021: checks 
*** FLOP *** [Qs 5h 5c]
Mahu2021: checks 
Vladozg9999: checks 
*** TURN *** [Qs 5h 5c] [Kh]
Mahu2021: checks 
Vladozg9999: checks 
*** RIVER *** [Qs 5h 5c Kh] [8d]
Mahu2021: bets 80
Vladozg9999: folds 
Uncalled bet (80) returned to Mahu2021
Mahu2021 collected 80 from pot
Mahu2021: doesn't show hand 
*** SUMMARY ***
Total pot 80 | Rake 0 
Board [Qs 5h 5c Kh 8d]
Seat 2: Mahu2021 (big blind) collected (80)
Seat 3: Vladozg9999 (button) (small blind) folded on the River



PokerStars Hand #250438730561: Tournament #3753123678, $1.84+$0.16 USD Hold'em No Limit - Level III (20/40) - 2024/05/11 13:23:59 CET [2024/05/11 7:23:59 ET]
Table '3753123678 1' 3-max Seat #2 is the button
Seat 2: Mahu2021 (695 in chips) 
Seat 3: Vladozg9999 (805 in chips) 
Mahu2021: posts small blind 20
Vladozg9999: posts big blind 40
*** HOLE CARDS ***
Dealt to Mahu2021 [Ks 4c]
Mahu2021: calls 20
Vladozg9999: checks 
*** FLOP *** [7s 2c 8s]
Vladozg9999: checks 
Mahu2021: checks 
*** TURN *** [7s 2c 8s] [Td]
Vladozg9999: bets 40
Mahu2021: folds 
Uncalled bet (40) returned to Vladozg9999
Vladozg9999 collected 80 from pot
Vladozg9999: doesn't show hand 
*** SUMMARY ***
Total pot 80 | Rake 0 
Board [7s 2c 8s Td]
Seat 2: Mahu2021 (button) (small blind) folded on the Turn
Seat 3: Vladozg9999 (big blind) collected (80)



PokerStars Hand #250438732211: Tournament #3753123678, $1.84+$0.16 USD Hold'em No Limit - Level III (20/40) - 2024/05/11 13:24:09 CET [2024/05/11 7:24:09 ET]
Table '3753123678 1' 3-max Seat #3 is the button
Seat 2: Mahu2021 (655 in chips) 
Seat 3: Vladozg9999 (845 in chips) 
Vladozg9999: posts small blind 20
Mahu2021: posts big blind 40
*** HOLE CARDS ***
Dealt to Mahu2021 [Qh 9d]
Vladozg9999: calls 20
Mahu2021: checks 
*** FLOP *** [Ah 3d Qc]
Mahu2021: checks 
Vladozg9999: bets 40
Mahu2021: calls 40
*** TURN *** [Ah 3d Qc] [6s]
Mahu2021: checks 
Vladozg9999: bets 40
Mahu2021: calls 40
*** RIVER *** [Ah 3d Qc 6s] [2c]
Mahu2021: checks 
Vladozg9999: checks 
*** SHOW DOWN ***
Mahu2021: shows [Qh 9d] (a pair of Queens)
Vladozg9999: mucks hand 
Mahu2021 collected 240 from pot
*** SUMMARY ***
Total pot 240 | Rake 0 
Board [Ah 3d Qc 6s 2c]
Seat 2: Mahu2021 (big blind) showed [Qh 9d] and won (240) with a pair of Queens
Seat 3: Vladozg9999 (button) (small blind) mucked [5s 9h]



PokerStars Hand #250438734259: Tournament #3753123678, $1.84+$0.16 USD Hold'em No Limit - Level III (20/40) - 2024/05/11 13:24:23 CET [2024/05/11 7:24:23 ET]
Table '3753123678 1' 3-max Seat #2 is the button
Seat 2: Mahu2021 (775 in chips) 
Seat 3: Vladozg9999 (725 in chips) 
Mahu2021: posts small blind 20
Vladozg9999: posts big blind 40
*** HOLE CARDS ***
Dealt to Mahu2021 [Qc 9c]
Mahu2021: raises 40 to 80
Vladozg9999: calls 40
*** FLOP *** [Jh Kd 8h]
Vladozg9999: bets 645 and is all-in
Mahu2021: folds 
Uncalled bet (645) returned to Vladozg9999
Vladozg9999 collected 160 from pot
Vladozg9999: doesn't show hand 
*** SUMMARY ***
Total pot 160 | Rake 0 
Board [Jh Kd 8h]
Seat 2: Mahu2021 (button) (small blind) folded on the Flop
Seat 3: Vladozg9999 (big blind) collected (160)



PokerStars Hand #250438735771: Tournament #3753123678, $1.84+$0.16 USD Hold'em No Limit - Level III (20/40) - 2024/05/11 13:24:33 CET [2024/05/11 7:24:33 ET]
Table '3753123678 1' 3-max Seat #3 is the button
Seat 2: Mahu2021 (695 in chips) 
Seat 3: Vladozg9999 (805 in chips) 
Vladozg9999: posts small blind 20
Mahu2021: posts big blind 40
*** HOLE CARDS ***
Dealt to Mahu2021 [Ks Qc]
Vladozg9999: raises 80 to 120
Mahu2021: calls 80
*** FLOP *** [4h 8d Jh]
Mahu2021: checks 
Vladozg9999: bets 685 and is all-in
Mahu2021: folds 
Uncalled bet (685) returned to Vladozg9999
Vladozg9999 collected 240 from pot
Vladozg9999: doesn't show hand 
*** SUMMARY ***
Total pot 240 | Rake 0 
Board [4h 8d Jh]
Seat 2: Mahu2021 (big blind) folded on the Flop
Seat 3: Vladozg9999 (button) (small blind) collected (240)



PokerStars Hand #250438737384: Tournament #3753123678, $1.84+$0.16 USD Hold'em No Limit - Level III (20/40) - 2024/05/11 13:24:44 CET [2024/05/11 7:24:44 ET]
Table '3753123678 1' 3-max Seat #2 is the button
Seat 2: Mahu2021 (575 in chips) 
Seat 3: Vladozg9999 (925 in chips) 
Mahu2021: posts small blind 20
Vladozg9999: posts big blind 40
*** HOLE CARDS ***
Dealt to Mahu2021 [7c 3d]
Mahu2021: folds 
Uncalled bet (20) returned to Vladozg9999
Vladozg9999 collected 40 from pot
Vladozg9999: doesn't show hand 
*** SUMMARY ***
Total pot 40 | Rake 0 
Seat 2: Mahu2021 (button) (small blind) folded before Flop
Seat 3: Vladozg9999 (big blind) collected (40)



PokerStars Hand #250438738050: Tournament #3753123678, $1.84+$0.16 USD Hold'em No Limit - Level III (20/40) - 2024/05/11 13:24:48 CET [2024/05/11 7:24:48 ET]
Table '3753123678 1' 3-max Seat #3 is the button
Seat 2: Mahu2021 (555 in chips) 
Seat 3: Vladozg9999 (945 in chips) 
Vladozg9999: posts small blind 20
Mahu2021: posts big blind 40
*** HOLE CARDS ***
Dealt to Mahu2021 [5c 6c]
Vladozg9999: calls 20
Mahu2021: checks 
*** FLOP *** [Ah 3h 5h]
Mahu2021: checks 
Vladozg9999: checks 
*** TURN *** [Ah 3h 5h] [Js]
Mahu2021: bets 40
Vladozg9999: calls 40
*** RIVER *** [Ah 3h 5h Js] [Ts]
Mahu2021: bets 40
Vladozg9999: calls 40
*** SHOW DOWN ***
Mahu2021: shows [5c 6c] (a pair of Fives)
Vladozg9999: mucks hand 
Mahu2021 collected 240 from pot
*** SUMMARY ***
Total pot 240 | Rake 0 
Board [Ah 3h 5h Js Ts]
Seat 2: Mahu2021 (big blind) showed [5c 6c] and won (240) with a pair of Fives
Seat 3: Vladozg9999 (button) (small blind) mucked [3s Kd]



PokerStars Hand #250438740146: Tournament #3753123678, $1.84+$0.16 USD Hold'em No Limit - Level III (20/40) - 2024/05/11 13:25:02 CET [2024/05/11 7:25:02 ET]
Table '3753123678 1' 3-max Seat #2 is the button
Seat 2: Mahu2021 (675 in chips) 
Seat 3: Vladozg9999 (825 in chips) 
Mahu2021: posts small blind 20
Vladozg9999: posts big blind 40
*** HOLE CARDS ***
Dealt to Mahu2021 [5h 2c]
Mahu2021: folds 
Uncalled bet (20) returned to Vladozg9999
Vladozg9999 collected 40 from pot
Vladozg9999: doesn't show hand 
*** SUMMARY ***
Total pot 40 | Rake 0 
Seat 2: Mahu2021 (button) (small blind) folded before Flop
Seat 3: Vladozg9999 (big blind) collected (40)



PokerStars Hand #250438740816: Tournament #3753123678, $1.84+$0.16 USD Hold'em No Limit - Level III (20/40) - 2024/05/11 13:25:06 CET [2024/05/11 7:25:06 ET]
Table '3753123678 1' 3-max Seat #3 is the button
Seat 2: Mahu2021 (655 in chips) 
Seat 3: Vladozg9999 (845 in chips) 
Vladozg9999: posts small blind 20
Mahu2021: posts big blind 40
*** HOLE CARDS ***
Dealt to Mahu2021 [8s 6h]
Vladozg9999: raises 40 to 80
Mahu2021: folds 
Uncalled bet (40) returned to Vladozg9999
Vladozg9999 collected 80 from pot
Vladozg9999: doesn't show hand 
*** SUMMARY ***
Total pot 80 | Rake 0 
Seat 2: Mahu2021 (big blind) folded before Flop
Seat 3: Vladozg9999 (button) (small blind) collected (80)



PokerStars Hand #250438741694: Tournament #3753123678, $1.84+$0.16 USD Hold'em No Limit - Level III (20/40) - 2024/05/11 13:25:12 CET [2024/05/11 7:25:12 ET]
Table '3753123678 1' 3-max Seat #2 is the button
Seat 2: Mahu2021 (615 in chips) 
Seat 3: Vladozg9999 (885 in chips) 
Mahu2021: posts small blind 20
Vladozg9999: posts big blind 40
*** HOLE CARDS ***
Dealt to Mahu2021 [9d 8d]
Mahu2021: raises 40 to 80
Vladozg9999: raises 805 to 885 and is all-in
Mahu2021: folds 
Uncalled bet (805) returned to Vladozg9999
Vladozg9999 collected 160 from pot
Vladozg9999: doesn't show hand 
*** SUMMARY ***
Total pot 160 | Rake 0 
Seat 2: Mahu2021 (button) (small blind) folded before Flop
Seat 3: Vladozg9999 (big blind) collected (160)



PokerStars Hand #250438742875: Tournament #3753123678, $1.84+$0.16 USD Hold'em No Limit - Level III (20/40) - 2024/05/11 13:25:19 CET [2024/05/11 7:25:19 ET]
Table '3753123678 1' 3-max Seat #3 is the button
Seat 2: Mahu2021 (535 in chips) 
Seat 3: Vladozg9999 (965 in chips) 
Vladozg9999: posts small blind 20
Mahu2021: posts big blind 40
*** HOLE CARDS ***
Dealt to Mahu2021 [4s Ks]
Vladozg9999: calls 20
Mahu2021: checks 
*** FLOP *** [4h 8d 9d]
Mahu2021: checks 
Vladozg9999: checks 
*** TURN *** [4h 8d 9d] [6s]
Mahu2021: checks 
Vladozg9999: checks 
*** RIVER *** [4h 8d 9d 6s] [5h]
Mahu2021: checks 
Vladozg9999: bets 40
Mahu2021: calls 40
*** SHOW DOWN ***
Vladozg9999: shows [6c 7s] (a straight, Five to Nine)
Mahu2021: mucks hand 
Vladozg9999 collected 160 from pot
*** SUMMARY ***
Total pot 160 | Rake 0 
Board [4h 8d 9d 6s 5h]
Seat 2: Mahu2021 (big blind) mucked [4s Ks]
Seat 3: Vladozg9999 (button) (small blind) showed [6c 7s] and won (160) with a straight, Five to Nine



PokerStars Hand #250438745564: Tournament #3753123678, $1.84+$0.16 USD Hold'em No Limit - Level IV (30/60) - 2024/05/11 13:25:37 CET [2024/05/11 7:25:37 ET]
Table '3753123678 1' 3-max Seat #2 is the button
Seat 2: Mahu2021 (455 in chips) 
Seat 3: Vladozg9999 (1045 in chips) 
Mahu2021: posts small blind 30
Vladozg9999: posts big blind 60
*** HOLE CARDS ***
Dealt to Mahu2021 [Ts 2c]
Mahu2021: folds 
Uncalled bet (30) returned to Vladozg9999
Vladozg9999 collected 60 from pot
Vladozg9999: doesn't show hand 
*** SUMMARY ***
Total pot 60 | Rake 0 
Seat 2: Mahu2021 (button) (small blind) folded before Flop
Seat 3: Vladozg9999 (big blind) collected (60)



PokerStars Hand #250438746269: Tournament #3753123678, $1.84+$0.16 USD Hold'em No Limit - Level IV (30/60) - 2024/05/11 13:25:41 CET [2024/05/11 7:25:41 ET]
Table '3753123678 1' 3-max Seat #3 is the button
Seat 2: Mahu2021 (425 in chips) 
Seat 3: Vladozg9999 (1075 in chips) 
Vladozg9999: posts small blind 30
Mahu2021: posts big blind 60
*** HOLE CARDS ***
Dealt to Mahu2021 [6s 9d]
Vladozg9999: calls 30
Mahu2021: checks 
*** FLOP *** [Kd Jd Ac]
Mahu2021: checks 
Vladozg9999: checks 
*** TURN *** [Kd Jd Ac] [Ad]
Mahu2021: checks 
Vladozg9999: checks 
*** RIVER *** [Kd Jd Ac Ad] [Qd]
Mahu2021: checks 
Vladozg9999: checks 
*** SHOW DOWN ***
Mahu2021: shows [6s 9d] (a flush, Ace high)
Vladozg9999: mucks hand 
Mahu2021 collected 120 from pot
*** SUMMARY ***
Total pot 120 | Rake 0 
Board [Kd Jd Ac Ad Qd]
Seat 2: Mahu2021 (big blind) showed [6s 9d] and won (120) with a flush, Ace high
Seat 3: Vladozg9999 (button) (small blind) mucked [7c 5s]



PokerStars Hand #250438748087: Tournament #3753123678, $1.84+$0.16 USD Hold'em No Limit - Level IV (30/60) - 2024/05/11 13:25:53 CET [2024/05/11 7:25:53 ET]
Table '3753123678 1' 3-max Seat #2 is the button
Seat 2: Mahu2021 (485 in chips) 
Seat 3: Vladozg9999 (1015 in chips) 
Mahu2021: posts small blind 30
Vladozg9999: posts big blind 60
*** HOLE CARDS ***
Dealt to Mahu2021 [Kh Js]
Mahu2021: raises 425 to 485 and is all-in
Vladozg9999: folds 
Uncalled bet (425) returned to Mahu2021
Mahu2021 collected 120 from pot
Mahu2021: doesn't show hand 
*** SUMMARY ***
Total pot 120 | Rake 0 
Seat 2: Mahu2021 (button) (small blind) collected (120)
Seat 3: Vladozg9999 (big blind) folded before Flop



PokerStars Hand #250438749132: Tournament #3753123678, $1.84+$0.16 USD Hold'em No Limit - Level IV (30/60) - 2024/05/11 13:26:00 CET [2024/05/11 7:26:00 ET]
Table '3753123678 1' 3-max Seat #3 is the button
Seat 2: Mahu2021 (545 in chips) 
Seat 3: Vladozg9999 (955 in chips) 
Vladozg9999: posts small blind 30
Mahu2021: posts big blind 60
*** HOLE CARDS ***
Dealt to Mahu2021 [4c Js]
Vladozg9999: calls 30
Mahu2021: checks 
*** FLOP *** [8s Kc 2d]
Mahu2021: checks 
Vladozg9999: checks 
*** TURN *** [8s Kc 2d] [7c]
Mahu2021: checks 
Vladozg9999: checks 
*** RIVER *** [8s Kc 2d 7c] [7d]
Mahu2021: bets 60
Vladozg9999: folds 
Uncalled bet (60) returned to Mahu2021
Mahu2021 collected 120 from pot
Mahu2021: doesn't show hand 
*** SUMMARY ***
Total pot 120 | Rake 0 
Board [8s Kc 2d 7c 7d]
Seat 2: Mahu2021 (big blind) collected (120)
Seat 3: Vladozg9999 (button) (small blind) folded on the River



PokerStars Hand #250438751320: Tournament #3753123678, $1.84+$0.16 USD Hold'em No Limit - Level IV (30/60) - 2024/05/11 13:26:14 CET [2024/05/11 7:26:14 ET]
Table '3753123678 1' 3-max Seat #2 is the button
Seat 2: Mahu2021 (605 in chips) 
Seat 3: Vladozg9999 (895 in chips) 
Mahu2021: posts small blind 30
Vladozg9999: posts big blind 60
*** HOLE CARDS ***
Dealt to Mahu2021 [Tc 5h]
Mahu2021: folds 
Uncalled bet (30) returned to Vladozg9999
Vladozg9999 collected 60 from pot
Vladozg9999: doesn't show hand 
*** SUMMARY ***
Total pot 60 | Rake 0 
Seat 2: Mahu2021 (button) (small blind) folded before Flop
Seat 3: Vladozg9999 (big blind) collected (60)



PokerStars Hand #250438752064: Tournament #3753123678, $1.84+$0.16 USD Hold'em No Limit - Level IV (30/60) - 2024/05/11 13:26:19 CET [2024/05/11 7:26:19 ET]
Table '3753123678 1' 3-max Seat #3 is the button
Seat 2: Mahu2021 (575 in chips) 
Seat 3: Vladozg9999 (925 in chips) 
Vladozg9999: posts small blind 30
Mahu2021: posts big blind 60
*** HOLE CARDS ***
Dealt to Mahu2021 [8s 7h]
Vladozg9999: raises 60 to 120
Mahu2021: calls 60
*** FLOP *** [6h Qc 9s]
Mahu2021: checks 
Vladozg9999: bets 60
Mahu2021: calls 60
*** TURN *** [6h Qc 9s] [7c]
Mahu2021: checks 
Vladozg9999: bets 60
Mahu2021: calls 60
*** RIVER *** [6h Qc 9s 7c] [9c]
Mahu2021: checks 
Vladozg9999: checks 
*** SHOW DOWN ***
Mahu2021: shows [8s 7h] (two pair, Nines and Sevens)
Vladozg9999: mucks hand 
Mahu2021 collected 480 from pot
*** SUMMARY ***
Total pot 480 | Rake 0 
Board [6h Qc 9s 7c 9c]
Seat 2: Mahu2021 (big blind) showed [8s 7h] and won (480) with two pair, Nines and Sevens
Seat 3: Vladozg9999 (button) (small blind) mucked [Jh Kh]



PokerStars Hand #250438754747: Tournament #3753123678, $1.84+$0.16 USD Hold'em No Limit - Level IV (30/60) - 2024/05/11 13:26:36 CET [2024/05/11 7:26:36 ET]
Table '3753123678 1' 3-max Seat #2 is the button
Seat 2: Mahu2021 (815 in chips) 
Seat 3: Vladozg9999 (685 in chips) 
Mahu2021: posts small blind 30
Vladozg9999: posts big blind 60
*** HOLE CARDS ***
Dealt to Mahu2021 [Qh 3h]
Mahu2021: calls 30
Vladozg9999: checks 
*** FLOP *** [8c Qc 6s]
Vladozg9999: checks 
Mahu2021: bets 60
Vladozg9999: folds 
Uncalled bet (60) returned to Mahu2021
Mahu2021 collected 120 from pot
Mahu2021: doesn't show hand 
*** SUMMARY ***
Total pot 120 | Rake 0 
Board [8c Qc 6s]
Seat 2: Mahu2021 (button) (small blind) collected (120)
Seat 3: Vladozg9999 (big blind) folded on the Flop



PokerStars Hand #250438756371: Tournament #3753123678, $1.84+$0.16 USD Hold'em No Limit - Level IV (30/60) - 2024/05/11 13:26:47 CET [2024/05/11 7:26:47 ET]
Table '3753123678 1' 3-max Seat #3 is the button
Seat 2: Mahu2021 (875 in chips) 
Seat 3: Vladozg9999 (625 in chips) 
Vladozg9999: posts small blind 30
Mahu2021: posts big blind 60
*** HOLE CARDS ***
Dealt to Mahu2021 [2d 7s]
Vladozg9999: calls 30
Mahu2021: checks 
*** FLOP *** [8c 6c 3s]
Mahu2021: checks 
Vladozg9999: checks 
*** TURN *** [8c 6c 3s] [4s]
Mahu2021: checks 
Vladozg9999: checks 
*** RIVER *** [8c 6c 3s 4s] [4c]
Mahu2021: checks 
Vladozg9999: checks 
*** SHOW DOWN ***
Mahu2021: shows [2d 7s] (a pair of Fours)
Vladozg9999: shows [5s 9c] (a pair of Fours - Nine kicker)
Vladozg9999 collected 120 from pot
*** SUMMARY ***
Total pot 120 | Rake 0 
Board [8c 6c 3s 4s 4c]
Seat 2: Mahu2021 (big blind) showed [2d 7s] and lost with a pair of Fours
Seat 3: Vladozg9999 (button) (small blind) showed [5s 9c] and won (120) with a pair of Fours



PokerStars Hand #250438758326: Tournament #3753123678, $1.84+$0.16 USD Hold'em No Limit - Level IV (30/60) - 2024/05/11 13:26:59 CET [2024/05/11 7:26:59 ET]
Table '3753123678 1' 3-max Seat #2 is the button
Seat 2: Mahu2021 (815 in chips) 
Seat 3: Vladozg9999 (685 in chips) 
Mahu2021: posts small blind 30
Vladozg9999: posts big blind 60
*** HOLE CARDS ***
Dealt to Mahu2021 [As 8s]
Mahu2021: raises 755 to 815 and is all-in
Vladozg9999: folds 
Uncalled bet (755) returned to Mahu2021
Mahu2021 collected 120 from pot
Mahu2021: doesn't show hand 
*** SUMMARY ***
Total pot 120 | Rake 0 
Seat 2: Mahu2021 (button) (small blind) collected (120)
Seat 3: Vladozg9999 (big blind) folded before Flop



PokerStars Hand #250438759414: Tournament #3753123678, $1.84+$0.16 USD Hold'em No Limit - Level IV (30/60) - 2024/05/11 13:27:06 CET [2024/05/11 7:27:06 ET]
Table '3753123678 1' 3-max Seat #3 is the button
Seat 2: Mahu2021 (875 in chips) 
Seat 3: Vladozg9999 (625 in chips) 
Vladozg9999: posts small blind 30
Mahu2021: posts big blind 60
*** HOLE CARDS ***
Dealt to Mahu2021 [Kh 6c]
Vladozg9999: raises 60 to 120
Mahu2021: calls 60
*** FLOP *** [4c 9s Jh]
Mahu2021: checks 
Vladozg9999: bets 505 and is all-in
Mahu2021: folds 
Uncalled bet (505) returned to Vladozg9999
Vladozg9999 collected 240 from pot
Vladozg9999: doesn't show hand 
*** SUMMARY ***
Total pot 240 | Rake 0 
Board [4c 9s Jh]
Seat 2: Mahu2021 (big blind) folded on the Flop
Seat 3: Vladozg9999 (button) (small blind) collected (240)



PokerStars Hand #250438760958: Tournament #3753123678, $1.84+$0.16 USD Hold'em No Limit - Level IV (30/60) - 2024/05/11 13:27:17 CET [2024/05/11 7:27:17 ET]
Table '3753123678 1' 3-max Seat #2 is the button
Seat 2: Mahu2021 (755 in chips) 
Seat 3: Vladozg9999 (745 in chips) 
Mahu2021: posts small blind 30
Vladozg9999: posts big blind 60
*** HOLE CARDS ***
Dealt to Mahu2021 [Kd Tc]
Mahu2021: calls 30
Vladozg9999: checks 
*** FLOP *** [4c 2h 3c]
Vladozg9999: checks 
Mahu2021: bets 60
Vladozg9999: calls 60
*** TURN *** [4c 2h 3c] [8h]
Vladozg9999: checks 
Mahu2021: checks 
*** RIVER *** [4c 2h 3c 8h] [Ks]
Vladozg9999: checks 
Mahu2021: bets 240
Vladozg9999: folds 
Uncalled bet (240) returned to Mahu2021
Mahu2021 collected 240 from pot
Mahu2021: doesn't show hand 
*** SUMMARY ***
Total pot 240 | Rake 0 
Board [4c 2h 3c 8h Ks]
Seat 2: Mahu2021 (button) (small blind) collected (240)
Seat 3: Vladozg9999 (big blind) folded on the River



PokerStars Hand #250438763763: Tournament #3753123678, $1.84+$0.16 USD Hold'em No Limit - Level V (40/80) - 2024/05/11 13:27:35 CET [2024/05/11 7:27:35 ET]
Table '3753123678 1' 3-max Seat #3 is the button
Seat 2: Mahu2021 (875 in chips) 
Seat 3: Vladozg9999 (625 in chips) 
Vladozg9999: posts small blind 40
Mahu2021: posts big blind 80
*** HOLE CARDS ***
Dealt to Mahu2021 [Ks Ad]
Vladozg9999: calls 40
Mahu2021: raises 795 to 875 and is all-in
Vladozg9999: folds 
Uncalled bet (795) returned to Mahu2021
Mahu2021 collected 160 from pot
Mahu2021: doesn't show hand 
*** SUMMARY ***
Total pot 160 | Rake 0 
Seat 2: Mahu2021 (big blind) collected (160)
Seat 3: Vladozg9999 (button) (small blind) folded before Flop



PokerStars Hand #250438764976: Tournament #3753123678, $1.84+$0.16 USD Hold'em No Limit - Level V (40/80) - 2024/05/11 13:27:43 CET [2024/05/11 7:27:43 ET]
Table '3753123678 1' 3-max Seat #2 is the button
Seat 2: Mahu2021 (955 in chips) 
Seat 3: Vladozg9999 (545 in chips) 
Mahu2021: posts small blind 40
Vladozg9999: posts big blind 80
*** HOLE CARDS ***
Dealt to Mahu2021 [4c 6c]
Mahu2021: calls 40
Vladozg9999: checks 
*** FLOP *** [7h Td 7c]
Vladozg9999: checks 
Mahu2021: bets 80
Vladozg9999: folds 
Uncalled bet (80) returned to Mahu2021
Mahu2021 collected 160 from pot
Mahu2021: doesn't show hand 
*** SUMMARY ***
Total pot 160 | Rake 0 
Board [7h Td 7c]
Seat 2: Mahu2021 (button) (small blind) collected (160)
Seat 3: Vladozg9999 (big blind) folded on the Flop



PokerStars Hand #250438766464: Tournament #3753123678, $1.84+$0.16 USD Hold'em No Limit - Level V (40/80) - 2024/05/11 13:27:52 CET [2024/05/11 7:27:52 ET]
Table '3753123678 1' 3-max Seat #3 is the button
Seat 2: Mahu2021 (1035 in chips) 
Seat 3: Vladozg9999 (465 in chips) 
Vladozg9999: posts small blind 40
Mahu2021: posts big blind 80
*** HOLE CARDS ***
Dealt to Mahu2021 [As 4c]
Vladozg9999: raises 80 to 160
Mahu2021: raises 875 to 1035 and is all-in
Vladozg9999: calls 305 and is all-in
Uncalled bet (570) returned to Mahu2021
*** FLOP *** [5d 6s Jd]
*** TURN *** [5d 6s Jd] [6d]
*** RIVER *** [5d 6s Jd 6d] [Kc]
*** SHOW DOWN ***
Mahu2021: shows [As 4c] (a pair of Sixes)
Vladozg9999: shows [Jc 9s] (two pair, Jacks and Sixes)
Vladozg9999 collected 930 from pot
*** SUMMARY ***
Total pot 930 | Rake 0 
Board [5d 6s Jd 6d Kc]
Seat 2: Mahu2021 (big blind) showed [As 4c] and lost with a pair of Sixes
Seat 3: Vladozg9999 (button) (small blind) showed [Jc 9s] and won (930) with two pair, Jacks and Sixes



PokerStars Hand #250438768566: Tournament #3753123678, $1.84+$0.16 USD Hold'em No Limit - Level V (40/80) - 2024/05/11 13:28:06 CET [2024/05/11 7:28:06 ET]
Table '3753123678 1' 3-max Seat #2 is the button
Seat 2: Mahu2021 (570 in chips) 
Seat 3: Vladozg9999 (930 in chips) 
Mahu2021: posts small blind 40
Vladozg9999: posts big blind 80
*** HOLE CARDS ***
Dealt to Mahu2021 [6s 2h]
Mahu2021: folds 
Uncalled bet (40) returned to Vladozg9999
Vladozg9999 collected 80 from pot
Vladozg9999: doesn't show hand 
*** SUMMARY ***
Total pot 80 | Rake 0 
Seat 2: Mahu2021 (button) (small blind) folded before Flop
Seat 3: Vladozg9999 (big blind) collected (80)



PokerStars Hand #250438769203: Tournament #3753123678, $1.84+$0.16 USD Hold'em No Limit - Level V (40/80) - 2024/05/11 13:28:11 CET [2024/05/11 7:28:11 ET]
Table '3753123678 1' 3-max Seat #3 is the button
Seat 2: Mahu2021 (530 in chips) 
Seat 3: Vladozg9999 (970 in chips) 
Vladozg9999: posts small blind 40
Mahu2021: posts big blind 80
*** HOLE CARDS ***
Dealt to Mahu2021 [5s As]
Vladozg9999: calls 40
Mahu2021: raises 450 to 530 and is all-in
Vladozg9999: calls 450
*** FLOP *** [7d 7s 8d]
*** TURN *** [7d 7s 8d] [6h]
*** RIVER *** [7d 7s 8d 6h] [Qs]
*** SHOW DOWN ***
Mahu2021: shows [5s As] (a pair of Sevens)
Vladozg9999: shows [9h Qd] (two pair, Queens and Sevens)
Vladozg9999 collected 1060 from pot
Mahu2021 finished the tournament in 2nd place
Vladozg9999 wins the tournament and receives $4.00 - congratulations!
*** SUMMARY ***
Total pot 1060 | Rake 0 
Board [7d 7s 8d 6h Qs]
Seat 2: Mahu2021 (big blind) showed [5s As] and lost with a pair of Sevens
Seat 3: Vladozg9999 (button) (small blind) showed [9h Qd] and won (1060) with two pair, Queens and Sevens



