PokerStars Hand #249702325383: Tournament #3735472986, $1.84+$0.16 USD Hold'em No Limit - Level I (10/20) - 2024/03/30 12:19:27 CET [2024/03/30 7:19:27 ET]
Table '3735472986 1' 3-max Seat #1 is the button
Seat 1: insite..1416 (500 in chips) 
Seat 2: Mahu2021 (500 in chips) 
Seat 3: jucanteli (500 in chips) 
Mahu2021: posts small blind 10
jucanteli: posts big blind 20
*** HOLE CARDS ***
Dealt to Mahu2021 [2s Ad]
insite..1416: folds 
Mahu2021: calls 10
jucanteli: checks 
*** FLOP *** [2d Ac 9h]
Mahu2021: bets 20
jucanteli: calls 20
*** TURN *** [2d Ac 9h] [Kh]
Mahu2021: bets 20
jucanteli: calls 20
*** RIVER *** [2d Ac 9h Kh] [Qs]
Mahu2021: bets 20
jucanteli: calls 20
*** SHOW DOWN ***
Mahu2021: shows [2s Ad] (two pair, Aces and Deuces)
jucanteli: mucks hand 
Mahu2021 collected 160 from pot
*** SUMMARY ***
Total pot 160 | Rake 0 
Board [2d Ac 9h Kh Qs]
Seat 1: insite..1416 (button) folded before Flop (didn't bet)
Seat 2: Mahu2021 (small blind) showed [2s Ad] and won (160) with two pair, Aces and Deuces
Seat 3: jucanteli (big blind) mucked [Ah 4h]



PokerStars Hand #249702328170: Tournament #3735472986, $1.84+$0.16 USD Hold'em No Limit - Level I (10/20) - 2024/03/30 12:19:45 CET [2024/03/30 7:19:45 ET]
Table '3735472986 1' 3-max Seat #2 is the button
Seat 1: insite..1416 (500 in chips) 
Seat 2: Mahu2021 (580 in chips) 
Seat 3: jucanteli (420 in chips) 
jucanteli: posts small blind 10
insite..1416: posts big blind 20
*** HOLE CARDS ***
Dealt to Mahu2021 [Qd 5d]
Mahu2021: calls 20
jucanteli: calls 10
insite..1416: checks 
*** FLOP *** [9d Ah 6s]
jucanteli: checks 
insite..1416: checks 
Mahu2021: checks 
*** TURN *** [9d Ah 6s] [5h]
jucanteli: bets 20
insite..1416: calls 20
Mahu2021: calls 20
*** RIVER *** [9d Ah 6s 5h] [Ks]
jucanteli: bets 60
insite..1416: folds 
Mahu2021: folds 
Uncalled bet (60) returned to jucanteli
jucanteli collected 120 from pot
*** SUMMARY ***
Total pot 120 | Rake 0 
Board [9d Ah 6s 5h Ks]
Seat 1: insite..1416 (big blind) folded on the River
Seat 2: Mahu2021 (button) folded on the River
Seat 3: jucanteli (small blind) collected (120)



PokerStars Hand #249702333319: Tournament #3735472986, $1.84+$0.16 USD Hold'em No Limit - Level I (10/20) - 2024/03/30 12:20:19 CET [2024/03/30 7:20:19 ET]
Table '3735472986 1' 3-max Seat #3 is the button
Seat 1: insite..1416 (460 in chips) 
Seat 2: Mahu2021 (540 in chips) 
Seat 3: jucanteli (500 in chips) 
insite..1416: posts small blind 10
Mahu2021: posts big blind 20
*** HOLE CARDS ***
Dealt to Mahu2021 [Ts 6c]
jucanteli: calls 20
insite..1416: calls 10
Mahu2021: checks 
*** FLOP *** [2h 5d Ks]
insite..1416: checks 
Mahu2021: checks 
jucanteli: checks 
*** TURN *** [2h 5d Ks] [8s]
insite..1416: checks 
Mahu2021: checks 
jucanteli: checks 
*** RIVER *** [2h 5d Ks 8s] [9h]
insite..1416: checks 
Mahu2021: checks 
jucanteli: checks 
*** SHOW DOWN ***
insite..1416: shows [4c 3c] (high card King)
Mahu2021: shows [Ts 6c] (high card King - Ten kicker)
jucanteli: shows [Th Ah] (high card Ace)
jucanteli collected 60 from pot
*** SUMMARY ***
Total pot 60 | Rake 0 
Board [2h 5d Ks 8s 9h]
Seat 1: insite..1416 (small blind) showed [4c 3c] and lost with high card King
Seat 2: Mahu2021 (big blind) showed [Ts 6c] and lost with high card King
Seat 3: jucanteli (button) showed [Th Ah] and won (60) with high card Ace



PokerStars Hand #249702336759: Tournament #3735472986, $1.84+$0.16 USD Hold'em No Limit - Level I (10/20) - 2024/03/30 12:20:42 CET [2024/03/30 7:20:42 ET]
Table '3735472986 1' 3-max Seat #1 is the button
Seat 1: insite..1416 (440 in chips) 
Seat 2: Mahu2021 (520 in chips) 
Seat 3: jucanteli (540 in chips) 
Mahu2021: posts small blind 10
jucanteli: posts big blind 20
*** HOLE CARDS ***
Dealt to Mahu2021 [4s Ts]
insite..1416: folds 
Mahu2021: folds 
Uncalled bet (10) returned to jucanteli
jucanteli collected 20 from pot
*** SUMMARY ***
Total pot 20 | Rake 0 
Seat 1: insite..1416 (button) folded before Flop (didn't bet)
Seat 2: Mahu2021 (small blind) folded before Flop
Seat 3: jucanteli (big blind) collected (20)



PokerStars Hand #249702337542: Tournament #3735472986, $1.84+$0.16 USD Hold'em No Limit - Level I (10/20) - 2024/03/30 12:20:47 CET [2024/03/30 7:20:47 ET]
Table '3735472986 1' 3-max Seat #2 is the button
Seat 1: insite..1416 (440 in chips) 
Seat 2: Mahu2021 (510 in chips) 
Seat 3: jucanteli (550 in chips) 
jucanteli: posts small blind 10
insite..1416: posts big blind 20
*** HOLE CARDS ***
Dealt to Mahu2021 [7d 6h]
Mahu2021: raises 20 to 40
jucanteli: calls 30
insite..1416: calls 20
*** FLOP *** [7h 6c 3d]
jucanteli: checks 
insite..1416: checks 
Mahu2021: bets 120
jucanteli: folds 
insite..1416: folds 
Uncalled bet (120) returned to Mahu2021
Mahu2021 collected 120 from pot
Mahu2021: doesn't show hand 
*** SUMMARY ***
Total pot 120 | Rake 0 
Board [7h 6c 3d]
Seat 1: insite..1416 (big blind) folded on the Flop
Seat 2: Mahu2021 (button) collected (120)
Seat 3: jucanteli (small blind) folded on the Flop



PokerStars Hand #249702341747: Tournament #3735472986, $1.84+$0.16 USD Hold'em No Limit - Level I (10/20) - 2024/03/30 12:21:14 CET [2024/03/30 7:21:14 ET]
Table '3735472986 1' 3-max Seat #3 is the button
Seat 1: insite..1416 (400 in chips) 
Seat 2: Mahu2021 (590 in chips) 
Seat 3: jucanteli (510 in chips) 
insite..1416: posts small blind 10
Mahu2021: posts big blind 20
*** HOLE CARDS ***
Dealt to Mahu2021 [2c 3c]
jucanteli: folds 
insite..1416: raises 20 to 40
Mahu2021: calls 20
*** FLOP *** [3h Qs 7c]
insite..1416: bets 40
Mahu2021: calls 40
*** TURN *** [3h Qs 7c] [8s]
insite..1416: checks 
Mahu2021: checks 
*** RIVER *** [3h Qs 7c 8s] [Jd]
insite..1416: checks 
Mahu2021: bets 40
insite..1416: folds 
Uncalled bet (40) returned to Mahu2021
Mahu2021 collected 160 from pot
Mahu2021: doesn't show hand 
*** SUMMARY ***
Total pot 160 | Rake 0 
Board [3h Qs 7c 8s Jd]
Seat 1: insite..1416 (small blind) folded on the River
Seat 2: Mahu2021 (big blind) collected (160)
Seat 3: jucanteli (button) folded before Flop (didn't bet)



PokerStars Hand #249702345299: Tournament #3735472986, $1.84+$0.16 USD Hold'em No Limit - Level I (10/20) - 2024/03/30 12:21:37 CET [2024/03/30 7:21:37 ET]
Table '3735472986 1' 3-max Seat #1 is the button
Seat 1: insite..1416 (320 in chips) 
Seat 2: Mahu2021 (670 in chips) 
Seat 3: jucanteli (510 in chips) 
Mahu2021: posts small blind 10
jucanteli: posts big blind 20
*** HOLE CARDS ***
Dealt to Mahu2021 [7h Ks]
insite..1416: folds 
Mahu2021: calls 10
jucanteli: checks 
*** FLOP *** [3s 8d Ad]
Mahu2021: checks 
jucanteli: checks 
*** TURN *** [3s 8d Ad] [8h]
Mahu2021: checks 
jucanteli: checks 
*** RIVER *** [3s 8d Ad 8h] [Qs]
Mahu2021: checks 
jucanteli: bets 40
Mahu2021: folds 
Uncalled bet (40) returned to jucanteli
jucanteli collected 40 from pot
*** SUMMARY ***
Total pot 40 | Rake 0 
Board [3s 8d Ad 8h Qs]
Seat 1: insite..1416 (button) folded before Flop (didn't bet)
Seat 2: Mahu2021 (small blind) folded on the River
Seat 3: jucanteli (big blind) collected (40)



PokerStars Hand #249702349470: Tournament #3735472986, $1.84+$0.16 USD Hold'em No Limit - Level I (10/20) - 2024/03/30 12:22:05 CET [2024/03/30 7:22:05 ET]
Table '3735472986 1' 3-max Seat #2 is the button
Seat 1: insite..1416 (320 in chips) 
Seat 2: Mahu2021 (650 in chips) 
Seat 3: jucanteli (530 in chips) 
jucanteli: posts small blind 10
insite..1416: posts big blind 20
*** HOLE CARDS ***
Dealt to Mahu2021 [2c 2d]
Mahu2021: raises 20 to 40
jucanteli: folds 
insite..1416: calls 20
*** FLOP *** [4h 6d Tc]
insite..1416: checks 
Mahu2021: checks 
*** TURN *** [4h 6d Tc] [5s]
insite..1416: bets 40
Mahu2021: calls 40
*** RIVER *** [4h 6d Tc 5s] [8s]
insite..1416: bets 60
Mahu2021: folds 
Uncalled bet (60) returned to insite..1416
insite..1416 collected 170 from pot
insite..1416: doesn't show hand 
*** SUMMARY ***
Total pot 170 | Rake 0 
Board [4h 6d Tc 5s 8s]
Seat 1: insite..1416 (big blind) collected (170)
Seat 2: Mahu2021 (button) folded on the River
Seat 3: jucanteli (small blind) folded before Flop



PokerStars Hand #249702353562: Tournament #3735472986, $1.84+$0.16 USD Hold'em No Limit - Level II (15/30) - 2024/03/30 12:22:32 CET [2024/03/30 7:22:32 ET]
Table '3735472986 1' 3-max Seat #3 is the button
Seat 1: insite..1416 (410 in chips) 
Seat 2: Mahu2021 (570 in chips) 
Seat 3: jucanteli (520 in chips) 
insite..1416: posts small blind 15
Mahu2021: posts big blind 30
*** HOLE CARDS ***
Dealt to Mahu2021 [Qc 5h]
jucanteli: calls 30
insite..1416: raises 380 to 410 and is all-in
Mahu2021: folds 
jucanteli: calls 380
*** FLOP *** [2s Th 5c]
*** TURN *** [2s Th 5c] [Js]
*** RIVER *** [2s Th 5c Js] [9s]
*** SHOW DOWN ***
insite..1416: shows [6s 6h] (a pair of Sixes)
jucanteli: shows [Ad Jc] (a pair of Jacks)
jucanteli collected 850 from pot
insite..1416 finished the tournament in 3rd place
*** SUMMARY ***
Total pot 850 | Rake 0 
Board [2s Th 5c Js 9s]
Seat 1: insite..1416 (small blind) showed [6s 6h] and lost with a pair of Sixes
Seat 2: Mahu2021 (big blind) folded before Flop
Seat 3: jucanteli (button) showed [Ad Jc] and won (850) with a pair of Jacks



PokerStars Hand #249702356986: Tournament #3735472986, $1.84+$0.16 USD Hold'em No Limit - Level II (15/30) - 2024/03/30 12:22:54 CET [2024/03/30 7:22:54 ET]
Table '3735472986 1' 3-max Seat #2 is the button
Seat 2: Mahu2021 (540 in chips) 
Seat 3: jucanteli (960 in chips) 
Mahu2021: posts small blind 15
jucanteli: posts big blind 30
*** HOLE CARDS ***
Dealt to Mahu2021 [Qc 5d]
Mahu2021: calls 15
jucanteli: checks 
*** FLOP *** [2h Th Ac]
jucanteli: checks 
Mahu2021: checks 
*** TURN *** [2h Th Ac] [4s]
jucanteli: checks 
Mahu2021: checks 
*** RIVER *** [2h Th Ac 4s] [9c]
jucanteli: checks 
Mahu2021: checks 
*** SHOW DOWN ***
jucanteli: shows [7h 7d] (a pair of Sevens)
Mahu2021: mucks hand 
jucanteli collected 60 from pot
*** SUMMARY ***
Total pot 60 | Rake 0 
Board [2h Th Ac 4s 9c]
Seat 2: Mahu2021 (button) (small blind) mucked [Qc 5d]
Seat 3: jucanteli (big blind) showed [7h 7d] and won (60) with a pair of Sevens



PokerStars Hand #249702361309: Tournament #3735472986, $1.84+$0.16 USD Hold'em No Limit - Level II (15/30) - 2024/03/30 12:23:22 CET [2024/03/30 7:23:22 ET]
Table '3735472986 1' 3-max Seat #3 is the button
Seat 2: Mahu2021 (510 in chips) 
Seat 3: jucanteli (990 in chips) 
jucanteli: posts small blind 15
Mahu2021: posts big blind 30
*** HOLE CARDS ***
Dealt to Mahu2021 [Qh As]
jucanteli: calls 15
Mahu2021: raises 60 to 90
jucanteli: calls 60
*** FLOP *** [Ts Td 5c]
Mahu2021: checks 
jucanteli: checks 
*** TURN *** [Ts Td 5c] [Ks]
Mahu2021: checks 
jucanteli: checks 
*** RIVER *** [Ts Td 5c Ks] [6d]
Mahu2021: checks 
jucanteli: bets 30
Mahu2021: calls 30
*** SHOW DOWN ***
jucanteli: shows [8d 5s] (two pair, Tens and Fives)
Mahu2021: mucks hand 
jucanteli collected 240 from pot
*** SUMMARY ***
Total pot 240 | Rake 0 
Board [Ts Td 5c Ks 6d]
Seat 2: Mahu2021 (big blind) mucked [Qh As]
Seat 3: jucanteli (button) (small blind) showed [8d 5s] and won (240) with two pair, Tens and Fives



PokerStars Hand #249702364656: Tournament #3735472986, $1.84+$0.16 USD Hold'em No Limit - Level II (15/30) - 2024/03/30 12:23:44 CET [2024/03/30 7:23:44 ET]
Table '3735472986 1' 3-max Seat #2 is the button
Seat 2: Mahu2021 (390 in chips) 
Seat 3: jucanteli (1110 in chips) 
Mahu2021: posts small blind 15
jucanteli: posts big blind 30
*** HOLE CARDS ***
Dealt to Mahu2021 [Qc 9h]
Mahu2021: raises 30 to 60
jucanteli: calls 30
*** FLOP *** [Kh Ad 8c]
jucanteli: checks 
Mahu2021: bets 60
jucanteli: calls 60
*** TURN *** [Kh Ad 8c] [Kd]
jucanteli: checks 
Mahu2021: checks 
*** RIVER *** [Kh Ad 8c Kd] [2h]
jucanteli: checks 
Mahu2021: checks 
*** SHOW DOWN ***
jucanteli: shows [8h 9s] (two pair, Kings and Eights)
Mahu2021: mucks hand 
jucanteli collected 240 from pot
*** SUMMARY ***
Total pot 240 | Rake 0 
Board [Kh Ad 8c Kd 2h]
Seat 2: Mahu2021 (button) (small blind) mucked [Qc 9h]
Seat 3: jucanteli (big blind) showed [8h 9s] and won (240) with two pair, Kings and Eights



PokerStars Hand #249702368138: Tournament #3735472986, $1.84+$0.16 USD Hold'em No Limit - Level II (15/30) - 2024/03/30 12:24:07 CET [2024/03/30 7:24:07 ET]
Table '3735472986 1' 3-max Seat #3 is the button
Seat 2: Mahu2021 (270 in chips) 
Seat 3: jucanteli (1230 in chips) 
jucanteli: posts small blind 15
Mahu2021: posts big blind 30
*** HOLE CARDS ***
Dealt to Mahu2021 [Qd 3h]
jucanteli: calls 15
Mahu2021: checks 
*** FLOP *** [Kd 4c Jd]
Mahu2021: checks 
jucanteli: checks 
*** TURN *** [Kd 4c Jd] [3d]
Mahu2021: bets 30
jucanteli: folds 
Uncalled bet (30) returned to Mahu2021
Mahu2021 collected 60 from pot
Mahu2021: doesn't show hand 
*** SUMMARY ***
Total pot 60 | Rake 0 
Board [Kd 4c Jd 3d]
Seat 2: Mahu2021 (big blind) collected (60)
Seat 3: jucanteli (button) (small blind) folded on the Turn



PokerStars Hand #249702370472: Tournament #3735472986, $1.84+$0.16 USD Hold'em No Limit - Level II (15/30) - 2024/03/30 12:24:22 CET [2024/03/30 7:24:22 ET]
Table '3735472986 1' 3-max Seat #2 is the button
Seat 2: Mahu2021 (300 in chips) 
Seat 3: jucanteli (1200 in chips) 
Mahu2021: posts small blind 15
jucanteli: posts big blind 30
*** HOLE CARDS ***
Dealt to Mahu2021 [4d 7d]
Mahu2021: calls 15
jucanteli: checks 
*** FLOP *** [Kd 3c Ac]
jucanteli: checks 
Mahu2021: bets 30
jucanteli: calls 30
*** TURN *** [Kd 3c Ac] [Ts]
jucanteli: checks 
Mahu2021: checks 
*** RIVER *** [Kd 3c Ac Ts] [Ah]
jucanteli: checks 
Mahu2021: checks 
*** SHOW DOWN ***
jucanteli: shows [2d 4s] (a pair of Aces)
Mahu2021: shows [4d 7d] (a pair of Aces - King+Ten+Seven kicker)
Mahu2021 collected 120 from pot
*** SUMMARY ***
Total pot 120 | Rake 0 
Board [Kd 3c Ac Ts Ah]
Seat 2: Mahu2021 (button) (small blind) showed [4d 7d] and won (120) with a pair of Aces
Seat 3: jucanteli (big blind) showed [2d 4s] and lost with a pair of Aces



PokerStars Hand #249702373597: Tournament #3735472986, $1.84+$0.16 USD Hold'em No Limit - Level II (15/30) - 2024/03/30 12:24:43 CET [2024/03/30 7:24:43 ET]
Table '3735472986 1' 3-max Seat #3 is the button
Seat 2: Mahu2021 (360 in chips) 
Seat 3: jucanteli (1140 in chips) 
jucanteli: posts small blind 15
Mahu2021: posts big blind 30
*** HOLE CARDS ***
Dealt to Mahu2021 [Jc 6h]
jucanteli: calls 15
Mahu2021: checks 
*** FLOP *** [Tc Qh Ts]
Mahu2021: checks 
jucanteli: checks 
*** TURN *** [Tc Qh Ts] [Qc]
Mahu2021: checks 
jucanteli: checks 
*** RIVER *** [Tc Qh Ts Qc] [Ac]
Mahu2021: bets 30
jucanteli: raises 150 to 180
Mahu2021: folds 
Uncalled bet (150) returned to jucanteli
jucanteli collected 120 from pot
*** SUMMARY ***
Total pot 120 | Rake 0 
Board [Tc Qh Ts Qc Ac]
Seat 2: Mahu2021 (big blind) folded on the River
Seat 3: jucanteli (button) (small blind) collected (120)



PokerStars Hand #249702376843: Tournament #3735472986, $1.84+$0.16 USD Hold'em No Limit - Level II (15/30) - 2024/03/30 12:25:04 CET [2024/03/30 7:25:04 ET]
Table '3735472986 1' 3-max Seat #2 is the button
Seat 2: Mahu2021 (300 in chips) 
Seat 3: jucanteli (1200 in chips) 
Mahu2021: posts small blind 15
jucanteli: posts big blind 30
*** HOLE CARDS ***
Dealt to Mahu2021 [Tc 8c]
Mahu2021: calls 15
jucanteli: checks 
*** FLOP *** [3h 7s 5d]
jucanteli: checks 
Mahu2021: checks 
*** TURN *** [3h 7s 5d] [6c]
jucanteli: checks 
Mahu2021: bets 60
jucanteli: calls 60
*** RIVER *** [3h 7s 5d 6c] [4d]
jucanteli: bets 60
Mahu2021: raises 60 to 120
jucanteli: calls 60
*** SHOW DOWN ***
Mahu2021: shows [Tc 8c] (a straight, Four to Eight)
jucanteli: shows [8d Ac] (a straight, Four to Eight)
jucanteli collected 210 from pot
Mahu2021 collected 210 from pot
*** SUMMARY ***
Total pot 420 | Rake 0 
Board [3h 7s 5d 6c 4d]
Seat 2: Mahu2021 (button) (small blind) showed [Tc 8c] and won (210) with a straight, Four to Eight
Seat 3: jucanteli (big blind) showed [8d Ac] and won (210) with a straight, Four to Eight



PokerStars Hand #249702382196: Tournament #3735472986, $1.84+$0.16 USD Hold'em No Limit - Level III (20/40) - 2024/03/30 12:25:39 CET [2024/03/30 7:25:39 ET]
Table '3735472986 1' 3-max Seat #3 is the button
Seat 2: Mahu2021 (300 in chips) 
Seat 3: jucanteli (1200 in chips) 
jucanteli: posts small blind 20
Mahu2021: posts big blind 40
*** HOLE CARDS ***
Dealt to Mahu2021 [Kd 7d]
jucanteli: calls 20
Mahu2021: raises 260 to 300 and is all-in
jucanteli: calls 260
*** FLOP *** [Ac 3s 7s]
*** TURN *** [Ac 3s 7s] [8d]
*** RIVER *** [Ac 3s 7s 8d] [Qs]
*** SHOW DOWN ***
Mahu2021: shows [Kd 7d] (a pair of Sevens)
jucanteli: shows [As Js] (a flush, Ace high)
jucanteli collected 600 from pot
Mahu2021 finished the tournament in 2nd place
jucanteli wins the tournament and receives $10.00 - congratulations!
*** SUMMARY ***
Total pot 600 | Rake 0 
Board [Ac 3s 7s 8d Qs]
Seat 2: Mahu2021 (big blind) showed [Kd 7d] and lost with a pair of Sevens
Seat 3: jucanteli (button) (small blind) showed [As Js] and won (600) with a flush, Ace high



