PokerStars Hand #252985215306: Tournament #3813306025, $1.84+$0.16 USD Hold'em No Limit - Level I (10/20) - 2024/10/18 15:15:57 CET [2024/10/18 9:15:57 ET]
Table '3813306025 1' 3-max Seat #1 is the button
Seat 1: ygfz1n (500 in chips) 
Seat 2: Mahu2021 (500 in chips) 
Seat 3: Robin1012 (500 in chips) 
Mahu2021: posts small blind 10
Robin1012: posts big blind 20
*** HOLE CARDS ***
Dealt to Mahu2021 [3d 3h]
ygfz1n: raises 20 to 40
Mahu2021: calls 30
Robin1012: folds 
*** FLOP *** [8s 4h 3s]
Mahu2021: checks 
ygfz1n: bets 20
Mahu2021: raises 440 to 460 and is all-in
ygfz1n: folds 
Uncalled bet (440) returned to Mahu2021
Mahu2021 collected 140 from pot
Mahu2021: doesn't show hand 
*** SUMMARY ***
Total pot 140 | Rake 0 
Board [8s 4h 3s]
Seat 1: ygfz1n (button) folded on the Flop
Seat 2: Mahu2021 (small blind) collected (140)
Seat 3: Robin1012 (big blind) folded before Flop



PokerStars Hand #252985222042: Tournament #3813306025, $1.84+$0.16 USD Hold'em No Limit - Level I (10/20) - 2024/10/18 15:16:36 CET [2024/10/18 9:16:36 ET]
Table '3813306025 1' 3-max Seat #2 is the button
Seat 1: ygfz1n (440 in chips) 
Seat 2: Mahu2021 (580 in chips) 
Seat 3: Robin1012 (480 in chips) 
Robin1012: posts small blind 10
ygfz1n: posts big blind 20
*** HOLE CARDS ***
Dealt to Mahu2021 [4d 6h]
Mahu2021: folds 
Robin1012: calls 10
ygfz1n: checks 
*** FLOP *** [Ks Qd Ts]
Robin1012: bets 20
ygfz1n: folds 
Uncalled bet (20) returned to Robin1012
Robin1012 collected 40 from pot
Robin1012: doesn't show hand 
*** SUMMARY ***
Total pot 40 | Rake 0 
Board [Ks Qd Ts]
Seat 1: ygfz1n (big blind) folded on the Flop
Seat 2: Mahu2021 (button) folded before Flop (didn't bet)
Seat 3: Robin1012 (small blind) collected (40)



PokerStars Hand #252985223730: Tournament #3813306025, $1.84+$0.16 USD Hold'em No Limit - Level I (10/20) - 2024/10/18 15:16:46 CET [2024/10/18 9:16:46 ET]
Table '3813306025 1' 3-max Seat #3 is the button
Seat 1: ygfz1n (420 in chips) 
Seat 2: Mahu2021 (580 in chips) 
Seat 3: Robin1012 (500 in chips) 
ygfz1n: posts small blind 10
Mahu2021: posts big blind 20
*** HOLE CARDS ***
Dealt to Mahu2021 [5h 9s]
Robin1012: raises 20 to 40
ygfz1n: folds 
Mahu2021: folds 
Uncalled bet (20) returned to Robin1012
Robin1012 collected 50 from pot
Robin1012: doesn't show hand 
*** SUMMARY ***
Total pot 50 | Rake 0 
Seat 1: ygfz1n (small blind) folded before Flop
Seat 2: Mahu2021 (big blind) folded before Flop
Seat 3: Robin1012 (button) collected (50)



PokerStars Hand #252985225326: Tournament #3813306025, $1.84+$0.16 USD Hold'em No Limit - Level I (10/20) - 2024/10/18 15:16:55 CET [2024/10/18 9:16:55 ET]
Table '3813306025 1' 3-max Seat #1 is the button
Seat 1: ygfz1n (410 in chips) 
Seat 2: Mahu2021 (560 in chips) 
Seat 3: Robin1012 (530 in chips) 
Mahu2021: posts small blind 10
Robin1012: posts big blind 20
*** HOLE CARDS ***
Dealt to Mahu2021 [4c Qs]
ygfz1n: raises 20 to 40
Mahu2021: folds 
Robin1012: raises 20 to 60
ygfz1n: raises 350 to 410 and is all-in
Robin1012: calls 350
*** FLOP *** [9h Ad 9d]
*** TURN *** [9h Ad 9d] [Tc]
*** RIVER *** [9h Ad 9d Tc] [Th]
*** SHOW DOWN ***
Robin1012: shows [Qh Kc] (two pair, Tens and Nines)
ygfz1n: shows [Jh Ac] (two pair, Aces and Tens)
ygfz1n collected 830 from pot
*** SUMMARY ***
Total pot 830 | Rake 0 
Board [9h Ad 9d Tc Th]
Seat 1: ygfz1n (button) showed [Jh Ac] and won (830) with two pair, Aces and Tens
Seat 2: Mahu2021 (small blind) folded before Flop
Seat 3: Robin1012 (big blind) showed [Qh Kc] and lost with two pair, Tens and Nines



PokerStars Hand #252985230154: Tournament #3813306025, $1.84+$0.16 USD Hold'em No Limit - Level I (10/20) - 2024/10/18 15:17:24 CET [2024/10/18 9:17:24 ET]
Table '3813306025 1' 3-max Seat #2 is the button
Seat 1: ygfz1n (830 in chips) 
Seat 2: Mahu2021 (550 in chips) 
Seat 3: Robin1012 (120 in chips) 
Robin1012: posts small blind 10
ygfz1n: posts big blind 20
*** HOLE CARDS ***
Dealt to Mahu2021 [8c Js]
Mahu2021: folds 
Robin1012: folds 
Uncalled bet (10) returned to ygfz1n
ygfz1n collected 20 from pot
ygfz1n: doesn't show hand 
*** SUMMARY ***
Total pot 20 | Rake 0 
Seat 1: ygfz1n (big blind) collected (20)
Seat 2: Mahu2021 (button) folded before Flop (didn't bet)
Seat 3: Robin1012 (small blind) folded before Flop



PokerStars Hand #252985231182: Tournament #3813306025, $1.84+$0.16 USD Hold'em No Limit - Level I (10/20) - 2024/10/18 15:17:29 CET [2024/10/18 9:17:29 ET]
Table '3813306025 1' 3-max Seat #3 is the button
Seat 1: ygfz1n (840 in chips) 
Seat 2: Mahu2021 (550 in chips) 
Seat 3: Robin1012 (110 in chips) 
ygfz1n: posts small blind 10
Mahu2021: posts big blind 20
*** HOLE CARDS ***
Dealt to Mahu2021 [6s 9d]
Robin1012: folds 
ygfz1n: folds 
Uncalled bet (10) returned to Mahu2021
Mahu2021 collected 20 from pot
Mahu2021: doesn't show hand 
*** SUMMARY ***
Total pot 20 | Rake 0 
Seat 1: ygfz1n (small blind) folded before Flop
Seat 2: Mahu2021 (big blind) collected (20)
Seat 3: Robin1012 (button) folded before Flop (didn't bet)



PokerStars Hand #252985232514: Tournament #3813306025, $1.84+$0.16 USD Hold'em No Limit - Level I (10/20) - 2024/10/18 15:17:37 CET [2024/10/18 9:17:37 ET]
Table '3813306025 1' 3-max Seat #1 is the button
Seat 1: ygfz1n (830 in chips) 
Seat 2: Mahu2021 (560 in chips) 
Seat 3: Robin1012 (110 in chips) 
Mahu2021: posts small blind 10
Robin1012: posts big blind 20
*** HOLE CARDS ***
Dealt to Mahu2021 [8c Td]
ygfz1n: folds 
Mahu2021: folds 
Uncalled bet (10) returned to Robin1012
Robin1012 collected 20 from pot
Robin1012: doesn't show hand 
*** SUMMARY ***
Total pot 20 | Rake 0 
Seat 1: ygfz1n (button) folded before Flop (didn't bet)
Seat 2: Mahu2021 (small blind) folded before Flop
Seat 3: Robin1012 (big blind) collected (20)



PokerStars Hand #252985234246: Tournament #3813306025, $1.84+$0.16 USD Hold'em No Limit - Level I (10/20) - 2024/10/18 15:17:48 CET [2024/10/18 9:17:48 ET]
Table '3813306025 1' 3-max Seat #2 is the button
Seat 1: ygfz1n (830 in chips) 
Seat 2: Mahu2021 (550 in chips) 
Seat 3: Robin1012 (120 in chips) 
Robin1012: posts small blind 10
ygfz1n: posts big blind 20
*** HOLE CARDS ***
Dealt to Mahu2021 [Ks Jc]
Mahu2021: raises 20 to 40
Robin1012: folds 
ygfz1n: folds 
Uncalled bet (20) returned to Mahu2021
Mahu2021 collected 50 from pot
Mahu2021: doesn't show hand 
*** SUMMARY ***
Total pot 50 | Rake 0 
Seat 1: ygfz1n (big blind) folded before Flop
Seat 2: Mahu2021 (button) collected (50)
Seat 3: Robin1012 (small blind) folded before Flop



PokerStars Hand #252985235734: Tournament #3813306025, $1.84+$0.16 USD Hold'em No Limit - Level I (10/20) - 2024/10/18 15:17:57 CET [2024/10/18 9:17:57 ET]
Table '3813306025 1' 3-max Seat #3 is the button
Seat 1: ygfz1n (810 in chips) 
Seat 2: Mahu2021 (580 in chips) 
Seat 3: Robin1012 (110 in chips) 
ygfz1n: posts small blind 10
Mahu2021: posts big blind 20
*** HOLE CARDS ***
Dealt to Mahu2021 [Qs 3h]
Robin1012: raises 90 to 110 and is all-in
ygfz1n: folds 
Mahu2021: folds 
Uncalled bet (90) returned to Robin1012
Robin1012 collected 50 from pot
Robin1012: doesn't show hand 
*** SUMMARY ***
Total pot 50 | Rake 0 
Seat 1: ygfz1n (small blind) folded before Flop
Seat 2: Mahu2021 (big blind) folded before Flop
Seat 3: Robin1012 (button) collected (50)



PokerStars Hand #252985237375: Tournament #3813306025, $1.84+$0.16 USD Hold'em No Limit - Level I (10/20) - 2024/10/18 15:18:06 CET [2024/10/18 9:18:06 ET]
Table '3813306025 1' 3-max Seat #1 is the button
Seat 1: ygfz1n (800 in chips) 
Seat 2: Mahu2021 (560 in chips) 
Seat 3: Robin1012 (140 in chips) 
Mahu2021: posts small blind 10
Robin1012: posts big blind 20
*** HOLE CARDS ***
Dealt to Mahu2021 [Ad Ah]
ygfz1n: raises 20 to 40
Mahu2021: raises 100 to 140
Robin1012: folds 
ygfz1n: folds 
Uncalled bet (100) returned to Mahu2021
Mahu2021 collected 100 from pot
Mahu2021: doesn't show hand 
*** SUMMARY ***
Total pot 100 | Rake 0 
Seat 1: ygfz1n (button) folded before Flop
Seat 2: Mahu2021 (small blind) collected (100)
Seat 3: Robin1012 (big blind) folded before Flop



PokerStars Hand #252985241794: Tournament #3813306025, $1.84+$0.16 USD Hold'em No Limit - Level I (10/20) - 2024/10/18 15:18:31 CET [2024/10/18 9:18:31 ET]
Table '3813306025 1' 3-max Seat #2 is the button
Seat 1: ygfz1n (760 in chips) 
Seat 2: Mahu2021 (620 in chips) 
Seat 3: Robin1012 (120 in chips) 
Robin1012: posts small blind 10
ygfz1n: posts big blind 20
*** HOLE CARDS ***
Dealt to Mahu2021 [3s Ts]
Mahu2021: folds 
Robin1012: calls 10
ygfz1n: checks 
*** FLOP *** [6h 5h Ad]
Robin1012: checks 
ygfz1n: checks 
*** TURN *** [6h 5h Ad] [Jc]
Robin1012: checks 
ygfz1n: checks 
*** RIVER *** [6h 5h Ad Jc] [Td]
Robin1012: bets 20
ygfz1n: folds 
Uncalled bet (20) returned to Robin1012
Robin1012 collected 40 from pot
Robin1012: doesn't show hand 
*** SUMMARY ***
Total pot 40 | Rake 0 
Board [6h 5h Ad Jc Td]
Seat 1: ygfz1n (big blind) folded on the River
Seat 2: Mahu2021 (button) folded before Flop (didn't bet)
Seat 3: Robin1012 (small blind) collected (40)



PokerStars Hand #252985247322: Tournament #3813306025, $1.84+$0.16 USD Hold'em No Limit - Level II (15/30) - 2024/10/18 15:19:04 CET [2024/10/18 9:19:04 ET]
Table '3813306025 1' 3-max Seat #3 is the button
Seat 1: ygfz1n (740 in chips) 
Seat 2: Mahu2021 (620 in chips) 
Seat 3: Robin1012 (140 in chips) 
ygfz1n: posts small blind 15
Mahu2021: posts big blind 30
*** HOLE CARDS ***
Dealt to Mahu2021 [8d 2s]
Robin1012: folds 
ygfz1n: raises 30 to 60
Mahu2021: folds 
Uncalled bet (30) returned to ygfz1n
ygfz1n collected 60 from pot
ygfz1n: doesn't show hand 
*** SUMMARY ***
Total pot 60 | Rake 0 
Seat 1: ygfz1n (small blind) collected (60)
Seat 2: Mahu2021 (big blind) folded before Flop
Seat 3: Robin1012 (button) folded before Flop (didn't bet)



PokerStars Hand #252985250250: Tournament #3813306025, $1.84+$0.16 USD Hold'em No Limit - Level II (15/30) - 2024/10/18 15:19:20 CET [2024/10/18 9:19:20 ET]
Table '3813306025 1' 3-max Seat #1 is the button
Seat 1: ygfz1n (770 in chips) 
Seat 2: Mahu2021 (590 in chips) 
Seat 3: Robin1012 (140 in chips) 
Mahu2021: posts small blind 15
Robin1012: posts big blind 30
*** HOLE CARDS ***
Dealt to Mahu2021 [6d 6s]
ygfz1n: folds 
Mahu2021: raises 560 to 590 and is all-in
Robin1012: folds 
Uncalled bet (560) returned to Mahu2021
Mahu2021 collected 60 from pot
Mahu2021: doesn't show hand 
*** SUMMARY ***
Total pot 60 | Rake 0 
Seat 1: ygfz1n (button) folded before Flop (didn't bet)
Seat 2: Mahu2021 (small blind) collected (60)
Seat 3: Robin1012 (big blind) folded before Flop



PokerStars Hand #252985251676: Tournament #3813306025, $1.84+$0.16 USD Hold'em No Limit - Level II (15/30) - 2024/10/18 15:19:29 CET [2024/10/18 9:19:29 ET]
Table '3813306025 1' 3-max Seat #2 is the button
Seat 1: ygfz1n (770 in chips) 
Seat 2: Mahu2021 (620 in chips) 
Seat 3: Robin1012 (110 in chips) 
Robin1012: posts small blind 15
ygfz1n: posts big blind 30
*** HOLE CARDS ***
Dealt to Mahu2021 [5d 3c]
Mahu2021: folds 
Robin1012: raises 80 to 110 and is all-in
ygfz1n: folds 
Uncalled bet (80) returned to Robin1012
Robin1012 collected 60 from pot
Robin1012: doesn't show hand 
*** SUMMARY ***
Total pot 60 | Rake 0 
Seat 1: ygfz1n (big blind) folded before Flop
Seat 2: Mahu2021 (button) folded before Flop (didn't bet)
Seat 3: Robin1012 (small blind) collected (60)



PokerStars Hand #252985253563: Tournament #3813306025, $1.84+$0.16 USD Hold'em No Limit - Level II (15/30) - 2024/10/18 15:19:40 CET [2024/10/18 9:19:40 ET]
Table '3813306025 1' 3-max Seat #3 is the button
Seat 1: ygfz1n (740 in chips) 
Seat 2: Mahu2021 (620 in chips) 
Seat 3: Robin1012 (140 in chips) 
ygfz1n: posts small blind 15
Mahu2021: posts big blind 30
*** HOLE CARDS ***
Dealt to Mahu2021 [Jd 2c]
Robin1012: folds 
ygfz1n: raises 30 to 60
Mahu2021: folds 
Uncalled bet (30) returned to ygfz1n
ygfz1n collected 60 from pot
ygfz1n: doesn't show hand 
*** SUMMARY ***
Total pot 60 | Rake 0 
Seat 1: ygfz1n (small blind) collected (60)
Seat 2: Mahu2021 (big blind) folded before Flop
Seat 3: Robin1012 (button) folded before Flop (didn't bet)



PokerStars Hand #252985254796: Tournament #3813306025, $1.84+$0.16 USD Hold'em No Limit - Level II (15/30) - 2024/10/18 15:19:47 CET [2024/10/18 9:19:47 ET]
Table '3813306025 1' 3-max Seat #1 is the button
Seat 1: ygfz1n (770 in chips) 
Seat 2: Mahu2021 (590 in chips) 
Seat 3: Robin1012 (140 in chips) 
Mahu2021: posts small blind 15
Robin1012: posts big blind 30
*** HOLE CARDS ***
Dealt to Mahu2021 [Qs 9h]
ygfz1n: raises 30 to 60
Mahu2021: folds 
Robin1012: raises 80 to 140 and is all-in
ygfz1n: calls 80
*** FLOP *** [4c Ks Js]
*** TURN *** [4c Ks Js] [6d]
*** RIVER *** [4c Ks Js 6d] [9d]
*** SHOW DOWN ***
Robin1012: shows [8h 8c] (a pair of Eights)
ygfz1n: shows [Qh Qd] (a pair of Queens)
ygfz1n collected 295 from pot
Robin1012 finished the tournament in 3rd place
*** SUMMARY ***
Total pot 295 | Rake 0 
Board [4c Ks Js 6d 9d]
Seat 1: ygfz1n (button) showed [Qh Qd] and won (295) with a pair of Queens
Seat 2: Mahu2021 (small blind) folded before Flop
Seat 3: Robin1012 (big blind) showed [8h 8c] and lost with a pair of Eights



PokerStars Hand #252985258525: Tournament #3813306025, $1.84+$0.16 USD Hold'em No Limit - Level II (15/30) - 2024/10/18 15:20:08 CET [2024/10/18 9:20:08 ET]
Table '3813306025 1' 3-max Seat #2 is the button
Seat 1: ygfz1n (925 in chips) 
Seat 2: Mahu2021 (575 in chips) 
Mahu2021: posts small blind 15
ygfz1n: posts big blind 30
*** HOLE CARDS ***
Dealt to Mahu2021 [6s 8h]
Mahu2021: folds 
Uncalled bet (15) returned to ygfz1n
ygfz1n collected 30 from pot
ygfz1n: doesn't show hand 
*** SUMMARY ***
Total pot 30 | Rake 0 
Seat 1: ygfz1n (big blind) collected (30)
Seat 2: Mahu2021 (button) (small blind) folded before Flop



PokerStars Hand #252985259332: Tournament #3813306025, $1.84+$0.16 USD Hold'em No Limit - Level II (15/30) - 2024/10/18 15:20:13 CET [2024/10/18 9:20:13 ET]
Table '3813306025 1' 3-max Seat #1 is the button
Seat 1: ygfz1n (940 in chips) 
Seat 2: Mahu2021 (560 in chips) 
ygfz1n: posts small blind 15
Mahu2021: posts big blind 30
*** HOLE CARDS ***
Dealt to Mahu2021 [8c 2h]
ygfz1n: raises 30 to 60
Mahu2021: folds 
Uncalled bet (30) returned to ygfz1n
ygfz1n collected 60 from pot
ygfz1n: doesn't show hand 
*** SUMMARY ***
Total pot 60 | Rake 0 
Seat 1: ygfz1n (button) (small blind) collected (60)
Seat 2: Mahu2021 (big blind) folded before Flop



PokerStars Hand #252985260496: Tournament #3813306025, $1.84+$0.16 USD Hold'em No Limit - Level II (15/30) - 2024/10/18 15:20:19 CET [2024/10/18 9:20:19 ET]
Table '3813306025 1' 3-max Seat #2 is the button
Seat 1: ygfz1n (970 in chips) 
Seat 2: Mahu2021 (530 in chips) 
Mahu2021: posts small blind 15
ygfz1n: posts big blind 30
*** HOLE CARDS ***
Dealt to Mahu2021 [5c Ks]
Mahu2021: raises 30 to 60
ygfz1n: calls 30
*** FLOP *** [4s 6c Td]
ygfz1n: checks 
Mahu2021: checks 
*** TURN *** [4s 6c Td] [Kd]
ygfz1n: checks 
Mahu2021: bets 60
ygfz1n: calls 60
*** RIVER *** [4s 6c Td Kd] [3d]
ygfz1n: bets 180
Mahu2021: folds 
Uncalled bet (180) returned to ygfz1n
ygfz1n collected 240 from pot
ygfz1n: doesn't show hand 
*** SUMMARY ***
Total pot 240 | Rake 0 
Board [4s 6c Td Kd 3d]
Seat 1: ygfz1n (big blind) collected (240)
Seat 2: Mahu2021 (button) (small blind) folded on the River



PokerStars Hand #252985267760: Tournament #3813306025, $1.84+$0.16 USD Hold'em No Limit - Level II (15/30) - 2024/10/18 15:21:01 CET [2024/10/18 9:21:01 ET]
Table '3813306025 1' 3-max Seat #1 is the button
Seat 1: ygfz1n (1090 in chips) 
Seat 2: Mahu2021 (410 in chips) 
ygfz1n: posts small blind 15
Mahu2021: posts big blind 30
*** HOLE CARDS ***
Dealt to Mahu2021 [Tc Kh]
ygfz1n: folds 
Uncalled bet (15) returned to Mahu2021
Mahu2021 collected 30 from pot
Mahu2021: doesn't show hand 
*** SUMMARY ***
Total pot 30 | Rake 0 
Seat 1: ygfz1n (button) (small blind) folded before Flop
Seat 2: Mahu2021 (big blind) collected (30)



PokerStars Hand #252985268577: Tournament #3813306025, $1.84+$0.16 USD Hold'em No Limit - Level II (15/30) - 2024/10/18 15:21:06 CET [2024/10/18 9:21:06 ET]
Table '3813306025 1' 3-max Seat #2 is the button
Seat 1: ygfz1n (1075 in chips) 
Seat 2: Mahu2021 (425 in chips) 
Mahu2021: posts small blind 15
ygfz1n: posts big blind 30
*** HOLE CARDS ***
Dealt to Mahu2021 [2h 3h]
Mahu2021: calls 15
ygfz1n: checks 
*** FLOP *** [Th Jd Qc]
ygfz1n: checks 
Mahu2021: bets 30
ygfz1n: raises 60 to 90
Mahu2021: folds 
Uncalled bet (60) returned to ygfz1n
ygfz1n collected 120 from pot
ygfz1n: doesn't show hand 
*** SUMMARY ***
Total pot 120 | Rake 0 
Board [Th Jd Qc]
Seat 1: ygfz1n (big blind) collected (120)
Seat 2: Mahu2021 (button) (small blind) folded on the Flop



PokerStars Hand #252985271881: Tournament #3813306025, $1.84+$0.16 USD Hold'em No Limit - Level II (15/30) - 2024/10/18 15:21:25 CET [2024/10/18 9:21:25 ET]
Table '3813306025 1' 3-max Seat #1 is the button
Seat 1: ygfz1n (1135 in chips) 
Seat 2: Mahu2021 (365 in chips) 
ygfz1n: posts small blind 15
Mahu2021: posts big blind 30
*** HOLE CARDS ***
Dealt to Mahu2021 [Qd 8c]
ygfz1n: calls 15
Mahu2021: raises 335 to 365 and is all-in
ygfz1n: folds 
Uncalled bet (335) returned to Mahu2021
Mahu2021 collected 60 from pot
Mahu2021: doesn't show hand 
*** SUMMARY ***
Total pot 60 | Rake 0 
Seat 1: ygfz1n (button) (small blind) folded before Flop
Seat 2: Mahu2021 (big blind) collected (60)



PokerStars Hand #252985273739: Tournament #3813306025, $1.84+$0.16 USD Hold'em No Limit - Level II (15/30) - 2024/10/18 15:21:35 CET [2024/10/18 9:21:35 ET]
Table '3813306025 1' 3-max Seat #2 is the button
Seat 1: ygfz1n (1105 in chips) 
Seat 2: Mahu2021 (395 in chips) 
Mahu2021: posts small blind 15
ygfz1n: posts big blind 30
*** HOLE CARDS ***
Dealt to Mahu2021 [Kh Td]
Mahu2021: raises 30 to 60
ygfz1n: raises 1045 to 1105 and is all-in
Mahu2021: calls 335 and is all-in
Uncalled bet (710) returned to ygfz1n
*** FLOP *** [2d Qs 3d]
*** TURN *** [2d Qs 3d] [7s]
*** RIVER *** [2d Qs 3d 7s] [9s]
*** SHOW DOWN ***
ygfz1n: shows [5d 5h] (a pair of Fives)
Mahu2021: shows [Kh Td] (high card King)
ygfz1n collected 790 from pot
Mahu2021 finished the tournament in 2nd place
ygfz1n wins the tournament and receives $6.00 - congratulations!
*** SUMMARY ***
Total pot 790 | Rake 0 
Board [2d Qs 3d 7s 9s]
Seat 1: ygfz1n (big blind) showed [5d 5h] and won (790) with a pair of Fives
Seat 2: Mahu2021 (button) (small blind) showed [Kh Td] and lost with high card King



