PokerStars Hand #249700152066: Tournament #3735426971, $1.84+$0.16 USD Hold'em No Limit - Level I (10/20) - 2024/03/30 8:18:32 CET [2024/03/30 3:18:32 ET]
Table '3735426971 1' 3-max Seat #1 is the button
Seat 1: Mahu2021 (500 in chips) 
Seat 2: JMS976 (500 in chips) 
Seat 3: sarmiento51 (500 in chips) 
JMS976: posts small blind 10
sarmiento51: posts big blind 20
*** HOLE CARDS ***
Dealt to Mahu2021 [Td 2d]
Mahu2021: folds 
JMS976: calls 10
sarmiento51: raises 20 to 40
JMS976: calls 20
*** FLOP *** [6h 4d Ts]
JMS976: checks 
sarmiento51: bets 20
JMS976: calls 20
*** TURN *** [6h 4d Ts] [2h]
JMS976: bets 60
sarmiento51: calls 60
*** RIVER *** [6h 4d Ts 2h] [4h]
JMS976: bets 120
sarmiento51: raises 260 to 380 and is all-in
JMS976: folds 
Uncalled bet (260) returned to sarmiento51
sarmiento51 collected 480 from pot
sarmiento51: doesn't show hand 
*** SUMMARY ***
Total pot 480 | Rake 0 
Board [6h 4d Ts 2h 4h]
Seat 1: Mahu2021 (button) folded before Flop (didn't bet)
Seat 2: JMS976 (small blind) folded on the River
Seat 3: sarmiento51 (big blind) collected (480)



PokerStars Hand #249700160121: Tournament #3735426971, $1.84+$0.16 USD Hold'em No Limit - Level I (10/20) - 2024/03/30 8:19:57 CET [2024/03/30 3:19:57 ET]
Table '3735426971 1' 3-max Seat #2 is the button
Seat 1: Mahu2021 (500 in chips) 
Seat 2: JMS976 (260 in chips) 
Seat 3: sarmiento51 (740 in chips) 
sarmiento51: posts small blind 10
Mahu2021: posts big blind 20
*** HOLE CARDS ***
Dealt to Mahu2021 [3s 5d]
JMS976: raises 20 to 40
sarmiento51: folds 
Mahu2021: calls 20
*** FLOP *** [Kc Jd As]
Mahu2021: checks 
JMS976: checks 
*** TURN *** [Kc Jd As] [7s]
Mahu2021: checks 
JMS976: bets 20
Mahu2021: folds 
Uncalled bet (20) returned to JMS976
JMS976 collected 90 from pot
JMS976: doesn't show hand 
*** SUMMARY ***
Total pot 90 | Rake 0 
Board [Kc Jd As 7s]
Seat 1: Mahu2021 (big blind) folded on the Turn
Seat 2: JMS976 (button) collected (90)
Seat 3: sarmiento51 (small blind) folded before Flop



PokerStars Hand #249700162577: Tournament #3735426971, $1.84+$0.16 USD Hold'em No Limit - Level I (10/20) - 2024/03/30 8:20:23 CET [2024/03/30 3:20:23 ET]
Table '3735426971 1' 3-max Seat #3 is the button
Seat 1: Mahu2021 (460 in chips) 
Seat 2: JMS976 (310 in chips) 
Seat 3: sarmiento51 (730 in chips) 
Mahu2021: posts small blind 10
JMS976: posts big blind 20
*** HOLE CARDS ***
Dealt to Mahu2021 [9d 2h]
sarmiento51: raises 20 to 40
Mahu2021: folds 
JMS976: calls 20
*** FLOP *** [3d 3c Jh]
JMS976: bets 40
sarmiento51: raises 40 to 80
JMS976: calls 40
*** TURN *** [3d 3c Jh] [Kc]
JMS976: checks 
sarmiento51: checks 
*** RIVER *** [3d 3c Jh Kc] [3s]
JMS976: bets 190 and is all-in
sarmiento51: calls 190
*** SHOW DOWN ***
JMS976: shows [Js 7h] (a full house, Threes full of Jacks)
sarmiento51: shows [Ad Tc] (three of a kind, Threes)
JMS976 collected 630 from pot
*** SUMMARY ***
Total pot 630 | Rake 0 
Board [3d 3c Jh Kc 3s]
Seat 1: Mahu2021 (small blind) folded before Flop
Seat 2: JMS976 (big blind) showed [Js 7h] and won (630) with a full house, Threes full of Jacks
Seat 3: sarmiento51 (button) showed [Ad Tc] and lost with three of a kind, Threes



PokerStars Hand #249700166761: Tournament #3735426971, $1.84+$0.16 USD Hold'em No Limit - Level I (10/20) - 2024/03/30 8:21:07 CET [2024/03/30 3:21:07 ET]
Table '3735426971 1' 3-max Seat #1 is the button
Seat 1: Mahu2021 (450 in chips) 
Seat 2: JMS976 (630 in chips) 
Seat 3: sarmiento51 (420 in chips) 
JMS976: posts small blind 10
sarmiento51: posts big blind 20
*** HOLE CARDS ***
Dealt to Mahu2021 [4c Td]
Mahu2021: folds 
JMS976: calls 10
sarmiento51: checks 
*** FLOP *** [7d 3h Ac]
JMS976: checks 
sarmiento51: checks 
*** TURN *** [7d 3h Ac] [9c]
JMS976: bets 20
sarmiento51: calls 20
*** RIVER *** [7d 3h Ac 9c] [5d]
JMS976: checks 
sarmiento51: bets 380 and is all-in
JMS976: calls 380
*** SHOW DOWN ***
sarmiento51: shows [2c 6c] (high card Ace)
JMS976: shows [As Jh] (a pair of Aces)
JMS976 collected 840 from pot
sarmiento51 finished the tournament in 3rd place
*** SUMMARY ***
Total pot 840 | Rake 0 
Board [7d 3h Ac 9c 5d]
Seat 1: Mahu2021 (button) folded before Flop (didn't bet)
Seat 2: JMS976 (small blind) showed [As Jh] and won (840) with a pair of Aces
Seat 3: sarmiento51 (big blind) showed [2c 6c] and lost with high card Ace



PokerStars Hand #249700171343: Tournament #3735426971, $1.84+$0.16 USD Hold'em No Limit - Level II (15/30) - 2024/03/30 8:21:55 CET [2024/03/30 3:21:55 ET]
Table '3735426971 1' 3-max Seat #2 is the button
Seat 1: Mahu2021 (450 in chips) 
Seat 2: JMS976 (1050 in chips) 
JMS976: posts small blind 15
Mahu2021: posts big blind 30
*** HOLE CARDS ***
Dealt to Mahu2021 [Tc Kd]
JMS976: calls 15
Mahu2021: checks 
*** FLOP *** [9s 9d 3c]
Mahu2021: checks 
JMS976: checks 
*** TURN *** [9s 9d 3c] [Js]
Mahu2021: checks 
JMS976: checks 
*** RIVER *** [9s 9d 3c Js] [8c]
Mahu2021: checks 
JMS976: checks 
*** SHOW DOWN ***
Mahu2021: shows [Tc Kd] (a pair of Nines)
JMS976: shows [As Td] (a pair of Nines - Ace kicker)
JMS976 collected 60 from pot
*** SUMMARY ***
Total pot 60 | Rake 0 
Board [9s 9d 3c Js 8c]
Seat 1: Mahu2021 (big blind) showed [Tc Kd] and lost with a pair of Nines
Seat 2: JMS976 (button) (small blind) showed [As Td] and won (60) with a pair of Nines



PokerStars Hand #249700173166: Tournament #3735426971, $1.84+$0.16 USD Hold'em No Limit - Level II (15/30) - 2024/03/30 8:22:15 CET [2024/03/30 3:22:15 ET]
Table '3735426971 1' 3-max Seat #1 is the button
Seat 1: Mahu2021 (420 in chips) 
Seat 2: JMS976 (1080 in chips) 
Mahu2021: posts small blind 15
JMS976: posts big blind 30
*** HOLE CARDS ***
Dealt to Mahu2021 [7h Ah]
Mahu2021: raises 30 to 60
JMS976: folds 
Uncalled bet (30) returned to Mahu2021
Mahu2021 collected 60 from pot
Mahu2021: doesn't show hand 
*** SUMMARY ***
Total pot 60 | Rake 0 
Seat 1: Mahu2021 (button) (small blind) collected (60)
Seat 2: JMS976 (big blind) folded before Flop



PokerStars Hand #249700173967: Tournament #3735426971, $1.84+$0.16 USD Hold'em No Limit - Level II (15/30) - 2024/03/30 8:22:23 CET [2024/03/30 3:22:23 ET]
Table '3735426971 1' 3-max Seat #2 is the button
Seat 1: Mahu2021 (450 in chips) 
Seat 2: JMS976 (1050 in chips) 
JMS976: posts small blind 15
Mahu2021: posts big blind 30
*** HOLE CARDS ***
Dealt to Mahu2021 [3d 7s]
JMS976: calls 15
Mahu2021: checks 
*** FLOP *** [Qs 4h Th]
Mahu2021: checks 
JMS976: bets 30
Mahu2021: folds 
Uncalled bet (30) returned to JMS976
JMS976 collected 60 from pot
JMS976: doesn't show hand 
*** SUMMARY ***
Total pot 60 | Rake 0 
Board [Qs 4h Th]
Seat 1: Mahu2021 (big blind) folded on the Flop
Seat 2: JMS976 (button) (small blind) collected (60)



PokerStars Hand #249700175299: Tournament #3735426971, $1.84+$0.16 USD Hold'em No Limit - Level II (15/30) - 2024/03/30 8:22:37 CET [2024/03/30 3:22:37 ET]
Table '3735426971 1' 3-max Seat #1 is the button
Seat 1: Mahu2021 (420 in chips) 
Seat 2: JMS976 (1080 in chips) 
Mahu2021: posts small blind 15
JMS976: posts big blind 30
*** HOLE CARDS ***
Dealt to Mahu2021 [3c 2s]
Mahu2021: folds 
Uncalled bet (15) returned to JMS976
JMS976 collected 30 from pot
JMS976: doesn't show hand 
*** SUMMARY ***
Total pot 30 | Rake 0 
Seat 1: Mahu2021 (button) (small blind) folded before Flop
Seat 2: JMS976 (big blind) collected (30)



PokerStars Hand #249700175708: Tournament #3735426971, $1.84+$0.16 USD Hold'em No Limit - Level II (15/30) - 2024/03/30 8:22:42 CET [2024/03/30 3:22:42 ET]
Table '3735426971 1' 3-max Seat #2 is the button
Seat 1: Mahu2021 (405 in chips) 
Seat 2: JMS976 (1095 in chips) 
JMS976: posts small blind 15
Mahu2021: posts big blind 30
*** HOLE CARDS ***
Dealt to Mahu2021 [8c 2h]
JMS976: calls 15
Mahu2021: checks 
*** FLOP *** [Kc 7d 9s]
Mahu2021: checks 
JMS976: bets 30
Mahu2021: folds 
Uncalled bet (30) returned to JMS976
JMS976 collected 60 from pot
JMS976: doesn't show hand 
*** SUMMARY ***
Total pot 60 | Rake 0 
Board [Kc 7d 9s]
Seat 1: Mahu2021 (big blind) folded on the Flop
Seat 2: JMS976 (button) (small blind) collected (60)



PokerStars Hand #249700176693: Tournament #3735426971, $1.84+$0.16 USD Hold'em No Limit - Level II (15/30) - 2024/03/30 8:22:52 CET [2024/03/30 3:22:52 ET]
Table '3735426971 1' 3-max Seat #1 is the button
Seat 1: Mahu2021 (375 in chips) 
Seat 2: JMS976 (1125 in chips) 
Mahu2021: posts small blind 15
JMS976: posts big blind 30
*** HOLE CARDS ***
Dealt to Mahu2021 [2d 9s]
Mahu2021: folds 
Uncalled bet (15) returned to JMS976
JMS976 collected 30 from pot
JMS976: doesn't show hand 
*** SUMMARY ***
Total pot 30 | Rake 0 
Seat 1: Mahu2021 (button) (small blind) folded before Flop
Seat 2: JMS976 (big blind) collected (30)



PokerStars Hand #249700177096: Tournament #3735426971, $1.84+$0.16 USD Hold'em No Limit - Level II (15/30) - 2024/03/30 8:22:56 CET [2024/03/30 3:22:56 ET]
Table '3735426971 1' 3-max Seat #2 is the button
Seat 1: Mahu2021 (360 in chips) 
Seat 2: JMS976 (1140 in chips) 
JMS976: posts small blind 15
Mahu2021: posts big blind 30
*** HOLE CARDS ***
Dealt to Mahu2021 [6s 3d]
JMS976: calls 15
Mahu2021: checks 
*** FLOP *** [7h 3h 6d]
Mahu2021: checks 
JMS976: bets 30
Mahu2021: calls 30
*** TURN *** [7h 3h 6d] [Qd]
Mahu2021: checks 
JMS976: checks 
*** RIVER *** [7h 3h 6d Qd] [9c]
Mahu2021: bets 120
JMS976: folds 
Uncalled bet (120) returned to Mahu2021
Mahu2021 collected 120 from pot
Mahu2021: doesn't show hand 
*** SUMMARY ***
Total pot 120 | Rake 0 
Board [7h 3h 6d Qd 9c]
Seat 1: Mahu2021 (big blind) collected (120)
Seat 2: JMS976 (button) (small blind) folded on the River



PokerStars Hand #249700179447: Tournament #3735426971, $1.84+$0.16 USD Hold'em No Limit - Level II (15/30) - 2024/03/30 8:23:21 CET [2024/03/30 3:23:21 ET]
Table '3735426971 1' 3-max Seat #1 is the button
Seat 1: Mahu2021 (420 in chips) 
Seat 2: JMS976 (1080 in chips) 
Mahu2021: posts small blind 15
JMS976: posts big blind 30
*** HOLE CARDS ***
Dealt to Mahu2021 [3d 8s]
Mahu2021: folds 
Uncalled bet (15) returned to JMS976
JMS976 collected 30 from pot
JMS976: doesn't show hand 
*** SUMMARY ***
Total pot 30 | Rake 0 
Seat 1: Mahu2021 (button) (small blind) folded before Flop
Seat 2: JMS976 (big blind) collected (30)



PokerStars Hand #249700179879: Tournament #3735426971, $1.84+$0.16 USD Hold'em No Limit - Level II (15/30) - 2024/03/30 8:23:26 CET [2024/03/30 3:23:26 ET]
Table '3735426971 1' 3-max Seat #2 is the button
Seat 1: Mahu2021 (405 in chips) 
Seat 2: JMS976 (1095 in chips) 
JMS976: posts small blind 15
Mahu2021: posts big blind 30
*** HOLE CARDS ***
Dealt to Mahu2021 [Qh Js]
JMS976: calls 15
Mahu2021: raises 60 to 90
JMS976: calls 60
*** FLOP *** [Qs 3s 5s]
Mahu2021: bets 180
JMS976: raises 825 to 1005 and is all-in
Mahu2021: calls 135 and is all-in
Uncalled bet (690) returned to JMS976
*** TURN *** [Qs 3s 5s] [2c]
*** RIVER *** [Qs 3s 5s 2c] [4c]
*** SHOW DOWN ***
Mahu2021: shows [Qh Js] (a pair of Queens)
JMS976: shows [8h Qd] (a pair of Queens - lower kicker)
Mahu2021 collected 810 from pot
*** SUMMARY ***
Total pot 810 | Rake 0 
Board [Qs 3s 5s 2c 4c]
Seat 1: Mahu2021 (big blind) showed [Qh Js] and won (810) with a pair of Queens
Seat 2: JMS976 (button) (small blind) showed [8h Qd] and lost with a pair of Queens



PokerStars Hand #249700181961: Tournament #3735426971, $1.84+$0.16 USD Hold'em No Limit - Level II (15/30) - 2024/03/30 8:23:48 CET [2024/03/30 3:23:48 ET]
Table '3735426971 1' 3-max Seat #1 is the button
Seat 1: Mahu2021 (810 in chips) 
Seat 2: JMS976 (690 in chips) 
Mahu2021: posts small blind 15
JMS976: posts big blind 30
*** HOLE CARDS ***
Dealt to Mahu2021 [Qs Tc]
Mahu2021: calls 15
JMS976: raises 60 to 90
Mahu2021: calls 60
*** FLOP *** [Jd 3s Kc]
JMS976: bets 60
Mahu2021: calls 60
*** TURN *** [Jd 3s Kc] [Ks]
JMS976: checks 
Mahu2021: bets 180
JMS976: raises 180 to 360
Mahu2021: raises 300 to 660 and is all-in
JMS976: calls 180 and is all-in
Uncalled bet (120) returned to Mahu2021
*** RIVER *** [Jd 3s Kc Ks] [2c]
*** SHOW DOWN ***
JMS976: shows [Kd 2s] (a full house, Kings full of Deuces)
Mahu2021: shows [Qs Tc] (a pair of Kings)
JMS976 collected 1380 from pot
*** SUMMARY ***
Total pot 1380 | Rake 0 
Board [Jd 3s Kc Ks 2c]
Seat 1: Mahu2021 (button) (small blind) showed [Qs Tc] and lost with a pair of Kings
Seat 2: JMS976 (big blind) showed [Kd 2s] and won (1380) with a full house, Kings full of Deuces



PokerStars Hand #249700186817: Tournament #3735426971, $1.84+$0.16 USD Hold'em No Limit - Level III (20/40) - 2024/03/30 8:24:38 CET [2024/03/30 3:24:38 ET]
Table '3735426971 1' 3-max Seat #2 is the button
Seat 1: Mahu2021 (120 in chips) 
Seat 2: JMS976 (1380 in chips) 
JMS976: posts small blind 20
Mahu2021: posts big blind 40
*** HOLE CARDS ***
Dealt to Mahu2021 [3d 9h]
JMS976: calls 20
Mahu2021: checks 
*** FLOP *** [Kh 3s Th]
Mahu2021: bets 80 and is all-in
JMS976: calls 80
*** TURN *** [Kh 3s Th] [Qc]
*** RIVER *** [Kh 3s Th Qc] [9s]
*** SHOW DOWN ***
Mahu2021: shows [3d 9h] (two pair, Nines and Threes)
JMS976: shows [Ks 5d] (a pair of Kings)
Mahu2021 collected 240 from pot
*** SUMMARY ***
Total pot 240 | Rake 0 
Board [Kh 3s Th Qc 9s]
Seat 1: Mahu2021 (big blind) showed [3d 9h] and won (240) with two pair, Nines and Threes
Seat 2: JMS976 (button) (small blind) showed [Ks 5d] and lost with a pair of Kings



PokerStars Hand #249700188548: Tournament #3735426971, $1.84+$0.16 USD Hold'em No Limit - Level III (20/40) - 2024/03/30 8:24:56 CET [2024/03/30 3:24:56 ET]
Table '3735426971 1' 3-max Seat #1 is the button
Seat 1: Mahu2021 (240 in chips) 
Seat 2: JMS976 (1260 in chips) 
Mahu2021: posts small blind 20
JMS976: posts big blind 40
*** HOLE CARDS ***
Dealt to Mahu2021 [9d 9s]
Mahu2021: calls 20
JMS976: checks 
*** FLOP *** [Jh Td Jc]
JMS976: checks 
Mahu2021: bets 200 and is all-in
JMS976: folds 
Uncalled bet (200) returned to Mahu2021
Mahu2021 collected 80 from pot
Mahu2021: doesn't show hand 
*** SUMMARY ***
Total pot 80 | Rake 0 
Board [Jh Td Jc]
Seat 1: Mahu2021 (button) (small blind) collected (80)
Seat 2: JMS976 (big blind) folded on the Flop



PokerStars Hand #249700190107: Tournament #3735426971, $1.84+$0.16 USD Hold'em No Limit - Level III (20/40) - 2024/03/30 8:25:13 CET [2024/03/30 3:25:13 ET]
Table '3735426971 1' 3-max Seat #2 is the button
Seat 1: Mahu2021 (280 in chips) 
Seat 2: JMS976 (1220 in chips) 
JMS976: posts small blind 20
Mahu2021: posts big blind 40
*** HOLE CARDS ***
Dealt to Mahu2021 [2d 5c]
JMS976: calls 20
Mahu2021: checks 
*** FLOP *** [8s 9c Qh]
Mahu2021: checks 
JMS976: bets 40
Mahu2021: folds 
Uncalled bet (40) returned to JMS976
JMS976 collected 80 from pot
JMS976: doesn't show hand 
*** SUMMARY ***
Total pot 80 | Rake 0 
Board [8s 9c Qh]
Seat 1: Mahu2021 (big blind) folded on the Flop
Seat 2: JMS976 (button) (small blind) collected (80)



PokerStars Hand #249700191322: Tournament #3735426971, $1.84+$0.16 USD Hold'em No Limit - Level III (20/40) - 2024/03/30 8:25:25 CET [2024/03/30 3:25:25 ET]
Table '3735426971 1' 3-max Seat #1 is the button
Seat 1: Mahu2021 (240 in chips) 
Seat 2: JMS976 (1260 in chips) 
Mahu2021: posts small blind 20
JMS976: posts big blind 40
*** HOLE CARDS ***
Dealt to Mahu2021 [Qh 8c]
Mahu2021: calls 20
JMS976: checks 
*** FLOP *** [7d 9s 2s]
JMS976: checks 
Mahu2021: checks 
*** TURN *** [7d 9s 2s] [5c]
JMS976: bets 40
Mahu2021: calls 40
*** RIVER *** [7d 9s 2s 5c] [Ad]
JMS976: checks 
Mahu2021: checks 
*** SHOW DOWN ***
JMS976: shows [5h 2c] (two pair, Fives and Deuces)
Mahu2021: mucks hand 
JMS976 collected 160 from pot
*** SUMMARY ***
Total pot 160 | Rake 0 
Board [7d 9s 2s 5c Ad]
Seat 1: Mahu2021 (button) (small blind) mucked [Qh 8c]
Seat 2: JMS976 (big blind) showed [5h 2c] and won (160) with two pair, Fives and Deuces



PokerStars Hand #249700193454: Tournament #3735426971, $1.84+$0.16 USD Hold'em No Limit - Level III (20/40) - 2024/03/30 8:25:48 CET [2024/03/30 3:25:48 ET]
Table '3735426971 1' 3-max Seat #2 is the button
Seat 1: Mahu2021 (160 in chips) 
Seat 2: JMS976 (1340 in chips) 
JMS976: posts small blind 20
Mahu2021: posts big blind 40
*** HOLE CARDS ***
Dealt to Mahu2021 [4c 3h]
JMS976: calls 20
Mahu2021: checks 
*** FLOP *** [Kd Js 4d]
Mahu2021: bets 120 and is all-in
JMS976: folds 
Uncalled bet (120) returned to Mahu2021
Mahu2021 collected 80 from pot
Mahu2021: doesn't show hand 
*** SUMMARY ***
Total pot 80 | Rake 0 
Board [Kd Js 4d]
Seat 1: Mahu2021 (big blind) collected (80)
Seat 2: JMS976 (button) (small blind) folded on the Flop



PokerStars Hand #249700194478: Tournament #3735426971, $1.84+$0.16 USD Hold'em No Limit - Level III (20/40) - 2024/03/30 8:25:58 CET [2024/03/30 3:25:58 ET]
Table '3735426971 1' 3-max Seat #1 is the button
Seat 1: Mahu2021 (200 in chips) 
Seat 2: JMS976 (1300 in chips) 
Mahu2021: posts small blind 20
JMS976: posts big blind 40
*** HOLE CARDS ***
Dealt to Mahu2021 [4d Tc]
Mahu2021: folds 
Uncalled bet (20) returned to JMS976
JMS976 collected 40 from pot
JMS976: doesn't show hand 
*** SUMMARY ***
Total pot 40 | Rake 0 
Seat 1: Mahu2021 (button) (small blind) folded before Flop
Seat 2: JMS976 (big blind) collected (40)



PokerStars Hand #249700194933: Tournament #3735426971, $1.84+$0.16 USD Hold'em No Limit - Level III (20/40) - 2024/03/30 8:26:03 CET [2024/03/30 3:26:03 ET]
Table '3735426971 1' 3-max Seat #2 is the button
Seat 1: Mahu2021 (180 in chips) 
Seat 2: JMS976 (1320 in chips) 
JMS976: posts small blind 20
Mahu2021: posts big blind 40
*** HOLE CARDS ***
Dealt to Mahu2021 [Jc 5h]
JMS976: folds 
Uncalled bet (20) returned to Mahu2021
Mahu2021 collected 40 from pot
Mahu2021: doesn't show hand 
*** SUMMARY ***
Total pot 40 | Rake 0 
Seat 1: Mahu2021 (big blind) collected (40)
Seat 2: JMS976 (button) (small blind) folded before Flop



PokerStars Hand #249700195454: Tournament #3735426971, $1.84+$0.16 USD Hold'em No Limit - Level III (20/40) - 2024/03/30 8:26:08 CET [2024/03/30 3:26:08 ET]
Table '3735426971 1' 3-max Seat #1 is the button
Seat 1: Mahu2021 (200 in chips) 
Seat 2: JMS976 (1300 in chips) 
Mahu2021: posts small blind 20
JMS976: posts big blind 40
*** HOLE CARDS ***
Dealt to Mahu2021 [6c 5c]
Mahu2021: calls 20
JMS976: checks 
*** FLOP *** [7s 4c Qs]
JMS976: bets 40
Mahu2021: calls 40
*** TURN *** [7s 4c Qs] [3c]
JMS976: checks 
Mahu2021: bets 40
JMS976: calls 40
*** RIVER *** [7s 4c Qs 3c] [9s]
JMS976: checks 
Mahu2021: bets 80 and is all-in
JMS976: folds 
Uncalled bet (80) returned to Mahu2021
Mahu2021 collected 240 from pot
Mahu2021: doesn't show hand 
*** SUMMARY ***
Total pot 240 | Rake 0 
Board [7s 4c Qs 3c 9s]
Seat 1: Mahu2021 (button) (small blind) collected (240)
Seat 2: JMS976 (big blind) folded on the River



PokerStars Hand #249700199371: Tournament #3735426971, $1.84+$0.16 USD Hold'em No Limit - Level III (20/40) - 2024/03/30 8:26:50 CET [2024/03/30 3:26:50 ET]
Table '3735426971 1' 3-max Seat #2 is the button
Seat 1: Mahu2021 (320 in chips) 
Seat 2: JMS976 (1180 in chips) 
JMS976: posts small blind 20
Mahu2021: posts big blind 40
*** HOLE CARDS ***
Dealt to Mahu2021 [7h 8h]
JMS976: raises 40 to 80
Mahu2021: calls 40
*** FLOP *** [Th 3c 7c]
Mahu2021: bets 240 and is all-in
JMS976: calls 240
*** TURN *** [Th 3c 7c] [2d]
*** RIVER *** [Th 3c 7c 2d] [9h]
*** SHOW DOWN ***
Mahu2021: shows [7h 8h] (a pair of Sevens)
JMS976: shows [Kd 8c] (high card King)
Mahu2021 collected 640 from pot
*** SUMMARY ***
Total pot 640 | Rake 0 
Board [Th 3c 7c 2d 9h]
Seat 1: Mahu2021 (big blind) showed [7h 8h] and won (640) with a pair of Sevens
Seat 2: JMS976 (button) (small blind) showed [Kd 8c] and lost with high card King



PokerStars Hand #249700201587: Tournament #3735426971, $1.84+$0.16 USD Hold'em No Limit - Level III (20/40) - 2024/03/30 8:27:12 CET [2024/03/30 3:27:12 ET]
Table '3735426971 1' 3-max Seat #1 is the button
Seat 1: Mahu2021 (640 in chips) 
Seat 2: JMS976 (860 in chips) 
Mahu2021: posts small blind 20
JMS976: posts big blind 40
*** HOLE CARDS ***
Dealt to Mahu2021 [2s 8s]
Mahu2021: folds 
Uncalled bet (20) returned to JMS976
JMS976 collected 40 from pot
JMS976: doesn't show hand 
*** SUMMARY ***
Total pot 40 | Rake 0 
Seat 1: Mahu2021 (button) (small blind) folded before Flop
Seat 2: JMS976 (big blind) collected (40)



PokerStars Hand #249700202021: Tournament #3735426971, $1.84+$0.16 USD Hold'em No Limit - Level III (20/40) - 2024/03/30 8:27:17 CET [2024/03/30 3:27:17 ET]
Table '3735426971 1' 3-max Seat #2 is the button
Seat 1: Mahu2021 (620 in chips) 
Seat 2: JMS976 (880 in chips) 
JMS976: posts small blind 20
Mahu2021: posts big blind 40
*** HOLE CARDS ***
Dealt to Mahu2021 [5s Qd]
JMS976: raises 40 to 80
Mahu2021: calls 40
*** FLOP *** [8h 5h Ks]
Mahu2021: checks 
JMS976: bets 80
Mahu2021: folds 
Uncalled bet (80) returned to JMS976
JMS976 collected 160 from pot
JMS976: doesn't show hand 
*** SUMMARY ***
Total pot 160 | Rake 0 
Board [8h 5h Ks]
Seat 1: Mahu2021 (big blind) folded on the Flop
Seat 2: JMS976 (button) (small blind) collected (160)



PokerStars Hand #249700203124: Tournament #3735426971, $1.84+$0.16 USD Hold'em No Limit - Level III (20/40) - 2024/03/30 8:27:28 CET [2024/03/30 3:27:28 ET]
Table '3735426971 1' 3-max Seat #1 is the button
Seat 1: Mahu2021 (540 in chips) 
Seat 2: JMS976 (960 in chips) 
Mahu2021: posts small blind 20
JMS976: posts big blind 40
*** HOLE CARDS ***
Dealt to Mahu2021 [Kd 7c]
Mahu2021: raises 40 to 80
JMS976: raises 880 to 960 and is all-in
Mahu2021: calls 460 and is all-in
Uncalled bet (420) returned to JMS976
*** FLOP *** [Ks 7d Qd]
*** TURN *** [Ks 7d Qd] [4s]
*** RIVER *** [Ks 7d Qd 4s] [2d]
*** SHOW DOWN ***
JMS976: shows [6s 6h] (a pair of Sixes)
Mahu2021: shows [Kd 7c] (two pair, Kings and Sevens)
Mahu2021 collected 1080 from pot
*** SUMMARY ***
Total pot 1080 | Rake 0 
Board [Ks 7d Qd 4s 2d]
Seat 1: Mahu2021 (button) (small blind) showed [Kd 7c] and won (1080) with two pair, Kings and Sevens
Seat 2: JMS976 (big blind) showed [6s 6h] and lost with a pair of Sixes



PokerStars Hand #249700204909: Tournament #3735426971, $1.84+$0.16 USD Hold'em No Limit - Level IV (30/60) - 2024/03/30 8:27:47 CET [2024/03/30 3:27:47 ET]
Table '3735426971 1' 3-max Seat #2 is the button
Seat 1: Mahu2021 (1080 in chips) 
Seat 2: JMS976 (420 in chips) 
JMS976: posts small blind 30
Mahu2021: posts big blind 60
*** HOLE CARDS ***
Dealt to Mahu2021 [8d 6c]
JMS976: calls 30
Mahu2021: checks 
*** FLOP *** [Jd 7h As]
Mahu2021: checks 
JMS976: checks 
*** TURN *** [Jd 7h As] [4s]
Mahu2021: bets 60
JMS976: calls 60
*** RIVER *** [Jd 7h As 4s] [8c]
Mahu2021: checks 
JMS976: bets 60
Mahu2021: calls 60
*** SHOW DOWN ***
JMS976: shows [Js 2d] (a pair of Jacks)
Mahu2021: mucks hand 
JMS976 collected 360 from pot
*** SUMMARY ***
Total pot 360 | Rake 0 
Board [Jd 7h As 4s 8c]
Seat 1: Mahu2021 (big blind) mucked [8d 6c]
Seat 2: JMS976 (button) (small blind) showed [Js 2d] and won (360) with a pair of Jacks



PokerStars Hand #249700206988: Tournament #3735426971, $1.84+$0.16 USD Hold'em No Limit - Level IV (30/60) - 2024/03/30 8:28:09 CET [2024/03/30 3:28:09 ET]
Table '3735426971 1' 3-max Seat #1 is the button
Seat 1: Mahu2021 (900 in chips) 
Seat 2: JMS976 (600 in chips) 
Mahu2021: posts small blind 30
JMS976: posts big blind 60
*** HOLE CARDS ***
Dealt to Mahu2021 [8h Kh]
Mahu2021: raises 60 to 120
JMS976: raises 120 to 240
Mahu2021: calls 120
*** FLOP *** [9d 3s 6s]
JMS976: bets 360 and is all-in
Mahu2021: folds 
Uncalled bet (360) returned to JMS976
JMS976 collected 480 from pot
JMS976: doesn't show hand 
*** SUMMARY ***
Total pot 480 | Rake 0 
Board [9d 3s 6s]
Seat 1: Mahu2021 (button) (small blind) folded on the Flop
Seat 2: JMS976 (big blind) collected (480)



PokerStars Hand #249700208951: Tournament #3735426971, $1.84+$0.16 USD Hold'em No Limit - Level IV (30/60) - 2024/03/30 8:28:28 CET [2024/03/30 3:28:28 ET]
Table '3735426971 1' 3-max Seat #2 is the button
Seat 1: Mahu2021 (660 in chips) 
Seat 2: JMS976 (840 in chips) 
JMS976: posts small blind 30
Mahu2021: posts big blind 60
*** HOLE CARDS ***
Dealt to Mahu2021 [8c 4c]
JMS976: calls 30
Mahu2021: checks 
*** FLOP *** [Ad 5s 4s]
Mahu2021: checks 
JMS976: checks 
*** TURN *** [Ad 5s 4s] [Ah]
Mahu2021: bets 60
JMS976: calls 60
*** RIVER *** [Ad 5s 4s Ah] [2h]
Mahu2021: bets 60
JMS976: calls 60
*** SHOW DOWN ***
Mahu2021: shows [8c 4c] (two pair, Aces and Fours)
JMS976: mucks hand 
Mahu2021 collected 360 from pot
*** SUMMARY ***
Total pot 360 | Rake 0 
Board [Ad 5s 4s Ah 2h]
Seat 1: Mahu2021 (big blind) showed [8c 4c] and won (360) with two pair, Aces and Fours
Seat 2: JMS976 (button) (small blind) mucked [Qh 7c]



PokerStars Hand #249700211781: Tournament #3735426971, $1.84+$0.16 USD Hold'em No Limit - Level IV (30/60) - 2024/03/30 8:28:58 CET [2024/03/30 3:28:58 ET]
Table '3735426971 1' 3-max Seat #1 is the button
Seat 1: Mahu2021 (840 in chips) 
Seat 2: JMS976 (660 in chips) 
Mahu2021: posts small blind 30
JMS976: posts big blind 60
*** HOLE CARDS ***
Dealt to Mahu2021 [3h 7d]
Mahu2021: folds 
Uncalled bet (30) returned to JMS976
JMS976 collected 60 from pot
JMS976: doesn't show hand 
*** SUMMARY ***
Total pot 60 | Rake 0 
Seat 1: Mahu2021 (button) (small blind) folded before Flop
Seat 2: JMS976 (big blind) collected (60)



PokerStars Hand #249700212210: Tournament #3735426971, $1.84+$0.16 USD Hold'em No Limit - Level IV (30/60) - 2024/03/30 8:29:03 CET [2024/03/30 3:29:03 ET]
Table '3735426971 1' 3-max Seat #2 is the button
Seat 1: Mahu2021 (810 in chips) 
Seat 2: JMS976 (690 in chips) 
JMS976: posts small blind 30
Mahu2021: posts big blind 60
*** HOLE CARDS ***
Dealt to Mahu2021 [4s 7c]
JMS976: raises 60 to 120
Mahu2021: folds 
Uncalled bet (60) returned to JMS976
JMS976 collected 120 from pot
JMS976: doesn't show hand 
*** SUMMARY ***
Total pot 120 | Rake 0 
Seat 1: Mahu2021 (big blind) folded before Flop
Seat 2: JMS976 (button) (small blind) collected (120)



PokerStars Hand #249700212825: Tournament #3735426971, $1.84+$0.16 USD Hold'em No Limit - Level IV (30/60) - 2024/03/30 8:29:09 CET [2024/03/30 3:29:09 ET]
Table '3735426971 1' 3-max Seat #1 is the button
Seat 1: Mahu2021 (750 in chips) 
Seat 2: JMS976 (750 in chips) 
Mahu2021: posts small blind 30
JMS976: posts big blind 60
*** HOLE CARDS ***
Dealt to Mahu2021 [2c 4s]
Mahu2021: folds 
Uncalled bet (30) returned to JMS976
JMS976 collected 60 from pot
JMS976: doesn't show hand 
*** SUMMARY ***
Total pot 60 | Rake 0 
Seat 1: Mahu2021 (button) (small blind) folded before Flop
Seat 2: JMS976 (big blind) collected (60)



PokerStars Hand #249700213252: Tournament #3735426971, $1.84+$0.16 USD Hold'em No Limit - Level IV (30/60) - 2024/03/30 8:29:13 CET [2024/03/30 3:29:13 ET]
Table '3735426971 1' 3-max Seat #2 is the button
Seat 1: Mahu2021 (720 in chips) 
Seat 2: JMS976 (780 in chips) 
JMS976: posts small blind 30
Mahu2021: posts big blind 60
*** HOLE CARDS ***
Dealt to Mahu2021 [5d Ts]
JMS976: raises 60 to 120
Mahu2021: folds 
Uncalled bet (60) returned to JMS976
JMS976 collected 120 from pot
JMS976: doesn't show hand 
*** SUMMARY ***
Total pot 120 | Rake 0 
Seat 1: Mahu2021 (big blind) folded before Flop
Seat 2: JMS976 (button) (small blind) collected (120)



PokerStars Hand #249700213859: Tournament #3735426971, $1.84+$0.16 USD Hold'em No Limit - Level IV (30/60) - 2024/03/30 8:29:19 CET [2024/03/30 3:29:19 ET]
Table '3735426971 1' 3-max Seat #1 is the button
Seat 1: Mahu2021 (660 in chips) 
Seat 2: JMS976 (840 in chips) 
Mahu2021: posts small blind 30
JMS976: posts big blind 60
*** HOLE CARDS ***
Dealt to Mahu2021 [Th 6h]
Mahu2021: raises 60 to 120
JMS976: raises 720 to 840 and is all-in
Mahu2021: folds 
Uncalled bet (720) returned to JMS976
JMS976 collected 240 from pot
JMS976: doesn't show hand 
*** SUMMARY ***
Total pot 240 | Rake 0 
Seat 1: Mahu2021 (button) (small blind) folded before Flop
Seat 2: JMS976 (big blind) collected (240)



PokerStars Hand #249700214897: Tournament #3735426971, $1.84+$0.16 USD Hold'em No Limit - Level IV (30/60) - 2024/03/30 8:29:30 CET [2024/03/30 3:29:30 ET]
Table '3735426971 1' 3-max Seat #2 is the button
Seat 1: Mahu2021 (540 in chips) 
Seat 2: JMS976 (960 in chips) 
JMS976: posts small blind 30
Mahu2021: posts big blind 60
*** HOLE CARDS ***
Dealt to Mahu2021 [5d 4d]
JMS976: raises 60 to 120
Mahu2021: calls 60
*** FLOP *** [Qs Tc 5s]
Mahu2021: bets 420 and is all-in
JMS976: folds 
Uncalled bet (420) returned to Mahu2021
Mahu2021 collected 240 from pot
Mahu2021: doesn't show hand 
*** SUMMARY ***
Total pot 240 | Rake 0 
Board [Qs Tc 5s]
Seat 1: Mahu2021 (big blind) collected (240)
Seat 2: JMS976 (button) (small blind) folded on the Flop



PokerStars Hand #249700216102: Tournament #3735426971, $1.84+$0.16 USD Hold'em No Limit - Level IV (30/60) - 2024/03/30 8:29:43 CET [2024/03/30 3:29:43 ET]
Table '3735426971 1' 3-max Seat #1 is the button
Seat 1: Mahu2021 (660 in chips) 
Seat 2: JMS976 (840 in chips) 
Mahu2021: posts small blind 30
JMS976: posts big blind 60
*** HOLE CARDS ***
Dealt to Mahu2021 [9c Ad]
Mahu2021: calls 30
JMS976: checks 
*** FLOP *** [7c 3d 6h]
JMS976: bets 60
Mahu2021: folds 
Uncalled bet (60) returned to JMS976
JMS976 collected 120 from pot
JMS976: doesn't show hand 
*** SUMMARY ***
Total pot 120 | Rake 0 
Board [7c 3d 6h]
Seat 1: Mahu2021 (button) (small blind) folded on the Flop
Seat 2: JMS976 (big blind) collected (120)



PokerStars Hand #249700217361: Tournament #3735426971, $1.84+$0.16 USD Hold'em No Limit - Level IV (30/60) - 2024/03/30 8:29:56 CET [2024/03/30 3:29:56 ET]
Table '3735426971 1' 3-max Seat #2 is the button
Seat 1: Mahu2021 (600 in chips) 
Seat 2: JMS976 (900 in chips) 
JMS976: posts small blind 30
Mahu2021: posts big blind 60
*** HOLE CARDS ***
Dealt to Mahu2021 [6c 7d]
JMS976: calls 30
Mahu2021: checks 
*** FLOP *** [3c 2c Kd]
Mahu2021: checks 
JMS976: checks 
*** TURN *** [3c 2c Kd] [9h]
Mahu2021: checks 
JMS976: checks 
*** RIVER *** [3c 2c Kd 9h] [8h]
Mahu2021: checks 
JMS976 has timed out
JMS976: checks 
*** SHOW DOWN ***
Mahu2021: shows [6c 7d] (high card King)
JMS976: mucks hand 
Mahu2021 collected 120 from pot
*** SUMMARY ***
Total pot 120 | Rake 0 
Board [3c 2c Kd 9h 8h]
Seat 1: Mahu2021 (big blind) showed [6c 7d] and won (120) with high card King
Seat 2: JMS976 (button) (small blind) mucked [5h 4d]



PokerStars Hand #249700220203: Tournament #3735426971, $1.84+$0.16 USD Hold'em No Limit - Level IV (30/60) - 2024/03/30 8:30:25 CET [2024/03/30 3:30:25 ET]
Table '3735426971 1' 3-max Seat #1 is the button
Seat 1: Mahu2021 (660 in chips) 
Seat 2: JMS976 (840 in chips) 
Mahu2021: posts small blind 30
JMS976: posts big blind 60
*** HOLE CARDS ***
Dealt to Mahu2021 [4d 4s]
Mahu2021: raises 600 to 660 and is all-in
JMS976: folds 
Uncalled bet (600) returned to Mahu2021
Mahu2021 collected 120 from pot
Mahu2021: doesn't show hand 
*** SUMMARY ***
Total pot 120 | Rake 0 
Seat 1: Mahu2021 (button) (small blind) collected (120)
Seat 2: JMS976 (big blind) folded before Flop



PokerStars Hand #249700221303: Tournament #3735426971, $1.84+$0.16 USD Hold'em No Limit - Level V (40/80) - 2024/03/30 8:30:37 CET [2024/03/30 3:30:37 ET]
Table '3735426971 1' 3-max Seat #2 is the button
Seat 1: Mahu2021 (720 in chips) 
Seat 2: JMS976 (780 in chips) 
JMS976: posts small blind 40
Mahu2021: posts big blind 80
*** HOLE CARDS ***
Dealt to Mahu2021 [4d 9c]
JMS976: calls 40
Mahu2021: checks 
*** FLOP *** [6h Jd Qc]
Mahu2021: checks 
JMS976: bets 80
Mahu2021: folds 
Uncalled bet (80) returned to JMS976
JMS976 collected 160 from pot
JMS976: doesn't show hand 
*** SUMMARY ***
Total pot 160 | Rake 0 
Board [6h Jd Qc]
Seat 1: Mahu2021 (big blind) folded on the Flop
Seat 2: JMS976 (button) (small blind) collected (160)



PokerStars Hand #249700222322: Tournament #3735426971, $1.84+$0.16 USD Hold'em No Limit - Level V (40/80) - 2024/03/30 8:30:47 CET [2024/03/30 3:30:47 ET]
Table '3735426971 1' 3-max Seat #1 is the button
Seat 1: Mahu2021 (640 in chips) 
Seat 2: JMS976 (860 in chips) 
Mahu2021: posts small blind 40
JMS976: posts big blind 80
*** HOLE CARDS ***
Dealt to Mahu2021 [Qc 8s]
Mahu2021: raises 80 to 160
JMS976: calls 80
*** FLOP *** [4h Qh 3d]
JMS976: bets 80
Mahu2021: raises 400 to 480 and is all-in
JMS976: folds 
Uncalled bet (400) returned to Mahu2021
Mahu2021 collected 480 from pot
Mahu2021: doesn't show hand 
*** SUMMARY ***
Total pot 480 | Rake 0 
Board [4h Qh 3d]
Seat 1: Mahu2021 (button) (small blind) collected (480)
Seat 2: JMS976 (big blind) folded on the Flop



PokerStars Hand #249700225375: Tournament #3735426971, $1.84+$0.16 USD Hold'em No Limit - Level V (40/80) - 2024/03/30 8:31:18 CET [2024/03/30 3:31:18 ET]
Table '3735426971 1' 3-max Seat #2 is the button
Seat 1: Mahu2021 (880 in chips) 
Seat 2: JMS976 (620 in chips) 
JMS976: posts small blind 40
Mahu2021: posts big blind 80
*** HOLE CARDS ***
Dealt to Mahu2021 [5c 6c]
JMS976: calls 40
Mahu2021: checks 
*** FLOP *** [As 9c Th]
Mahu2021: checks 
JMS976: bets 80
Mahu2021: folds 
Uncalled bet (80) returned to JMS976
JMS976 collected 160 from pot
JMS976: doesn't show hand 
*** SUMMARY ***
Total pot 160 | Rake 0 
Board [As 9c Th]
Seat 1: Mahu2021 (big blind) folded on the Flop
Seat 2: JMS976 (button) (small blind) collected (160)



PokerStars Hand #249700226850: Tournament #3735426971, $1.84+$0.16 USD Hold'em No Limit - Level V (40/80) - 2024/03/30 8:31:33 CET [2024/03/30 3:31:33 ET]
Table '3735426971 1' 3-max Seat #1 is the button
Seat 1: Mahu2021 (800 in chips) 
Seat 2: JMS976 (700 in chips) 
Mahu2021: posts small blind 40
JMS976: posts big blind 80
*** HOLE CARDS ***
Dealt to Mahu2021 [6h Jd]
Mahu2021: calls 40
JMS976: raises 80 to 160
Mahu2021: calls 80
*** FLOP *** [2h Ah Qh]
JMS976: bets 80
Mahu2021: folds 
Uncalled bet (80) returned to JMS976
JMS976 collected 320 from pot
JMS976: doesn't show hand 
*** SUMMARY ***
Total pot 320 | Rake 0 
Board [2h Ah Qh]
Seat 1: Mahu2021 (button) (small blind) folded on the Flop
Seat 2: JMS976 (big blind) collected (320)



PokerStars Hand #249700228365: Tournament #3735426971, $1.84+$0.16 USD Hold'em No Limit - Level V (40/80) - 2024/03/30 8:31:49 CET [2024/03/30 3:31:49 ET]
Table '3735426971 1' 3-max Seat #2 is the button
Seat 1: Mahu2021 (640 in chips) 
Seat 2: JMS976 (860 in chips) 
JMS976: posts small blind 40
Mahu2021: posts big blind 80
*** HOLE CARDS ***
Dealt to Mahu2021 [As 5d]
JMS976: raises 80 to 160
Mahu2021: raises 480 to 640 and is all-in
JMS976: calls 480
*** FLOP *** [5s 8s Ac]
*** TURN *** [5s 8s Ac] [6s]
*** RIVER *** [5s 8s Ac 6s] [7c]
*** SHOW DOWN ***
Mahu2021: shows [As 5d] (two pair, Aces and Fives)
JMS976: shows [Js Jd] (a pair of Jacks)
Mahu2021 collected 1280 from pot
*** SUMMARY ***
Total pot 1280 | Rake 0 
Board [5s 8s Ac 6s 7c]
Seat 1: Mahu2021 (big blind) showed [As 5d] and won (1280) with two pair, Aces and Fives
Seat 2: JMS976 (button) (small blind) showed [Js Jd] and lost with a pair of Jacks



PokerStars Hand #249700229798: Tournament #3735426971, $1.84+$0.16 USD Hold'em No Limit - Level V (40/80) - 2024/03/30 8:32:04 CET [2024/03/30 3:32:04 ET]
Table '3735426971 1' 3-max Seat #1 is the button
Seat 1: Mahu2021 (1280 in chips) 
Seat 2: JMS976 (220 in chips) 
Mahu2021: posts small blind 40
JMS976: posts big blind 80
*** HOLE CARDS ***
Dealt to Mahu2021 [5c Tc]
Mahu2021: folds 
Uncalled bet (40) returned to JMS976
JMS976 collected 80 from pot
JMS976: doesn't show hand 
*** SUMMARY ***
Total pot 80 | Rake 0 
Seat 1: Mahu2021 (button) (small blind) folded before Flop
Seat 2: JMS976 (big blind) collected (80)



PokerStars Hand #249700230255: Tournament #3735426971, $1.84+$0.16 USD Hold'em No Limit - Level V (40/80) - 2024/03/30 8:32:08 CET [2024/03/30 3:32:08 ET]
Table '3735426971 1' 3-max Seat #2 is the button
Seat 1: Mahu2021 (1240 in chips) 
Seat 2: JMS976 (260 in chips) 
JMS976: posts small blind 40
Mahu2021: posts big blind 80
*** HOLE CARDS ***
Dealt to Mahu2021 [8h As]
JMS976: calls 40
Mahu2021: raises 240 to 320
JMS976: calls 180 and is all-in
Uncalled bet (60) returned to Mahu2021
*** FLOP *** [8c 7s 9s]
*** TURN *** [8c 7s 9s] [Ks]
*** RIVER *** [8c 7s 9s Ks] [Kd]
*** SHOW DOWN ***
Mahu2021: shows [8h As] (two pair, Kings and Eights)
JMS976: shows [6d 7c] (two pair, Kings and Sevens)
Mahu2021 collected 520 from pot
JMS976 finished the tournament in 2nd place
Mahu2021 wins the tournament and receives $6.00 - congratulations!
*** SUMMARY ***
Total pot 520 | Rake 0 
Board [8c 7s 9s Ks Kd]
Seat 1: Mahu2021 (big blind) showed [8h As] and won (520) with two pair, Kings and Eights
Seat 2: JMS976 (button) (small blind) showed [6d 7c] and lost with two pair, Kings and Sevens



